<?xml version="1.0" encoding="UTF-8"?>
<!DOCTYPE html PUBLIC "-//W3C//DTD XHTML 1.0 Transitional//EN"
    "http://www.w3.org/TR/xhtml1/DTD/xhtml1-transitional.dtd">
<html xmlns="http://www.w3.org/1999/xhtml" xml:lang="en" lang="en">
 <head>
  <title>
</title>
<meta http-equiv="Content-Type" content="text/html;charset=utf-8" />
  <meta name='ocr-system' content='tesseract 3.04.00' />
  <meta name='ocr-capabilities' content='ocr_page ocr_carea ocr_par ocr_line ocrx_word'/>
</head>
<body>
  <div class='ocr_page' id='page_1' title='image "./commentariusinq00knabgoog_0124.png"; bbox 0 0 4116 5648; ppageno 0'>
   <div class='ocr_carea' id='block_1_1' title="bbox 341 617 1815 1672">
    <p class='ocr_par' dir='ltr' id='par_1_1' title="bbox 341 617 1815 1672">
     <span class='ocr_line' id='line_1_1' title="bbox 341 617 1742 723; baseline 0 -28"><span class='ocrx_word' id='word_1_1' title='bbox 341 617 343 620; x_wconf 35' lang='lat'>⁵</span> <span class='ocrx_word' id='word_1_2' title='bbox 413 632 520 695; x_wconf 89' lang='lat' dir='ltr'>lesum</span> <span class='ocrx_word' id='word_1_3' title='bbox 542 630 575 691; x_wconf 91' lang='lat' dir='ltr'>et</span> <span class='ocrx_word' id='word_1_4' title='bbox 596 627 791 717; x_wconf 83' lang='lat' dir='ltr'><strong>Philippum</strong></span> <span class='ocrx_word' id='word_1_5' title='bbox 817 630 949 723; x_wconf 79' lang='lat' dir='ltr'>motum</span> <span class='ocrx_word' id='word_1_6' title='bbox 973 648 1046 695; x_wconf 89' lang='lat' dir='ltr'>esse</span> <span class='ocrx_word' id='word_1_7' title='bbox 1063 626 1109 694; x_wconf 90' lang='lat' dir='ltr'>ad</span> <span class='ocrx_word' id='word_1_8' title='bbox 1129 624 1363 717; x_wconf 51' lang='lat' dir='ltr'>sequendumf</span> <span class='ocrx_word' id='word_1_9' title='bbox 1384 626 1467 718; x_wconf 88' lang='lat' dir='ltr'>quia</span> <span class='ocrx_word' id='word_1_10' title='bbox 1490 624 1642 691; x_wconf 82' lang='lat' dir='ltr'><strong>concives</strong></span> <span class='ocrx_word' id='word_1_11' title='bbox 1665 650 1742 695; x_wconf 91' lang='lat' dir='ltr'>suos</span> 
     </span>
     <span class='ocr_line' id='line_1_2' title="bbox 413 729 1739 824; baseline 0.002 -26"><span class='ocrx_word' id='word_1_12' title='bbox 413 729 536 798; x_wconf 85' lang='lat' dir='ltr'>viderit</span> <span class='ocrx_word' id='word_1_13' title='bbox 548 738 744 824; x_wconf 87' lang='lat' dir='ltr'>sequentes,</span> <span class='ocrx_word' id='word_1_14' title='bbox 759 753 781 798; x_wconf 89' lang='lat' dir='ltr'>a</span> <span class='ocrx_word' id='word_1_15' title='bbox 795 733 923 822; x_wconf 92' lang='lat' dir='ltr'>quibus</span> <span class='ocrx_word' id='word_1_16' title='bbox 934 734 1004 800; x_wconf 89' lang='lat' dir='ltr'>iam</span> <span class='ocrx_word' id='word_1_17' title='bbox 1017 737 1121 802; x_wconf 89' lang='lat' dir='ltr'>antea</span> <span class='ocrx_word' id='word_1_18' title='bbox 1134 733 1178 800; x_wconf 89' lang='lat' dir='ltr'>de</span> <span class='ocrx_word' id='word_1_19' title='bbox 1192 735 1264 798; x_wconf 87' lang='lat' dir='ltr'>lesu</span> <span class='ocrx_word' id='word_1_20' title='bbox 1277 734 1426 802; x_wconf 90' lang='lat' dir='ltr'>audierit</span> <span class='ocrx_word' id='word_1_21' title='bbox 1442 733 1540 822; x_wconf 85' lang='lat' dir='ltr'>(Bon.</span> <span class='ocrx_word' id='word_1_22' title='bbox 1557 729 1630 799; x_wconf 86' lang='lat' dir='ltr'>Coi.</span> <span class='ocrx_word' id='word_1_23' title='bbox 1648 733 1739 801; x_wconf 75' lang='lat' dir='ltr'>laras.</span> 
     </span>
     <span class='ocr_line' id='line_1_3' title="bbox 415 837 1742 929; baseline -0.002 -24"><span class='ocrx_word' id='word_1_24' title='bbox 415 837 505 907; x_wconf 84' lang='lat' dir='ltr'>Corl.</span> <span class='ocrx_word' id='word_1_25' title='bbox 522 840 656 927; x_wconf 66' lang='lat' dir='ltr'>Sahal:</span> <span class='ocrx_word' id='word_1_26' title='bbox 671 837 719 902; x_wconf 90' lang='lat' dir='ltr'>ita</span> <span class='ocrx_word' id='word_1_27' title='bbox 730 838 805 906; x_wconf 89' lang='lat' dir='ltr'>scil.</span> <span class='ocrx_word' id='word_1_28' title='bbox 823 840 924 907; x_wconf 85' lang='lat' dir='ltr'>facile</span> <span class='ocrx_word' id='word_1_29' title='bbox 935 837 1114 926; x_wconf 83' lang='lat' dir='ltr'>explicari,</span> <span class='ocrx_word' id='word_1_30' title='bbox 1126 860 1188 906; x_wconf 91' lang='lat' dir='ltr'>cur</span> <span class='ocrx_word' id='word_1_31' title='bbox 1201 844 1272 906; x_wconf 85' lang='lat' dir='ltr'>tam</span> <span class='ocrx_word' id='word_1_32' title='bbox 1287 845 1444 929; x_wconf 82' lang='lat' dir='ltr'>prompte</span> <span class='ocrx_word' id='word_1_33' title='bbox 1459 846 1592 907; x_wconf 87' lang='lat' dir='ltr'>secutus</span> <span class='ocrx_word' id='word_1_34' title='bbox 1605 837 1659 905; x_wconf 91' lang='lat' dir='ltr'>sit.</span> <span class='ocrx_word' id='word_1_35' title='bbox 1677 837 1742 903; x_wconf 85' lang='lat' dir='ltr'>Sed</span> 
     </span>
     <span class='ocr_line' id='line_1_4' title="bbox 412 942 1743 1014; baseline 0.001 -6"><span class='ocrx_word' id='word_1_36' title='bbox 412 943 502 1012; x_wconf 90' lang='lat' dir='ltr'>haud</span> <span class='ocrx_word' id='word_1_37' title='bbox 517 943 691 1014; x_wconf 88' lang='lat' dir='ltr'>immerito</span> <span class='ocrx_word' id='word_1_38' title='bbox 706 951 829 1014; x_wconf 88' lang='lat' dir='ltr'>contra</span> <span class='ocrx_word' id='word_1_39' title='bbox 842 945 880 1012; x_wconf 93' lang='lat' dir='ltr'>id</span> <span class='ocrx_word' id='word_1_40' title='bbox 894 942 1004 1010; x_wconf 75' lang='lat' dir='ltr'>Malu.</span> <span class='ocrx_word' id='word_1_41' title='bbox 1023 952 1138 1014; x_wconf 88' lang='lat' dir='ltr'>monet</span> <span class='ocrx_word' id='word_1_42' title='bbox 1154 966 1162 1013; x_wconf 92' lang='lat'>:</span> <span class='ocrx_word' id='word_1_43' title='bbox 1185 973 1200 1006; x_wconf 77' lang='lat' dir='ltr'>a</span> <span class='ocrx_word' id='word_1_44' title='bbox 1217 947 1409 1013; x_wconf 89' lang='lat' dir='ltr'>humanum</span> <span class='ocrx_word' id='word_1_45' title='bbox 1429 945 1495 1011; x_wconf 90' lang='lat' dir='ltr'>hoc</span> <span class='ocrx_word' id='word_1_46' title='bbox 1509 953 1558 1011; x_wconf 91' lang='lat' dir='ltr'>est</span> <span class='ocrx_word' id='word_1_47' title='bbox 1576 951 1610 1011; x_wconf 90' lang='lat' dir='ltr'>et</span> <span class='ocrx_word' id='word_1_48' title='bbox 1624 944 1743 1012; x_wconf 90' lang='lat' dir='ltr'>malim</span> 
     </span>
     <span class='ocr_line' id='line_1_5' title="bbox 412 1049 1741 1142; baseline 0 -25"><span class='ocrx_word' id='word_1_49' title='bbox 412 1053 549 1120; x_wconf 90' lang='lat' dir='ltr'>credere</span> <span class='ocrx_word' id='word_1_50' title='bbox 558 1055 692 1117; x_wconf 90' lang='lat' dir='ltr'>tantum</span> <span class='ocrx_word' id='word_1_51' title='bbox 701 1050 898 1142; x_wconf 89' lang='lat' dir='ltr'>apostolum</span> <span class='ocrx_word' id='word_1_52' title='bbox 906 1049 980 1117; x_wconf 90' lang='lat' dir='ltr'>solo</span> <span class='ocrx_word' id='word_1_53' title='bbox 987 1050 1166 1119; x_wconf 91' lang='lat' dir='ltr'>incitatum</span> <span class='ocrx_word' id='word_1_54' title='bbox 1174 1050 1310 1141; x_wconf 86' lang='lat' dir='ltr'>spiritu,</span> <span class='ocrx_word' id='word_1_55' title='bbox 1321 1049 1418 1117; x_wconf 94' lang='lat' dir='ltr'>nullo</span> <span class='ocrx_word' id='word_1_56' title='bbox 1427 1050 1579 1116; x_wconf 90' lang='lat' dir='ltr'>humano</span> <span class='ocrx_word' id='word_1_57' title='bbox 1588 1058 1741 1138; x_wconf 84' lang='lat' dir='ltr'>respectu</span> 
     </span>
     <span class='ocr_line' id='line_1_6' title="bbox 410 1154 1739 1245; baseline -0.003 -19"><span class='ocrx_word' id='word_1_58' title='bbox 410 1164 561 1226; x_wconf 86' lang='lat' dir='ltr'>secutum</span> <span class='ocrx_word' id='word_1_59' title='bbox 572 1156 745 1225; x_wconf 80' lang='lat' dir='ltr'><strong>Christum</strong></span> <span class='ocrx_word' id='word_1_60' title='bbox 758 1185 789 1223; x_wconf 88' lang='lat'>».</span> <span class='ocrx_word' id='word_1_61' title='bbox 803 1154 887 1222; x_wconf 79' lang='lat' dir='ltr'>Aliis</span> <span class='ocrx_word' id='word_1_62' title='bbox 896 1156 1155 1245; x_wconf 85' lang='lat' dir='ltr'>placetnotare‚</span> <span class='ocrx_word' id='word_1_63' title='bbox 1167 1155 1405 1225; x_wconf 87' lang='lat' dir='ltr'>commendari</span> <span class='ocrx_word' id='word_1_64' title='bbox 1415 1155 1563 1242; x_wconf 90' lang='lat' dir='ltr'>gratiam</span> <span class='ocrx_word' id='word_1_65' title='bbox 1575 1154 1739 1238; x_wconf 89' lang='lat' dir='ltr'>divinam,</span> 
     </span>
     <span class='ocr_line' id='line_1_7' title="bbox 410 1260 1742 1354; baseline -0.001 -25"><span class='ocrx_word' id='word_1_66' title='bbox 410 1261 503 1353; x_wconf 91' lang='lat' dir='ltr'>quod</span> <span class='ocrx_word' id='word_1_67' title='bbox 518 1260 561 1328; x_wconf 84' lang='lat' dir='ltr'>dc</span> <span class='ocrx_word' id='word_1_68' title='bbox 576 1263 711 1332; x_wconf 87' lang='lat' dir='ltr'>civitate</span> <span class='ocrx_word' id='word_1_69' title='bbox 728 1263 792 1330; x_wconf 93' lang='lat' dir='ltr'>illa</span> <span class='ocrx_word' id='word_1_70' title='bbox 807 1261 894 1329; x_wconf 88' lang='lat' dir='ltr'>adeo</span> <span class='ocrx_word' id='word_1_71' title='bbox 909 1262 1049 1351; x_wconf 90' lang='lat' dir='ltr'>ingrata</span> <span class='ocrx_word' id='word_1_72' title='bbox 1063 1268 1098 1331; x_wconf 91' lang='lat' dir='ltr'>et</span> <span class='ocrx_word' id='word_1_73' title='bbox 1118 1265 1306 1354; x_wconf 87' lang='lat' dir='ltr'>peccatrice</span> <span class='ocrx_word' id='word_1_74' title='bbox 1322 1284 1428 1354; x_wconf 93' lang='lat' dir='ltr'>quam</span> <span class='ocrx_word' id='word_1_75' title='bbox 1448 1263 1520 1329; x_wconf 87' lang='lat' dir='ltr'>iore</span> <span class='ocrx_word' id='word_1_76' title='bbox 1535 1268 1624 1329; x_wconf 87' lang='lat' dir='ltr'>lesus</span> <span class='ocrx_word' id='word_1_77' title='bbox 1643 1284 1742 1351; x_wconf 87' lang='lat' dir='ltr'>prae-</span> 
     </span>
     <span class='ocr_line' id='line_1_8' title="bbox 409 1368 1815 1460; baseline 0.001 -25"><span class='ocrx_word' id='word_1_78' title='bbox 409 1368 553 1436; x_wconf 76' lang='lat' dir='ltr'>sciverat</span> <span class='ocrx_word' id='word_1_79' title='bbox 573 1369 630 1460; x_wconf 81' lang='lat' dir='ltr'>(ci.</span> <span class='ocrx_word' id='word_1_80' title='bbox 654 1369 770 1436; x_wconf 80' lang='lat' dir='ltr'>uatth.</span> <span class='ocrx_word' id='word_1_81' title='bbox 800 1369 916 1458; x_wconf 58' lang='lat'><strong>1131)</strong></span> <span class='ocrx_word' id='word_1_82' title='bbox 940 1375 1009 1438; x_wconf 79' lang='lat' dir='ltr'>tres</span> <span class='ocrx_word' id='word_1_83' title='bbox 1028 1371 1104 1438; x_wconf 89' lang='lat' dir='ltr'>illos</span> <span class='ocrx_word' id='word_1_84' title='bbox 1125 1370 1296 1438; x_wconf 86' lang='lat' dir='ltr'>vocaverit</span> <span class='ocrx_word' id='word_1_85' title='bbox 1315 1369 1414 1459; x_wconf 80' lang='lat' dir='ltr'>(llap.</span> <span class='ocrx_word' id='word_1_86' title='bbox 1437 1369 1513 1436; x_wconf 90' lang='lat' dir='ltr'>sim.</span> <span class='ocrx_word' id='word_1_87' title='bbox 1540 1368 1648 1457; x_wconf 62' lang='lat' dir='ltr'>cta).</span> <span class='ocrx_word' id='word_1_88' title='bbox 1671 1369 1736 1437; x_wconf 86' lang='lat' dir='ltr'>Sed</span> <span class='ocrx_word' id='word_1_89' title='bbox 1811 1379 1815 1386; x_wconf 84' lang='lat'>&#39;</span> 
     </span>
     <span class='ocr_line' id='line_1_9' title="bbox 409 1474 1737 1567; baseline -0.001 -26"><span class='ocrx_word' id='word_1_90' title='bbox 409 1475 553 1543; x_wconf 87' lang='lat' dir='ltr'>sufficiet</span> <span class='ocrx_word' id='word_1_91' title='bbox 565 1476 680 1543; x_wconf 81' lang='lat' dir='ltr'>dicere</span> <span class='ocrx_word' id='word_1_92' title='bbox 692 1497 771 1542; x_wconf 91' lang='lat' dir='ltr'>cum</span> <span class='ocrx_word' id='word_1_93' title='bbox 786 1474 895 1544; x_wconf 82' lang='lat' dir='ltr'>Mald.</span> <span class='ocrx_word' id='word_1_94' title='bbox 912 1496 926 1541; x_wconf 88' lang='lat'>.·</span> <span class='ocrx_word' id='word_1_95' title='bbox 943 1477 1088 1567; x_wconf 85' lang='lat' dir='ltr'>simplex</span> <span class='ocrx_word' id='word_1_96' title='bbox 1097 1476 1184 1543; x_wconf 90' lang='lat' dir='ltr'>mihi</span> <span class='ocrx_word' id='word_1_97' title='bbox 1194 1483 1229 1544; x_wconf 90' lang='lat' dir='ltr'>et</span> <span class='ocrx_word' id='word_1_98' title='bbox 1242 1475 1323 1544; x_wconf 91' lang='lat' dir='ltr'>satis</span> <span class='ocrx_word' id='word_1_99' title='bbox 1337 1475 1461 1543; x_wconf 88' lang='lat' dir='ltr'>idonea</span> <span class='ocrx_word' id='word_1_100' title='bbox 1476 1475 1611 1542; x_wconf 85' lang='lat' dir='ltr'>videtur</span> <span class='ocrx_word' id='word_1_101' title='bbox 1625 1496 1737 1557; x_wconf 83' lang='lat' dir='ltr'>causa,</span> 
     </span>
     <span class='ocr_line' id='line_1_10' title="bbox 409 1581 1741 1672; baseline -0.002 -23"><span class='ocrx_word' id='word_1_102' title='bbox 409 1588 447 1649; x_wconf 91' lang='lat' dir='ltr'>ut</span> <span class='ocrx_word' id='word_1_103' title='bbox 459 1581 617 1649; x_wconf 74' lang='lat' dir='ltr'>historice</span> <span class='ocrx_word' id='word_1_104' title='bbox 633 1585 776 1649; x_wconf 91' lang='lat' dir='ltr'>loannes</span> <span class='ocrx_word' id='word_1_105' title='bbox 786 1582 908 1650; x_wconf 85' lang='lat' dir='ltr'>iecerit</span> <span class='ocrx_word' id='word_1_106' title='bbox 918 1604 926 1665; x_wconf 90' lang='grc'><strong>;</strong></span> <span class='ocrx_word' id='word_1_107' title='bbox 937 1583 1087 1672; x_wconf 84' lang='lat' dir='ltr'>pertinet</span> <span class='ocrx_word' id='word_1_108' title='bbox 1096 1583 1189 1650; x_wconf 92' lang='lat' dir='ltr'>enim</span> <span class='ocrx_word' id='word_1_109' title='bbox 1202 1583 1248 1651; x_wconf 86' lang='lat' dir='ltr'>ad</span> <span class='ocrx_word' id='word_1_110' title='bbox 1257 1581 1487 1672; x_wconf 80' lang='lat' dir='ltr'>diligentiam,</span> <span class='ocrx_word' id='word_1_111' title='bbox 1501 1588 1741 1649; x_wconf 91' lang='lat' dir='ltr'>ornamentum</span> 
     </span>
    </p>
   </div>
   <div class='ocr_carea' id='block_1_2' title="bbox 409 1679 1905 1780">
    <p class='ocr_par' dir='ltr' id='par_1_2' title="bbox 409 1679 1905 1780">
     <span class='ocr_line' id='line_1_11' title="bbox 409 1679 1905 1780; baseline -0.001 -25"><span class='ocrx_word' id='word_1_112' title='bbox 409 1696 442 1755; x_wconf 89' lang='lat' dir='ltr'>et</span> <span class='ocrx_word' id='word_1_113' title='bbox 461 1688 564 1755; x_wconf 90' lang='lat' dir='ltr'>fidem</span> <span class='ocrx_word' id='word_1_114' title='bbox 586 1687 768 1772; x_wconf 87' lang='lat' dir='ltr'>historiae,</span> <span class='ocrx_word' id='word_1_115' title='bbox 792 1694 828 1756; x_wconf 93' lang='lat' dir='ltr'>ut</span> <span class='ocrx_word' id='word_1_116' title='bbox 854 1689 1044 1776; x_wconf 90' lang='lat' dir='ltr'>insignium</span> <span class='ocrx_word' id='word_1_117' title='bbox 1063 1710 1287 1779; x_wconf 85' lang='lat' dir='ltr'>personarum</span> <span class='ocrx_word' id='word_1_118' title='bbox 1308 1688 1422 1780; x_wconf 89' lang='lat' dir='ltr'>patria</span> <span class='ocrx_word' id='word_1_119' title='bbox 1447 1695 1648 1778; x_wconf 85' lang='lat' dir='ltr'>ceteraeque</span> <span class='ocrx_word' id='word_1_120' title='bbox 1673 1687 1742 1754; x_wconf 83' lang='lat' dir='ltr'>cir·</span> <span class='ocrx_word' id='word_1_121' title='bbox 1869 1750 1872 1754; x_wconf 81' lang='grc'><em>,</em></span> <span class='ocrx_word' id='word_1_122' title='bbox 1903 1679 1905 1682; x_wconf 39' lang='lat'><strong>⁴</strong></span> 
     </span>
    </p>
   </div>
   <div class='ocr_carea' id='block_1_3' title="bbox 409 1793 1742 2420">
    <p class='ocr_par' dir='ltr' id='par_1_3' title="bbox 409 1793 1742 2197">
     <span class='ocr_line' id='line_1_12' title="bbox 410 1793 1742 1886; baseline 0 -26"><span class='ocrx_word' id='word_1_123' title='bbox 410 1793 632 1862; x_wconf 89' lang='lat' dir='ltr'>cumstantiae</span> <span class='ocrx_word' id='word_1_124' title='bbox 646 1795 887 1865; x_wconf 81' lang='lat' dir='ltr'>describentur</span> <span class='ocrx_word' id='word_1_125' title='bbox 896 1796 986 1885; x_wconf 84' lang='lat' dir='ltr'>(sim.</span> <span class='ocrx_word' id='word_1_126' title='bbox 1005 1795 1095 1864; x_wconf 82' lang='lat' dir='ltr'>Corl.</span> <span class='ocrx_word' id='word_1_127' title='bbox 1112 1796 1242 1886; x_wconf 66' lang='lat' dir='ltr'>Scia).</span> <span class='ocrx_word' id='word_1_128' title='bbox 1255 1795 1392 1886; x_wconf 76' lang='lat' dir='ltr'>Exipsis</span> <span class='ocrx_word' id='word_1_129' title='bbox 1400 1794 1599 1863; x_wconf 90' lang='lat' dir='ltr'>nominibus</span> <span class='ocrx_word' id='word_1_130' title='bbox 1611 1793 1742 1882; x_wconf 89' lang='lat' dir='ltr'>graecis</span> 
     </span>
     <span class='ocr_line' id='line_1_13' title="bbox 409 1899 1741 1993; baseline 0.003 -27"><span class='ocrx_word' id='word_1_131' title='bbox 409 1899 579 1983; x_wconf 76' lang='lat' dir='ltr'>andreae,</span> <span class='ocrx_word' id='word_1_132' title='bbox 595 1901 760 1991; x_wconf 86' lang='lat' dir='ltr'>Philippi,</span> <span class='ocrx_word' id='word_1_133' title='bbox 777 1901 860 1969; x_wconf 89' lang='lat' dir='ltr'>satis</span> <span class='ocrx_word' id='word_1_134' title='bbox 872 1900 1052 1989; x_wconf 80' lang='lat' dir='ltr'>colligitur</span> <span class='ocrx_word' id='word_1_135' title='bbox 1066 1901 1105 1969; x_wconf 90' lang='lat' dir='ltr'>in</span> <span class='ocrx_word' id='word_1_136' title='bbox 1118 1902 1272 1972; x_wconf 79' lang='lat' dir='ltr'>Galilaea</span> <span class='ocrx_word' id='word_1_137' title='bbox 1283 1908 1319 1970; x_wconf 91' lang='lat' dir='ltr'>ct</span> <span class='ocrx_word' id='word_1_138' title='bbox 1333 1904 1532 1993; x_wconf 87' lang='lat' dir='ltr'>praesertim</span> <span class='ocrx_word' id='word_1_139' title='bbox 1551 1902 1587 1968; x_wconf 93' lang='lat' dir='ltr'>in</span> <span class='ocrx_word' id='word_1_140' title='bbox 1602 1904 1741 1989; x_wconf 87' lang='lat' dir='ltr'>regione</span> 
     </span>
     <span class='ocr_line' id='line_1_14' title="bbox 409 2006 1742 2098; baseline 0.001 -24"><span class='ocrx_word' id='word_1_141' title='bbox 409 2006 469 2075; x_wconf 91' lang='lat' dir='ltr'>illa</span> <span class='ocrx_word' id='word_1_142' title='bbox 486 2007 531 2075; x_wconf 89' lang='lat' dir='ltr'>ad</span> <span class='ocrx_word' id='word_1_143' title='bbox 547 2007 660 2074; x_wconf 89' lang='lat' dir='ltr'>lacum</span> <span class='ocrx_word' id='word_1_144' title='bbox 674 2008 867 2075; x_wconf 85' lang='lat' dir='ltr'>Tiberiadis</span> <span class='ocrx_word' id='word_1_145' title='bbox 890 2009 993 2076; x_wconf 91' lang='lat' dir='ltr'>etiam</span> <span class='ocrx_word' id='word_1_146' title='bbox 1018 2009 1143 2077; x_wconf 91' lang='lat' dir='ltr'>multos</span> <span class='ocrx_word' id='word_1_147' title='bbox 1161 2030 1289 2098; x_wconf 88' lang='lat' dir='ltr'>genere</span> <span class='ocrx_word' id='word_1_148' title='bbox 1314 2031 1456 2098; x_wconf 89' lang='lat' dir='ltr'>graecos</span> <span class='ocrx_word' id='word_1_149' title='bbox 1476 2009 1669 2076; x_wconf 87' lang='lat' dir='ltr'>incoluisse.</span> <span class='ocrx_word' id='word_1_150' title='bbox 1696 2014 1742 2076; x_wconf 80' lang='lat' dir='ltr'>lle</span> 
     </span>
     <span class='ocr_line' id='line_1_15' title="bbox 409 2114 999 2197; baseline 0.005 -17"><span class='ocrx_word' id='word_1_151' title='bbox 409 2114 590 2181; x_wconf 83' lang='lat' dir='ltr'>Bethsaida</span> <span class='ocrx_word' id='word_1_152' title='bbox 601 2114 680 2181; x_wconf 90' lang='lat' dir='ltr'>vide</span> <span class='ocrx_word' id='word_1_153' title='bbox 691 2114 736 2182; x_wconf 89' lang='lat' dir='ltr'>ad</span> <span class='ocrx_word' id='word_1_154' title='bbox 749 2115 864 2182; x_wconf 84' lang='lat' dir='ltr'>ltatth.</span> <span class='ocrx_word' id='word_1_155' title='bbox 885 2121 999 2197; x_wconf 58' lang='lat'><strong>1131.</strong></span> 
     </span>
    </p>

    <p class='ocr_par' dir='ltr' id='par_1_4' title="bbox 412 2220 1741 2420">
     <span class='ocr_line' id='line_1_16' title="bbox 457 2220 1738 2312; baseline 0.001 -26"><span class='ocrx_word' id='word_1_156' title='bbox 457 2249 472 2281; x_wconf 89' lang='lat'>«</span> <span class='ocrx_word' id='word_1_157' title='bbox 496 2224 747 2310; x_wconf 85' lang='lat' dir='ltr'>Consequenter</span> <span class='ocrx_word' id='word_1_158' title='bbox 771 2220 914 2310; x_wconf 88' lang='lat' dir='ltr'>ponitur</span> <span class='ocrx_word' id='word_1_159' title='bbox 935 2222 1068 2290; x_wconf 80' lang='lat' dir='ltr'>[ructus</span> <span class='ocrx_word' id='word_1_160' title='bbox 1088 2221 1251 2312; x_wconf 92' lang='lat' dir='ltr'>discipuli</span> <span class='ocrx_word' id='word_1_161' title='bbox 1280 2221 1326 2288; x_wconf 89' lang='lat' dir='ltr'>ad</span> <span class='ocrx_word' id='word_1_162' title='bbox 1348 2222 1520 2291; x_wconf 88' lang='lat' dir='ltr'>Christum</span> <span class='ocrx_word' id='word_1_163' title='bbox 1544 2221 1698 2289; x_wconf 89' lang='lat' dir='ltr'>conversi</span> <span class='ocrx_word' id='word_1_164' title='bbox 1723 2250 1738 2280; x_wconf 79' lang='lat' dir='ltr'>n</span> 
     </span>
     <span class='ocr_line' id='line_1_17' title="bbox 412 2317 1741 2420; baseline 0.002 -28"><span class='ocrx_word' id='word_1_165' title='bbox 412 2325 541 2412; x_wconf 79' lang='lat' dir='ltr'>(Thom.</span> <span class='ocrx_word' id='word_1_166' title='bbox 563 2327 656 2414; x_wconf 79' lang='lat' dir='ltr'>Alo.)</span> <span class='ocrx_word' id='word_1_167' title='bbox 681 2351 712 2393; x_wconf 92' lang='lat' dir='ltr'>v.</span> <span class='ocrx_word' id='word_1_168' title='bbox 732 2332 776 2395; x_wconf 76' lang='lat' dir='ltr'>lb</span> <span class='ocrx_word' id='word_1_169' title='bbox 798 2329 930 2395; x_wconf 82' lang='lat' dir='ltr'>inuenit</span> <span class='ocrx_word' id='word_1_170' title='bbox 950 2328 1133 2420; x_wconf 77' lang='lat' dir='ltr'>Philippus</span> <span class='ocrx_word' id='word_1_171' title='bbox 1150 2328 1351 2398; x_wconf 79' lang='lat' dir='ltr'>Nathanoel</span> <span class='ocrx_word' id='word_1_172' title='bbox 1365 2317 1462 2420; x_wconf 58' lang='lat' dir='ltr'>Sutria</span> <span class='ocrx_word' id='word_1_173' title='bbox 1483 2329 1621 2419; x_wconf 88' lang='lat' dir='ltr'>(nomen</span> <span class='ocrx_word' id='word_1_174' title='bbox 1641 2350 1741 2418; x_wconf 89' lang='lat' dir='ltr'>saepe</span> 
     </span>
    </p>
   </div>
   <div class='ocr_carea' id='block_1_4' title="bbox 407 2441 1742 4766">
    <p class='ocr_par' dir='ltr' id='par_1_5' title="bbox 407 2441 1742 4766">
     <span class='ocr_line' id='line_1_18' title="bbox 410 2441 1740 2534; baseline 0.001 -25"><span class='ocrx_word' id='word_1_175' title='bbox 410 2441 627 2525; x_wconf 76' lang='lat' dir='ltr'>obvium3c1.</span> <span class='ocrx_word' id='word_1_176' title='bbox 645 2446 743 2510; x_wconf 87' lang='lat' dir='ltr'>Num.</span> <span class='ocrx_word' id='word_1_177' title='bbox 767 2449 822 2526; x_wconf 90' lang='lat'>1‚8</span> <span class='ocrx_word' id='word_1_178' title='bbox 837 2466 908 2534; x_wconf 92' lang='lat' dir='ltr'>seq.</span> <span class='ocrx_word' id='word_1_179' title='bbox 934 2451 950 2512; x_wconf 98' lang='lat'><strong>1</strong></span> <span class='ocrx_word' id='word_1_180' title='bbox 971 2449 1046 2512; x_wconf 89' lang='lat' dir='ltr'>Par.</span> <span class='ocrx_word' id='word_1_181' title='bbox 1066 2451 1163 2527; x_wconf 76' lang='lat' dir='ltr'>a‚1t;</span> <span class='ocrx_word' id='word_1_182' title='bbox 1181 2450 1281 2527; x_wconf 66' lang='lat' dir='ltr'>last</span> <span class='ocrx_word' id='word_1_183' title='bbox 1297 2449 1362 2512; x_wconf 89' lang='lat' dir='ltr'>cto.</span> <span class='ocrx_word' id='word_1_184' title='bbox 1385 2448 1472 2512; x_wconf 85' lang='lat' dir='ltr'>Deus</span> <span class='ocrx_word' id='word_1_185' title='bbox 1486 2443 1615 2523; x_wconf 84' lang='lat' dir='ltr'>dedit¹,</span> <span class='ocrx_word' id='word_1_186' title='bbox 1634 2445 1740 2510; x_wconf 86' lang='lat' dir='ltr'>Theo-</span> 
     </span>
     <span class='ocr_line' id='line_1_19' title="bbox 410 2547 1740 2641; baseline 0 -26"><span class='ocrx_word' id='word_1_187' title='bbox 410 2547 527 2636; x_wconf 89' lang='lat' dir='ltr'>dorus)</span> <span class='ocrx_word' id='word_1_188' title='bbox 539 2559 571 2614; x_wconf 84' lang='lat' dir='ltr'>et</span> <span class='ocrx_word' id='word_1_189' title='bbox 586 2548 673 2615; x_wconf 84' lang='lat' dir='ltr'>dicit</span> <span class='ocrx_word' id='word_1_190' title='bbox 687 2550 720 2615; x_wconf 85' lang='lat' dir='ltr'>ei</span> <span class='ocrx_word' id='word_1_191' title='bbox 732 2570 746 2614; x_wconf 90' lang='lat'>.·</span> <span class='ocrx_word' id='word_1_192' title='bbox 761 2571 863 2640; x_wconf 78' lang='lat' dir='ltr'>prtem</span> <span class='ocrx_word' id='word_1_193' title='bbox 875 2550 1014 2641; x_wconf 66' lang='lat' dir='ltr'>scripsit</span> <span class='ocrx_word' id='word_1_194' title='bbox 1033 2552 1226 2641; x_wconf 73' lang='lat' dir='ltr'>Moysesin</span> <span class='ocrx_word' id='word_1_195' title='bbox 1243 2550 1320 2640; x_wconf 67' lang='lat' dir='ltr'>lege</span> <span class='ocrx_word' id='word_1_196' title='bbox 1339 2563 1372 2617; x_wconf 85' lang='lat' dir='ltr'>et</span> <span class='ocrx_word' id='word_1_197' title='bbox 1383 2550 1589 2641; x_wconf 78' lang='lat' dir='ltr'>prophetae,</span> <span class='ocrx_word' id='word_1_198' title='bbox 1607 2551 1740 2615; x_wconf 81' lang='lat' dir='ltr'>inveni·</span> 
     </span>
     <span class='ocr_line' id='line_1_20' title="bbox 410 2654 1742 2747; baseline 0.001 -26"><span class='ocrx_word' id='word_1_199' title='bbox 410 2658 605 2723; x_wconf 84' lang='lat' dir='ltr'>muslesum</span> <span class='ocrx_word' id='word_1_200' title='bbox 622 2654 740 2745; x_wconf 80' lang='lat' dir='ltr'>filium</span> <span class='ocrx_word' id='word_1_201' title='bbox 760 2655 883 2747; x_wconf 78' lang='lat' dir='ltr'>Ioseph</span> <span class='ocrx_word' id='word_1_202' title='bbox 902 2680 924 2723; x_wconf 88' lang='grc' dir='ltr'><em>α</em></span> <span class='ocrx_word' id='word_1_203' title='bbox 948 2656 1140 2743; x_wconf 76' lang='lat' dir='ltr'>Nazareth;</span> <span class='ocrx_word' id='word_1_204' title='bbox 1154 2685 1170 2718; x_wconf 82' lang='lat' dir='ltr'>a</span> <span class='ocrx_word' id='word_1_205' title='bbox 1190 2656 1380 2726; x_wconf 90' lang='lat' dir='ltr'>admodum</span> <span class='ocrx_word' id='word_1_206' title='bbox 1394 2658 1463 2724; x_wconf 91' lang='lat' dir='ltr'>cito</span> <span class='ocrx_word' id='word_1_207' title='bbox 1478 2658 1625 2723; x_wconf 79' lang='lat' dir='ltr'>fructum</span> <span class='ocrx_word' id='word_1_208' title='bbox 1646 2657 1742 2724; x_wconf 71' lang='lat' dir='ltr'>allert</span> 
     </span>
     <span class='ocr_line' id='line_1_21' title="bbox 410 2761 1741 2853; baseline 0 -25"><span class='ocrx_word' id='word_1_209' title='bbox 410 2761 612 2852; x_wconf 90' lang='lat' dir='ltr'>discipulus,</span> <span class='ocrx_word' id='word_1_210' title='bbox 634 2769 674 2830; x_wconf 94' lang='lat' dir='ltr'>ut</span> <span class='ocrx_word' id='word_1_211' title='bbox 685 2764 743 2830; x_wconf 83' lang='lat' dir='ltr'>vel</span> <span class='ocrx_word' id='word_1_212' title='bbox 755 2763 837 2830; x_wconf 91' lang='lat' dir='ltr'>hinc</span> <span class='ocrx_word' id='word_1_213' title='bbox 855 2763 1011 2831; x_wconf 84' lang='lat' dir='ltr'>eiusdem</span> <span class='ocrx_word' id='word_1_214' title='bbox 1025 2763 1134 2832; x_wconf 89' lang='lat' dir='ltr'>animi</span> <span class='ocrx_word' id='word_1_215' title='bbox 1148 2786 1189 2831; x_wconf 93' lang='lat' dir='ltr'>ac</span> <span class='ocrx_word' id='word_1_216' title='bbox 1201 2764 1305 2832; x_wconf 90' lang='lat' dir='ltr'>studii</span> <span class='ocrx_word' id='word_1_217' title='bbox 1320 2785 1400 2832; x_wconf 87' lang='lat' dir='ltr'>cum</span> <span class='ocrx_word' id='word_1_218' title='bbox 1415 2762 1588 2853; x_wconf 87' lang='lat' dir='ltr'>prioribus</span> <span class='ocrx_word' id='word_1_219' title='bbox 1602 2784 1674 2829; x_wconf 88' lang='lat' dir='ltr'>esse</span> <span class='ocrx_word' id='word_1_220' title='bbox 1689 2764 1741 2828; x_wconf 92' lang='lat' dir='ltr'>vi-</span> 
     </span>
     <span class='ocr_line' id='line_1_22' title="bbox 409 2868 1739 2954; baseline 0.001 -19"><span class='ocrx_word' id='word_1_221' title='bbox 409 2868 564 2953; x_wconf 79' lang='lat' dir='ltr'>deretur3</span> <span class='ocrx_word' id='word_1_222' title='bbox 580 2870 712 2936; x_wconf 81' lang='lat' dir='ltr'>invenit</span> <span class='ocrx_word' id='word_1_223' title='bbox 723 2870 932 2954; x_wconf 79' lang='lat' dir='ltr'>Nathanael‚</span> <span class='ocrx_word' id='word_1_224' title='bbox 949 2893 1020 2939; x_wconf 93' lang='lat' dir='ltr'>non</span> <span class='ocrx_word' id='word_1_225' title='bbox 1035 2877 1126 2939; x_wconf 85' lang='lat' dir='ltr'>certe</span> <span class='ocrx_word' id='word_1_226' title='bbox 1141 2892 1222 2939; x_wconf 86' lang='lat' dir='ltr'>casu</span> <span class='ocrx_word' id='word_1_227' title='bbox 1237 2871 1408 2953; x_wconf 87' lang='lat' dir='ltr'>oblatum,</span> <span class='ocrx_word' id='word_1_228' title='bbox 1426 2869 1486 2937; x_wconf 90' lang='lat' dir='ltr'>sed</span> <span class='ocrx_word' id='word_1_229' title='bbox 1504 2869 1611 2936; x_wconf 93' lang='lat' dir='ltr'>multo</span> <span class='ocrx_word' id='word_1_230' title='bbox 1627 2868 1739 2937; x_wconf 91' lang='lat' dir='ltr'>studio</span> 
     </span>
     <span class='ocr_line' id='line_1_23' title="bbox 411 2975 1741 3068; baseline 0 -27"><span class='ocrx_word' id='word_1_231' title='bbox 411 2977 639 3064; x_wconf 89' lang='lat' dir='ltr'>quaesitum»</span> <span class='ocrx_word' id='word_1_232' title='bbox 657 2976 996 3066; x_wconf 60' lang='lat' dir='ltr'>(Cynthathanael</span> <span class='ocrx_word' id='word_1_233' title='bbox 1007 2999 1078 3045; x_wconf 78' lang='lat' dir='ltr'>asse</span> <span class='ocrx_word' id='word_1_234' title='bbox 1092 2977 1241 3046; x_wconf 84' lang='lat' dir='ltr'>eundem</span> <span class='ocrx_word' id='word_1_235' title='bbox 1253 2979 1313 3068; x_wconf 93' lang='lat' dir='ltr'>qui</span> <span class='ocrx_word' id='word_1_236' title='bbox 1332 2976 1423 3043; x_wconf 84' lang='lat' dir='ltr'>tilius</span> <span class='ocrx_word' id='word_1_237' title='bbox 1434 2975 1577 3058; x_wconf 73' lang='lat' dir='ltr'>tolmai,</span> <span class='ocrx_word' id='word_1_238' title='bbox 1598 2977 1741 3042; x_wconf 88' lang='lat' dir='ltr'>Bartho-</span> 
     </span>
     <span class='ocr_line' id='line_1_24' title="bbox 410 3081 1740 3172; baseline 0 -25"><span class='ocrx_word' id='word_1_239' title='bbox 410 3082 577 3163; x_wconf 89' lang='lat' dir='ltr'>lomaeus,</span> <span class='ocrx_word' id='word_1_240' title='bbox 591 3083 676 3149; x_wconf 88' lang='lat' dir='ltr'>alias</span> <span class='ocrx_word' id='word_1_241' title='bbox 690 3090 844 3163; x_wconf 86' lang='lat' dir='ltr'>vocatur,</span> <span class='ocrx_word' id='word_1_242' title='bbox 866 3091 939 3150; x_wconf 92' lang='lat' dir='ltr'>tum</span> <span class='ocrx_word' id='word_1_243' title='bbox 957 3106 999 3152; x_wconf 82' lang='lat' dir='ltr'>ex</span> <span class='ocrx_word' id='word_1_244' title='bbox 1013 3084 1135 3151; x_wconf 88' lang='lat' dir='ltr'>ordine</span> <span class='ocrx_word' id='word_1_245' title='bbox 1148 3084 1328 3170; x_wconf 85' lang='lat' dir='ltr'>colligitur</span> <span class='ocrx_word' id='word_1_246' title='bbox 1339 3105 1408 3172; x_wconf 90' lang='lat' dir='ltr'>quo</span> <span class='ocrx_word' id='word_1_247' title='bbox 1418 3082 1477 3149; x_wconf 92' lang='lat' dir='ltr'>ille</span> <span class='ocrx_word' id='word_1_248' title='bbox 1491 3104 1567 3148; x_wconf 91' lang='lat' dir='ltr'>cum</span> <span class='ocrx_word' id='word_1_249' title='bbox 1585 3081 1740 3172; x_wconf 86' lang='lat' dir='ltr'>Philippo</span> 
     </span>
     <span class='ocr_line' id='line_1_25' title="bbox 410 3187 1740 3278; baseline 0 -24"><span class='ocrx_word' id='word_1_250' title='bbox 410 3188 444 3254; x_wconf 92' lang='lat' dir='ltr'>in</span> <span class='ocrx_word' id='word_1_251' title='bbox 465 3189 546 3255; x_wconf 89' lang='lat' dir='ltr'>albo</span> <span class='ocrx_word' id='word_1_252' title='bbox 566 3189 803 3278; x_wconf 90' lang='lat' dir='ltr'>apostolorum</span> <span class='ocrx_word' id='word_1_253' title='bbox 827 3197 1034 3271; x_wconf 83' lang='lat' dir='ltr'>recensetur,</span> <span class='ocrx_word' id='word_1_254' title='bbox 1058 3196 1130 3257; x_wconf 91' lang='lat' dir='ltr'>tum</span> <span class='ocrx_word' id='word_1_255' title='bbox 1156 3212 1197 3257; x_wconf 89' lang='lat' dir='ltr'>ex</span> <span class='ocrx_word' id='word_1_256' title='bbox 1220 3195 1313 3258; x_wconf 92' lang='lat' dir='ltr'>loan.</span> <span class='ocrx_word' id='word_1_257' title='bbox 1337 3197 1429 3272; x_wconf 60' lang='lat'>212,</span> <span class='ocrx_word' id='word_1_258' title='bbox 1451 3196 1525 3257; x_wconf 88' lang='lat' dir='ltr'>tum</span> <span class='ocrx_word' id='word_1_259' title='bbox 1542 3189 1623 3278; x_wconf 90' lang='lat' dir='ltr'>quia</span> <span class='ocrx_word' id='word_1_260' title='bbox 1641 3187 1740 3255; x_wconf 88' lang='lat' dir='ltr'>disci·</span> 
     </span>
     <span class='ocr_line' id='line_1_26' title="bbox 411 3294 1740 3387; baseline 0 -26"><span class='ocrx_word' id='word_1_261' title='bbox 411 3294 484 3384; x_wconf 92' lang='lat' dir='ltr'>puli</span> <span class='ocrx_word' id='word_1_262' title='bbox 500 3295 558 3361; x_wconf 92' lang='lat' dir='ltr'>alii</span> <span class='ocrx_word' id='word_1_263' title='bbox 578 3296 638 3385; x_wconf 91' lang='lat' dir='ltr'>qui</span> <span class='ocrx_word' id='word_1_264' title='bbox 655 3295 711 3362; x_wconf 96' lang='lat' dir='ltr'>hic</span> <span class='ocrx_word' id='word_1_265' title='bbox 734 3295 972 3379; x_wconf 87' lang='lat' dir='ltr'>nominantur,</span> <span class='ocrx_word' id='word_1_266' title='bbox 997 3318 1117 3364; x_wconf 87' lang='lat' dir='ltr'>revera</span> <span class='ocrx_word' id='word_1_267' title='bbox 1135 3303 1254 3387; x_wconf 88' lang='lat' dir='ltr'>postea</span> <span class='ocrx_word' id='word_1_268' title='bbox 1272 3299 1363 3364; x_wconf 88' lang='lat' dir='ltr'>inter</span> <span class='ocrx_word' id='word_1_269' title='bbox 1378 3296 1545 3386; x_wconf 89' lang='lat' dir='ltr'>apostolos</span> <span class='ocrx_word' id='word_1_270' title='bbox 1563 3317 1740 3362; x_wconf 86' lang='lat' dir='ltr'>recensen-</span> 
     </span>
     <span class='ocr_line' id='line_1_27' title="bbox 412 3401 1737 3493; baseline 0.001 -26"><span class='ocrx_word' id='word_1_271' title='bbox 412 3408 468 3467; x_wconf 90' lang='lat' dir='ltr'>tur</span> <span class='ocrx_word' id='word_1_272' title='bbox 481 3407 515 3468; x_wconf 90' lang='lat' dir='ltr'>et</span> <span class='ocrx_word' id='word_1_273' title='bbox 527 3402 738 3489; x_wconf 87' lang='lat' dir='ltr'>evangelista</span> <span class='ocrx_word' id='word_1_274' title='bbox 759 3403 825 3470; x_wconf 87' lang='lat' dir='ltr'>hoc</span> <span class='ocrx_word' id='word_1_275' title='bbox 846 3402 923 3470; x_wconf 91' lang='lat' dir='ltr'>loco</span> <span class='ocrx_word' id='word_1_276' title='bbox 943 3404 1047 3470; x_wconf 85' lang='lat' dir='ltr'>etiam</span> <span class='ocrx_word' id='word_1_277' title='bbox 1064 3403 1259 3493; x_wconf 81' lang='lat' dir='ltr'>synopticos</span> <span class='ocrx_word' id='word_1_278' title='bbox 1278 3405 1442 3493; x_wconf 88' lang='lat' dir='ltr'>supplens</span> <span class='ocrx_word' id='word_1_279' title='bbox 1456 3401 1635 3470; x_wconf 88' lang='lat' dir='ltr'>ostendere</span> <span class='ocrx_word' id='word_1_280' title='bbox 1649 3402 1737 3481; x_wconf 90' lang='lat' dir='ltr'>vult,</span> 
     </span>
     <span class='ocr_line' id='line_1_28' title="bbox 412 3508 1738 3600; baseline 0 -25"><span class='ocrx_word' id='word_1_281' title='bbox 412 3530 480 3597; x_wconf 89' lang='lat' dir='ltr'>qua</span> <span class='ocrx_word' id='word_1_282' title='bbox 501 3510 632 3575; x_wconf 86' lang='lat' dir='ltr'>ratione</span> <span class='ocrx_word' id='word_1_283' title='bbox 652 3514 743 3575; x_wconf 87' lang='lat' dir='ltr'>lesus</span> <span class='ocrx_word' id='word_1_284' title='bbox 762 3511 879 3598; x_wconf 88' lang='lat' dir='ltr'>prima</span> <span class='ocrx_word' id='word_1_285' title='bbox 901 3508 1035 3576; x_wconf 89' lang='lat' dir='ltr'>semina</span> <span class='ocrx_word' id='word_1_286' title='bbox 1055 3509 1280 3600; x_wconf 85' lang='lat' dir='ltr'>discipulatus</span> <span class='ocrx_word' id='word_1_287' title='bbox 1302 3509 1440 3588; x_wconf 87' lang='lat' dir='ltr'>iecerit;</span> <span class='ocrx_word' id='word_1_288' title='bbox 1458 3532 1560 3598; x_wconf 90' lang='lat' dir='ltr'>porro</span> <span class='ocrx_word' id='word_1_289' title='bbox 1582 3530 1656 3575; x_wconf 91' lang='lat' dir='ltr'>cum</span> <span class='ocrx_word' id='word_1_290' title='bbox 1677 3513 1738 3575; x_wconf 90' lang='lat' dir='ltr'>Na-</span> 
     </span>
     <span class='ocr_line' id='line_1_29' title="bbox 412 3613 1739 3705; baseline -0.001 -24"><span class='ocrx_word' id='word_1_291' title='bbox 412 3613 550 3681; x_wconf 89' lang='lat' dir='ltr'>thanael</span> <span class='ocrx_word' id='word_1_292' title='bbox 568 3635 589 3680; x_wconf 91' lang='lat' dir='ltr'>a</span> <span class='ocrx_word' id='word_1_293' title='bbox 603 3618 676 3681; x_wconf 86' lang='lat' dir='ltr'>lesu</span> <span class='ocrx_word' id='word_1_294' title='bbox 691 3615 954 3683; x_wconf 83' lang='lat' dir='ltr'>commendetur</span> <span class='ocrx_word' id='word_1_295' title='bbox 972 3638 994 3683; x_wconf 89' lang='lat' dir='ltr'>a</span> <span class='ocrx_word' id='word_1_296' title='bbox 1012 3614 1224 3699; x_wconf 80' lang='lat' dir='ltr'>sinceritate,</span> <span class='ocrx_word' id='word_1_297' title='bbox 1241 3615 1358 3701; x_wconf 89' lang='lat' dir='ltr'>afide,</span> <span class='ocrx_word' id='word_1_298' title='bbox 1375 3622 1408 3683; x_wconf 90' lang='lat' dir='ltr'>et</span> <span class='ocrx_word' id='word_1_299' title='bbox 1427 3616 1459 3682; x_wconf 83' lang='lat' dir='ltr'>ei</span> <span class='ocrx_word' id='word_1_300' title='bbox 1473 3615 1691 3705; x_wconf 87' lang='lat' dir='ltr'>promittatur</span> <span class='ocrx_word' id='word_1_301' title='bbox 1705 3636 1739 3680; x_wconf 83' lang='lat' dir='ltr'>se</span> 
     </span>
     <span class='ocr_line' id='line_1_30' title="bbox 412 3721 1739 3813; baseline 0 -27"><span class='ocrx_word' id='word_1_302' title='bbox 412 3721 562 3787; x_wconf 90' lang='lat' dir='ltr'>visurum</span> <span class='ocrx_word' id='word_1_303' title='bbox 584 3722 732 3802; x_wconf 91' lang='lat' dir='ltr'>maiora,</span> <span class='ocrx_word' id='word_1_304' title='bbox 749 3721 948 3789; x_wconf 88' lang='lat' dir='ltr'>nullatenus</span> <span class='ocrx_word' id='word_1_305' title='bbox 969 3723 1118 3812; x_wconf 91' lang='lat' dir='ltr'>supponi</span> <span class='ocrx_word' id='word_1_306' title='bbox 1132 3727 1245 3813; x_wconf 89' lang='lat' dir='ltr'>potest</span> <span class='ocrx_word' id='word_1_307' title='bbox 1263 3745 1342 3789; x_wconf 89' lang='lat' dir='ltr'>eum</span> <span class='ocrx_word' id='word_1_308' title='bbox 1357 3746 1378 3790; x_wconf 92' lang='lat' dir='ltr'>a</span> <span class='ocrx_word' id='word_1_309' title='bbox 1396 3722 1625 3789; x_wconf 83' lang='lat' dir='ltr'>familiaritate</span> <span class='ocrx_word' id='word_1_310' title='bbox 1642 3721 1739 3789; x_wconf 87' lang='lat' dir='ltr'>Chri·</span> 
     </span>
     <span class='ocr_line' id='line_1_31' title="bbox 412 3827 1735 3917; baseline 0 -23"><span class='ocrx_word' id='word_1_311' title='bbox 412 3827 454 3894; x_wconf 87' lang='lat' dir='ltr'>sti</span> <span class='ocrx_word' id='word_1_312' title='bbox 469 3848 538 3893; x_wconf 84' lang='lat' dir='ltr'>esse</span> <span class='ocrx_word' id='word_1_313' title='bbox 557 3827 744 3894; x_wconf 82' lang='lat' dir='ltr'>exclusum.</span> <span class='ocrx_word' id='word_1_314' title='bbox 762 3829 1007 3906; x_wconf 83' lang='lat' dir='ltr'>Quaremerito</span> <span class='ocrx_word' id='word_1_315' title='bbox 1027 3835 1264 3896; x_wconf 88' lang='lat' dir='ltr'>ccnseturcsse</span> <span class='ocrx_word' id='word_1_316' title='bbox 1278 3828 1559 3897; x_wconf 85' lang='lat' dir='ltr'>Bartholomaeus</span> <span class='ocrx_word' id='word_1_317' title='bbox 1575 3829 1631 3917; x_wconf 86' lang='lat' dir='ltr'>(ci.</span> <span class='ocrx_word' id='word_1_318' title='bbox 1649 3831 1735 3916; x_wconf 81' lang='lat' dir='ltr'>Bup.</span> 
     </span>
     <span class='ocr_line' id='line_1_32' title="bbox 413 3933 1734 4024; baseline 0 -24"><span class='ocrx_word' id='word_1_319' title='bbox 413 3936 502 4000; x_wconf 79' lang='lat' dir='ltr'>lans.</span> <span class='ocrx_word' id='word_1_320' title='bbox 526 3937 621 4000; x_wconf 81' lang='lat' dir='ltr'>Patr.</span> <span class='ocrx_word' id='word_1_321' title='bbox 651 3933 741 4001; x_wconf 83' lang='lat' dir='ltr'>Corl.</span> <span class='ocrx_word' id='word_1_322' title='bbox 765 3934 870 4024; x_wconf 66' lang='lat'><strong>8019.</strong></span> <span class='ocrx_word' id='word_1_323' title='bbox 894 3934 996 4002; x_wconf 74' lang='lat' dir='ltr'>Sella.</span> <span class='ocrx_word' id='word_1_324' title='bbox 1030 3935 1134 4002; x_wconf 82' lang='lat' dir='ltr'>Weiss</span> <span class='ocrx_word' id='word_1_325' title='bbox 1155 3939 1240 4017; x_wconf 89' lang='lat' dir='ltr'>etc.;</span> <span class='ocrx_word' id='word_1_326' title='bbox 1259 3935 1339 4002; x_wconf 86' lang='lat' dir='ltr'>vide</span> <span class='ocrx_word' id='word_1_327' title='bbox 1358 3957 1447 4024; x_wconf 90' lang='lat' dir='ltr'>quae</span> <span class='ocrx_word' id='word_1_328' title='bbox 1471 3933 1542 4001; x_wconf 82' lang='lat' dir='ltr'>dixi</span> <span class='ocrx_word' id='word_1_329' title='bbox 1562 3933 1605 4001; x_wconf 93' lang='lat' dir='ltr'>ad</span> <span class='ocrx_word' id='word_1_330' title='bbox 1621 3935 1734 4000; x_wconf 89' lang='lat' dir='ltr'>llatth.</span> 
     </span>
     <span class='ocr_line' id='line_1_33' title="bbox 414 4039 1738 4131; baseline 0 -25"><span class='ocrx_word' id='word_1_331' title='bbox 414 4039 517 4129; x_wconf 83' lang='lat'><strong>10,3).</strong></span> <span class='ocrx_word' id='word_1_332' title='bbox 539 4044 584 4106; x_wconf 82' lang='lat' dir='ltr'>Ex</span> <span class='ocrx_word' id='word_1_333' title='bbox 596 4041 637 4107; x_wconf 92' lang='lat' dir='ltr'>iis</span> <span class='ocrx_word' id='word_1_334' title='bbox 652 4062 741 4130; x_wconf 87' lang='lat' dir='ltr'>quae</span> <span class='ocrx_word' id='word_1_335' title='bbox 757 4040 938 4131; x_wconf 87' lang='lat' dir='ltr'>Philippus</span> <span class='ocrx_word' id='word_1_336' title='bbox 959 4041 1003 4108; x_wconf 92' lang='lat' dir='ltr'>de</span> <span class='ocrx_word' id='word_1_337' title='bbox 1022 4047 1132 4129; x_wconf 85' lang='lat' dir='ltr'>lloyse</span> <span class='ocrx_word' id='word_1_338' title='bbox 1146 4047 1182 4109; x_wconf 94' lang='lat' dir='ltr'>et</span> <span class='ocrx_word' id='word_1_339' title='bbox 1198 4041 1375 4131; x_wconf 88' lang='lat' dir='ltr'>prophetis</span> <span class='ocrx_word' id='word_1_340' title='bbox 1390 4040 1474 4108; x_wconf 91' lang='lat' dir='ltr'>dicit</span> <span class='ocrx_word' id='word_1_341' title='bbox 1487 4046 1616 4107; x_wconf 86' lang='lat' dir='ltr'>veteres</span> <span class='ocrx_word' id='word_1_342' title='bbox 1629 4062 1738 4129; x_wconf 88' lang='lat' dir='ltr'>quan-</span> 
     </span>
     <span class='ocr_line' id='line_1_34' title="bbox 411 4146 1740 4236; baseline 0 -24"><span class='ocrx_word' id='word_1_343' title='bbox 411 4146 523 4236; x_wconf 89' lang='lat' dir='ltr'>doque</span> <span class='ocrx_word' id='word_1_344' title='bbox 533 4147 775 4214; x_wconf 88' lang='lat' dir='ltr'>concluserunt</span> <span class='ocrx_word' id='word_1_345' title='bbox 789 4147 901 4236; x_wconf 92' lang='lat' dir='ltr'>ipsum</span> <span class='ocrx_word' id='word_1_346' title='bbox 917 4149 970 4215; x_wconf 89' lang='lat' dir='ltr'>vel</span> <span class='ocrx_word' id='word_1_347' title='bbox 984 4147 1105 4216; x_wconf 88' lang='lat' dir='ltr'>saltem</span> <span class='ocrx_word' id='word_1_348' title='bbox 1121 4147 1422 4216; x_wconf 83' lang='lat' dir='ltr'>Nathanaeliuisse</span> <span class='ocrx_word' id='word_1_349' title='bbox 1438 4146 1554 4214; x_wconf 91' lang='lat' dir='ltr'>doctos</span> <span class='ocrx_word' id='word_1_350' title='bbox 1570 4153 1603 4213; x_wconf 90' lang='lat' dir='ltr'>et</span> <span class='ocrx_word' id='word_1_351' title='bbox 1615 4146 1740 4213; x_wconf 87' lang='lat' dir='ltr'>littera-</span> 
     </span>
     <span class='ocr_line' id='line_1_35' title="bbox 413 4251 1737 4346; baseline -0.001 -27"><span class='ocrx_word' id='word_1_352' title='bbox 413 4274 489 4319; x_wconf 90' lang='lat' dir='ltr'>rum</span> <span class='ocrx_word' id='word_1_353' title='bbox 505 4274 677 4321; x_wconf 89' lang='lat' dir='ltr'>sacrarum</span> <span class='ocrx_word' id='word_1_354' title='bbox 692 4251 840 4343; x_wconf 88' lang='lat' dir='ltr'>perit0s;</span> <span class='ocrx_word' id='word_1_355' title='bbox 862 4252 970 4320; x_wconf 93' lang='lat' dir='ltr'>immo</span> <span class='ocrx_word' id='word_1_356' title='bbox 984 4257 1076 4344; x_wconf 77' lang='lat' dir='ltr'>Aup.</span> <span class='ocrx_word' id='word_1_357' title='bbox 1099 4254 1177 4323; x_wconf 87' lang='lat' dir='ltr'>ideo</span> <span class='ocrx_word' id='word_1_358' title='bbox 1189 4253 1272 4346; x_wconf 90' lang='lat' dir='ltr'>quia</span> <span class='ocrx_word' id='word_1_359' title='bbox 1290 4255 1480 4322; x_wconf 88' lang='lat' dir='ltr'>Nathanael</span> <span class='ocrx_word' id='word_1_360' title='bbox 1493 4254 1595 4320; x_wconf 81' lang='lat' dir='ltr'>luerit</span> <span class='ocrx_word' id='word_1_361' title='bbox 1608 4251 1737 4330; x_wconf 84' lang='lat' dir='ltr'>doctus,</span> 
     </span>
     <span class='ocr_line' id='line_1_36' title="bbox 407 4356 1738 4450; baseline 0 -28"><span class='ocrx_word' id='word_1_362' title='bbox 407 4382 484 4427; x_wconf 89' lang='lat' dir='ltr'>non</span> <span class='ocrx_word' id='word_1_363' title='bbox 498 4381 570 4426; x_wconf 88' lang='lat' dir='ltr'>esse</span> <span class='ocrx_word' id='word_1_364' title='bbox 583 4383 603 4426; x_wconf 91' lang='lat' dir='ltr'>a</span> <span class='ocrx_word' id='word_1_365' title='bbox 615 4359 758 4428; x_wconf 86' lang='lat' dir='ltr'>Domino</span> <span class='ocrx_word' id='word_1_366' title='bbox 777 4358 869 4425; x_wconf 92' lang='lat' dir='ltr'>inter</span> <span class='ocrx_word' id='word_1_367' title='bbox 882 4357 1068 4449; x_wconf 90' lang='lat' dir='ltr'>discipulos</span> <span class='ocrx_word' id='word_1_368' title='bbox 1081 4361 1233 4450; x_wconf 91' lang='lat' dir='ltr'>positum</span> <span class='ocrx_word' id='word_1_369' title='bbox 1253 4360 1433 4428; x_wconf 82' lang='lat' dir='ltr'>existimat.</span> <span class='ocrx_word' id='word_1_370' title='bbox 1450 4365 1492 4426; x_wconf 79' lang='lat' dir='ltr'>At</span> <span class='ocrx_word' id='word_1_371' title='bbox 1504 4381 1590 4448; x_wconf 87' lang='lat' dir='ltr'>quae</span> <span class='ocrx_word' id='word_1_372' title='bbox 1610 4356 1738 4447; x_wconf 89' lang='lat' dir='ltr'>Philip-</span> 
     </span>
     <span class='ocr_line' id='line_1_37' title="bbox 413 4463 1737 4556; baseline -0.004 -23"><span class='ocrx_word' id='word_1_373' title='bbox 413 4489 477 4556; x_wconf 93' lang='lat' dir='ltr'>pus</span> <span class='ocrx_word' id='word_1_374' title='bbox 491 4466 591 4546; x_wconf 81' lang='lat' dir='ltr'>dicit,</span> <span class='ocrx_word' id='word_1_375' title='bbox 612 4489 693 4534; x_wconf 92' lang='lat' dir='ltr'>sane</span> <span class='ocrx_word' id='word_1_376' title='bbox 713 4464 825 4556; x_wconf 85' lang='lat' dir='ltr'>quivis</span> <span class='ocrx_word' id='word_1_377' title='bbox 840 4463 986 4533; x_wconf 89' lang='lat' dir='ltr'>ludaeus</span> <span class='ocrx_word' id='word_1_378' title='bbox 1002 4465 1103 4533; x_wconf 87' lang='lat' dir='ltr'>scivit</span> <span class='ocrx_word' id='word_1_379' title='bbox 1116 4471 1151 4533; x_wconf 89' lang='lat' dir='ltr'>et</span> <span class='ocrx_word' id='word_1_380' title='bbox 1170 4466 1286 4533; x_wconf 87' lang='lat' dir='ltr'>dicere</span> <span class='ocrx_word' id='word_1_381' title='bbox 1300 4465 1428 4555; x_wconf 88' lang='lat' dir='ltr'>potuit,</span> <span class='ocrx_word' id='word_1_382' title='bbox 1442 4463 1514 4532; x_wconf 88' lang='lat' dir='ltr'>scil.</span> <span class='ocrx_word' id='word_1_383' title='bbox 1536 4463 1682 4530; x_wconf 81' lang='lat' dir='ltr'>Messiam</span> <span class='ocrx_word' id='word_1_384' title='bbox 1703 4465 1737 4529; x_wconf 88' lang='lat' dir='ltr'>iu</span> 
     </span>
     <span class='ocr_line' id='line_1_38' title="bbox 413 4571 1734 4662; baseline 0.001 -25"><span class='ocrx_word' id='word_1_385' title='bbox 413 4573 490 4661; x_wconf 87' lang='lat' dir='ltr'>lege</span> <span class='ocrx_word' id='word_1_386' title='bbox 510 4574 729 4661; x_wconf 85' lang='lat' dir='ltr'>otprophelis</span> <span class='ocrx_word' id='word_1_387' title='bbox 744 4571 915 4662; x_wconf 81' lang='lat' dir='ltr'>promit1i3</span> <span class='ocrx_word' id='word_1_388' title='bbox 932 4572 968 4638; x_wconf 93' lang='lat' dir='ltr'>in</span> <span class='ocrx_word' id='word_1_389' title='bbox 980 4573 1056 4660; x_wconf 86' lang='lat' dir='ltr'>lege</span> <span class='ocrx_word' id='word_1_390' title='bbox 1073 4572 1190 4661; x_wconf 87' lang='lat' dir='ltr'>agitur</span> <span class='ocrx_word' id='word_1_391' title='bbox 1203 4571 1247 4640; x_wconf 87' lang='lat' dir='ltr'>de</span> <span class='ocrx_word' id='word_1_392' title='bbox 1265 4573 1379 4640; x_wconf 86' lang='lat' dir='ltr'>llcssia</span> <span class='ocrx_word' id='word_1_393' title='bbox 1405 4572 1518 4638; x_wconf 86' lang='lat' dir='ltr'>iuturo</span> <span class='ocrx_word' id='word_1_394' title='bbox 1542 4575 1620 4638; x_wconf 86' lang='lat' dir='ltr'>Gen.</span> <span class='ocrx_word' id='word_1_395' title='bbox 1638 4578 1734 4651; x_wconf 84' lang='lat'><strong>3‚15;</strong></span> 
     </span>
     <span class='ocr_line' id='line_1_39' title="bbox 418 4678 1735 4766; baseline 0.001 -22"><span class='ocrx_word' id='word_1_396' title='bbox 418 4685 511 4762; x_wconf 64' lang='lat' dir='ltr'>saa</span> <span class='ocrx_word' id='word_1_397' title='bbox 537 4684 653 4760; x_wconf 82' lang='lat' dir='ltr'>18‚1a;</span> <span class='ocrx_word' id='word_1_398' title='bbox 676 4686 796 4762; x_wconf 68' lang='lat' dir='ltr'>nasa</span> <span class='ocrx_word' id='word_1_399' title='bbox 824 4683 937 4761; x_wconf 75' lang='lat' dir='ltr'>tam.</span> <span class='ocrx_word' id='word_1_400' title='bbox 957 4684 1056 4746; x_wconf 84' lang='lat' dir='ltr'>uum.</span> <span class='ocrx_word' id='word_1_401' title='bbox 1081 4678 1735 4766; x_wconf 64' lang='lat' dir='ltr'>saw.ueut.1a.1s.stqueuessiam</span> 
     </span>
    </p>
   </div>
   <div class='ocr_carea' id='block_1_5' title="bbox 449 4908 914 4976">
    <p class='ocr_par' dir='ltr' id='par_1_6' title="bbox 449 4908 914 4976">
     <span class='ocr_line' id='line_1_40' title="bbox 449 4908 914 4976; baseline 0.006 -19"><span class='ocrx_word' id='word_1_402' title='bbox 449 4914 469 4958; x_wconf 87' lang='lat'>1.</span> <span class='ocrx_word' id='word_1_403' title='bbox 488 4910 573 4961; x_wconf 74' lang='lat' dir='ltr'>Both.</span> <span class='ocrx_word' id='word_1_404' title='bbox 589 4908 699 4974; x_wconf 82' lang='lat' dir='ltr'>explicat</span> <span class='ocrx_word' id='word_1_405' title='bbox 713 4909 793 4961; x_wconf 84' lang='lat' dir='ltr'>lilium</span> <span class='ocrx_word' id='word_1_406' title='bbox 807 4909 914 4976; x_wconf 83' lang='lat' dir='ltr'>gratiae.</span> 
     </span>
    </p>
   </div>
   <div class='ocr_carea' id='block_1_6' title="bbox 0 0 2063 5648">
    <p class='ocr_par' dir='ltr' id='par_1_7' title="bbox 0 0 2063 5648">
     <span class='ocr_line' id='line_1_41' title="bbox 0 0 2063 5648; baseline 0 0"><span class='ocrx_word' id='word_1_407' title='bbox 0 0 2063 5648; x_wconf 95' lang='lat' dir='ltr'> </span> 
     </span>
    </p>
   </div>
  </div>
 </body>
</html>
