4116 5648
738 409 823 454 xoxn.
847 390 948 458 19,st

180 544 255 630 19);
282 564 400 611 verum
423 546 556 606 tantum
582 540 692 609 abluit
711 551 748 609 ut
771 543 803 609 ei
822 538 1015 621 crederent,
1044 548 1081 606 ut
1102 541 1181 607 odio
1196 538 1407 628 implacabili
1421 564 1500 610 eum

178 653 441 725 insectarentur3
466 646 608 739 insuper
629 651 663 714 in
688 669 783 728 eum,
809 648 863 714 cui
886 647 1029 715 subiecti
1054 668 1126 713 csse
1150 647 1340 727 debebant,
1363 645 1429 711 sibi
1447 670 1502 715 su-

177 764 274 825 munt
298 753 552 834 auctoritatem,
577 775 657 821 eum
676 754 836 843 capiunt,
855 751 1028 835 iudicant,
1055 751 1163 818 Pilato
1182 753 1305 819 sistunt
1327 760 1500 841 tamquam

176 862 349 930 hominem
363 882 425 927 sua
436 861 512 947 lege
528 861 614 926 iuste
627 859 905 927 condemnatum.
924 860 1005 926 lnde
1020 857 1170 926 Christus
1181 859 1283 924 infert
1297 879 1305 925 :
1318 872 1499 950 propterea

175 967 238 1059 qui
251 989 304 1033 me
320 967 466 1035 tradidit
480 967 554 1047 cot,
573 964 687 1032 maius
697 979 879 1056 peccatum
898 965 1037 1032 liabet‘i.
1054 988 1085 1032 c.
1107 964 1332 1052 synedristae,
1354 987 1500 1053 quorum

174 1074 243 1140 dux
265 1082 298 1141 et
320 1074 456 1143 sceleris
477 1079 596 1139 auctor
621 1077 671 1138 est
694 1074 850 1163 Caiphas.
879 1075 1057 1139 Peccatum
1080 1071 1282 1139 ludaeorum
1306 1071 1416 1138 maius
1429 1095 1499 1140 esse

174 1180 291 1249 dicens
303 1180 406 1248 simul
423 1180 567 1245 Pilatum
584 1180 715 1267 peccati
729 1181 878 1258 incusat,
893 1180 1018 1246 iterum
1035 1199 1119 1264 ergo
1137 1200 1215 1244 eum
1233 1184 1349 1245 monet
1360 1200 1498 1267 seseque

175 1288 391 1356 innocentem
415 1285 577 1352 declarat,
600 1290 645 1352 Ex
669 1288 774 1353 variis
794 1287 905 1353 causis
928 1285 1071 1375 quidem
1093 1291 1268 1374 peccatum
1295 1284 1497 1352 ludaeorum

174 1396 312 1483 gravius
331 1395 434 1459 luisse
447 1392 516 1459 dici
536 1397 647 1481 potest
664 1401 853 1460 :noverant
864 1414 973 1482 opera
992 1391 1132 1472 Christi,
1149 1393 1222 1458 eius
1238 1390 1282 1458 de
1295 1413 1330 1457 se
1347 1391 1500 1458 testimo-

173 1502 247 1580 nia,
274 1499 440 1566 miracula
460 1507 509 1565 tot
533 1521 572 1565 ac
601 1504 712 1571 muta.
739 1499 953 1567 sanctitatem
979 1498 1069 1565 vitae
1092 1497 1182 1576 eius;
1208 1507 1373 1564 noverant
1394 1519 1497 1586 quam

175 1607 259 1674 falso
275 1628 354 1672 eum
373 1613 587 1685 accusarent,
609 1605 694 1673 dum
711 1606 838 1672 Pilatus
852 1605 951 1694 quasi
967 1605 1094 1671 invitus
1112 1610 1147 1671 et
1160 1603 1281 1671 timore
1297 1604 1435 1671 tandem
1455 1627 1498 1671 ne

173 1713 238 1780 sibi
252 1712 418 1779 damnum
433 1718 565 1778 crearet
578 1714 613 1778 in
628 1711 831 1778 sententiam
845 1713 1005 1778 iniustam
1016 1710 1181 1800 impulsus
1194 1718 1254 1777 est.
1272 1712 1423 1778 Christus
1437 1734 1499 1790 au-v

173 1826 241 1887 tem
257 1840 362 1885 tinam
382 1819 480 1885 ellert
502 1840 638 1886 causam
655 1819 792 1885 maioris
809 1819 938 1908 peccati
956 1818 1049 1908 quod
1070 1817 1121 1884 illi
1140 1822 1306 1908 potestate
1321 1817 1388 1884 sibi
1404 1840 1497 1885 arro·

172 1933 253 2015 gata
279 1925 385 1992 libere
407 1927 443 1991 in
471 1948 505 1991 se
527 1926 680 1992 furorem
704 1932 738 1992 et
759 1925 925 1992 invidiam
953 1926 1176 1992 exercuerint.
1194 1925 1253 1991 llic
1275 1924 1497 1992 videturesse

170 2055 288 2100 sensus
311 2032 404 2099 illius
420 2045 621 2122 propterea‚·
647 2032 760 2098 minus
785 2032 878 2098 enim
909 2032 1065 2122 peccavit
1091 2031 1218 2099 Pilatus
1238 2037 1405 2121 potestate
1432 2031 1498 2099 sibi

170 2162 327 2206 concessa
356 2141 443 2206 male
471 2145 567 2206 utem
600 2161 705 2228 quam
734 2138 786 2204 illi
809 2138 882 2205 sine
912 2139 980 2205 ulla
1008 2144 1174 2228 potestate
1192 2144 1311 2205 contra
1330 2138 1383 2204 ius
1400 2138 1498 2205 etias

171 2269 306 2313 summa
326 2246 453 2312 iniuria
467 2246 503 2312 in
520 2250 628 2313 lesum
644 2249 809 2312 furentes.

212 2470 293 2531 liiud
313 2469 355 2526 διὰ
379 2475 472 2544 τοῦτο,
487 2477 670 2551 propterea,
685 2471 810 2549 ingenia
826 2470 1038 2548 interpretum
1054 2470 1138 2530 varie
1157 2470 1308 2531 exercuit.
1325 2469 1499 2530 Videbatur

171 2568 256 2630 enirn
273 2586 371 2630 nexus
386 2569 509 2629 deesse.
525 2568 614 2630 Unde
629 2568 728 2646 aliqui
749 2567 850 2629 ullum
870 2567 1100 2628 adstruendum
1120 2584 1189 2627 esse
1208 2584 1326 2628 nexum
1347 2572 1497 2646 negantes

171 2666 356 2744 particulam
373 2682 480 2727 merae
495 2666 693 2726 transitionis
711 2683 781 2726 esse
797 2664 956 2726 volebant.
973 2664 1034 2725 atii
1054 2665 1176 2743 aliquid
1193 2665 1411 2743 supplendum
1426 2682 1495 2726 esse

171 2764 416 2832 arbitrabantur,
431 2769 468 2824 ut
484 2780 542 2824 sua
554 2763 728 2842 particulae
742 2769 925 2824 servaretur
938 2739 1027 2823 ndtio
1044 2781 1052 2823 :
1070 2764 1146 2841 quia
1160 2767 1194 2824 tu
1211 2764 1317 2823 solum
1332 2763 1399 2842 agis
1415 2764 1448 2824 in
1460 2780 1497 2823 ea

170 2879 203 2922 re
214 2867 250 2922 ut
261 2863 511 2922 instrumentum
525 2861 661 2922 invidiae
675 2861 820 2932 aliorum,
832 2866 1056 2940 propterea...;
1073 2861 1122 2921 rel
1136 2861 1211 2939 quia
1223 2878 1328 2921 meam
1342 2862 1497 2939 originem

169 2977 206 3020 ac
224 2959 413 3038 dignitatem
435 2975 546 3037 capere
565 2977 629 3020 non
652 2964 757 3038 potes;
775 2960 852 3037 quia
871 2959 1028 3037 permissa
1047 2960 1105 3018 tibi
1123 2959 1177 3019 illa
1198 2959 1347 3019 facultate
1368 2959 1496 3021 nonnisi

171 3058 291 3118 invitus
306 3061 419 3117 contra
438 3074 488 3118 me
507 3057 554 3117 uti
572 3062 702 3136 paratus
717 3075 766 3128 es,
783 3062 952 3137 propterea
966 3061 1026 3117 etc.
1045 3057 1098 3135 (cl.
1119 3053 1229 3134 Cori).
1247 3057 1309 3117 Sed
1326 3056 1403 3118 haec
1417 3074 1496 3136 quae

169 3156 370 3234 supplentur,
389 3156 419 3214 in
441 3155 646 3216 antecedenti
669 3155 828 3215 sententia
850 3172 912 3215 non
928 3154 1143 3226 continentur,
1163 3155 1195 3215 id
1216 3154 1299 3232 quod
1322 3159 1430 3216 tamen
1445 3172 1495 3215 re-

169 3254 316 3332 quiritur,
332 3258 366 3312 ut
383 3252 463 3313 illud
479 3261 647 3333 propterea
662 3253 722 3313 rite.
738 3253 890 3333 subiungi
906 3253 1018 3331 possit.
1037 3254 1146 3330 Neque
1159 3253 1277 3313 sufficit
1296 3252 1400 3313 dicere
1421 3253 1497 3313 Pila-

169 3357 239 3412 tum
261 3351 365 3429 egisse
386 3351 500 3410 timore
524 3351 715 3429 impulsum,
734 3351 814 3411 alios
837 3351 937 3412 livore
959 3356 992 3412 et
1012 3350 1136 3411 malitia
1156 3348 1243 3429 (Clu.
1268 3348 1342 3432 Cyr.
1366 3348 1495 3428 Tirone),

169 3466 250 3527 quae
271 3448 351 3508 ratio
370 3449 478 3526 potius
493 3449 538 3508 ita
553 3448 665 3510 debuit
679 3449 804 3509 afferri:
822 3450 930 3509 minus
951 3454 1117 3527 peccatum
1137 3454 1360 3527 estpotestate
1382 3447 1496 3508 tradita

168 3563 206 3607 ex
221 3546 336 3606 timore
353 3546 456 3616 abuti,
470 3562 566 3623 quarn
584 3545 650 3607 sine
669 3546 735 3607 ulla
751 3551 909 3624 potestate
925 3564 962 3607 ex
978 3547 1103 3607 malitia
1119 3547 1179 3606 sibi
1195 3563 1341 3625 arrogare
1359 3549 1499 3624 potesta·

80 3725 82 3729 Α
167 3651 233 3704 tem
250 3645 281 3702 in
303 3643 478 3720 perniciem
495 3643 641 3716 alterius;
659 3644 690 3704 id
709 3644 795 3722 quod
812 3645 918 3705 innuit
937 3645 1020 3725 Aup.
1039 3664 1049 3703 .·
1066 3669 1080 3698 «
1104 3644 1175 3723 plus
1193 3650 1305 3723 peccat
1325 3645 1379 3724 qui
1399 3649 1497 3721 pote·

168 3741 241 3802 stati
267 3742 471 3802 innocentem
493 3742 705 3803 occidendum
725 3743 823 3803 livore
850 3743 961 3813 tradit,
989 3760 1087 3821 quam
1113 3748 1252 3821 potestas
1276 3743 1346 3821 ipsa
1368 3743 1394 3801 si
1417 3758 1490 3803 curn

168 3840 282 3899 timore
303 3838 436 3900 alterius
456 3839 584 3899 maioris
605 3842 772 3918 potestatis
795 3841 927 3911 occidit;
949 3841 1003 3901 ille
1028 3842 1148 3919 quippe
1171 3857 1226 3901 me
1248 3846 1321 3901 tuae
1344 3841 1495 3918 potestati

167 3936 297 3997 tradidit
312 3936 503 4008 invidendo,
519 3941 553 3997 tu
572 3955 647 3998 vero
668 3939 803 3999 eandem
823 3943 1016 4017 potestatem
1039 3940 1071 3998 in
1089 3956 1139 3999 me
1163 3944 1348 3999 exserturus
1368 3956 1401 3998 es
1420 3954 1495 3997 me·

167 4034 286 4104 tuendo
301 4059 328 4093 n.
346 4035 512 4095 Existimat
531 4033 596 4094 rot.
612 4042 777 4114 peccatum
792 4054 861 4096 esse
876 4037 997 4110 maius,
1014 4037 1091 4114 quia
1103 4037 1253 4115 potestati
1270 4037 1373 4096 iustae
1388 4036 1493 4095 lesum

167 4138 200 4194 ut
213 4132 404 4193 sceleratum
420 4133 610 4204 obtulerint,
626 4135 703 4210 quia
718 4135 814 4195 iudici
834 4134 873 4195 ad
887 4134 1070 4195 nocendum
1088 4134 1258 4213 potentiori
1274 4135 1381 4194 lesum
1397 4133 1496 4193 tradi·

166 4231 283 4292 derint.
302 4233 480 4308 Tamquam
500 4248 686 4309 germanam
705 4233 873 4292 verborum
896 4232 1141 4311 intelligentiam
1166 4231 1249 4292 laris.
1269 4231 1365 4292 tradit
1382 4231 1462 4292 hanc
1485 4249 1491 4289 ε

168 4353 183 4383 «
201 4336 382 4410 propterea,
399 4328 459 4388 hoc
473 4333 537 4398 est,
553 4329 630 4406 quia
644 4347 682 4390 ex
698 4335 755 4389 tuo
768 4331 874 4392 olfacio
886 4335 918 4390 et
932 4332 1123 4391 auctoritate
1138 4349 1202 4409 qua
1217 4331 1359 4410 iungeris
1376 4329 1494 4389 nullam

167 4425 264 4486 habes
280 4427 312 4486 in
334 4443 386 4486 me
403 4431 608 4504 potestatem,
627 4428 682 4488 sed
702 4432 827 4488 tantum
851 4447 888 4489 ex
907 4429 1017 4489 divina
1039 4430 1265 4507 permissione,
1286 4429 1358 4490 ideo
1381 4427 1441 4488 etsi
1459 4433 1493 4485 tu

167 4541 278 4601 pecces
294 4525 347 4602 qui
366 4529 529 4601 tamquam
550 4541 587 4584 ex
608 4525 798 4586 auctoritate
818 4527 988 4587 adversum
1009 4543 1060 4587 me
1076 4532 1267 4605 potestatem
1288 4543 1430 4594 exerces,
1449 4529 1495 4583 ta·

168 4638 241 4681 men
254 4623 309 4698 qui
324 4639 377 4682 me
393 4621 524 4682 tradidit
536 4621 595 4681 tibi
613 4624 754 4702 populus
769 4625 873 4683 maius
895 4629 1062 4702 peccatum
1078 4624 1173 4684 habet
1186 4642 1284 4702 quarn
1299 4629 1349 4693 tu,
1362 4623 1437 4701 quia
1454 4639 1491 4681 ex

167 4719 240 4779 odio
261 4736 311 4778 me
329 4721 551 4781 immerentem
567 4725 600 4780 et
620 4724 694 4782 tuae
710 4722 858 4799 potestati
879 4739 1086 4800 nequaquam
1103 4723 1262 4783 subditum
1284 4721 1342 4781 tibi
1363 4720 1493 4780 tradidit

169 4823 277 4878 auctor
290 4819 447 4912 exsistens
461 4818 567 4879 omnis
582 4819 668 4896 quod
683 4820 715 4878 in
730 4836 782 4880 me
793 4821 1010 4881 committitur
1022 4821 1161 4889 sceleris,
1180 4827 1275 4898 teque
1291 4819 1340 4880 vel
1357 4818 1492 4878 invitum
