4050 5648
58 592 179 723 ⁴
194 691 203 719 ·.-.
218 617 233 641 ⁸
304 615 456 714 undique
471 626 628 697 homines
647 623 856 691 confluerent
870 628 904 689 et
918 624 988 716 ipse
1004 624 1218 719 praedicaret
1231 630 1265 690 et
1282 648 1371 693 novo
1388 626 1538 716 quodam
1558 624 1624 688 ritu

114 726 129 821 ᾗ
144 712 198 811 Ξ
212 726 233 808 ”,
259 759 261 763 ·
280 765 281 768 ·
306 730 556 818 eos‘lustraret,
574 740 697 801 etcum
712 729 851 821 insuper
862 751 978 801 rumor
992 731 1167 824 popularis
1181 729 1252 798 iam
1263 734 1378 827 spargi
1391 741 1531 821 coeptus
1541 736 1626 799 esset

62 824 178 943 5
200 843 202 847 ’
305 859 384 907 eum
400 864 480 924 esse
491 840 676 918 Christum,
690 839 842 927 proiecto
858 836 981 908 mirum
995 845 1095 922 esset,
1110 836 1138 904 si
1152 858 1192 902 ea
1206 837 1241 902 in
1254 839 1448 911 conditione
1463 837 1520 926 (os.
1544 844 1622 906 Luc,

305 949 397 1040 3,15)
409 966 563 1017 summus
580 942 783 1012 ludaeorum
798 943 1015 1029 magistratus
1029 948 1131 1038 plane
1147 942 1191 1009 ab
1204 941 1297 1010 omni
1310 944 1529 1035 inquisitione
1547 946 1623 1011 ahs-

112 1031 176 1132 ,ςῖ
234 1040 237 1044 ’
302 1054 438 1122 tineret.
462 1050 556 1120 Unde
579 1049 636 1118 hic
660 1073 797 1143 quoque
816 1053 1023 1140 evangelista
1046 1052 1082 1119 id
1102 1049 1238 1139 supplet
1259 1051 1350 1140 quod
1369 1050 1538 1146 synoptici
1557 1074 1625 1118 non

66 1159 97 1254 if»
109 1166 161 1250 §.gfff
207 1228 208 1231 ,
302 1160 506 1229 retulerunt.
528 1160 568 1224 Et
586 1158 669 1248 quia
689 1165 832 1226 loannes
859 1180 900 1225 ea
917 1158 1133 1250 potissimum
1152 1160 1294 1244 tangere
1313 1156 1401 1236 vult,
1424 1181 1516 1246 quae
1532 1156 1625 1229 Chri-

64 1253 173 1365 3*·ί’,ῗι
214 1304 216 1308 ·
303 1272 375 1334 stus
393 1264 428 1329 in
451 1264 537 1330 urbe
559 1288 637 1334 cum
661 1264 806 1333 ducibus
826 1265 948 1355 populi
968 1263 1183 1354 disputabat,
1198 1263 1370 1353 aptissime
1387 1262 1431 1329 ab
1451 1264 1515 1330 hac
1531 1263 1628 1351 lega·

77 1359 102 1467 ⁴
130 1358 201 1470 ⁴⁴2(
233 1461 234 1464 Ἴ
302 1372 394 1437 tione
412 1391 509 1438 suam
520 1371 643 1463 incipit
652 1370 901 1456 narrationem,
917 1393 986 1461 qua
999 1371 1112 1438 statim
1126 1367 1353 1438 adumbratur
1361 1367 1510 1460 quadam
1528 1371 1627 1459 quasi

57 1459 214 1565 &iffi
301 1461 536 1566 praelusione,
558 1479 620 1570 qui
635 1478 679 1546 sit
702 1476 896 1545 animorum
919 1476 1059 1545 ‘habitus
1079 1477 1218 1544 illorum
1233 1476 1358 1544 ducum
1375 1497 1463 1543 nova
1476 1474 1536 1540 illa
1552 1497 1624 1541 ma-

187 1643 198 1661 ,.
220 1594 224 1601 “
302 1582 520 1654 niiestationc
544 1585 707 1653 divinitus
728 1584 830 1650 iacta.
852 1589 897 1651 Ex
915 1586 989 1675 ipsa
1015 1606 1051 1650 re
1076 1590 1215 1651 narrata
1232 1588 1363 1650 certum
1382 1590 1431 1650 est
1443 1604 1519 1650 eam
1531 1581 1625 1667 laga-

61 1674 214 1787 *aifs-
302 1692 433 1761 tionem
456 1692 596 1760 missam
619 1713 690 1760 esse
713 1694 896 1781 postquam
914 1690 1061 1780 baptista
1080 1691 1149 1758 iam
1173 1712 1235 1779 per
1253 1690 1389 1776 longius
1410 1696 1545 1779 tempus
1563 1711 1624 1755 suo

273 1860 275 1864 .
300 1820 443 1866 munere
462 1799 600 1866 functus
619 1803 668 1865 est
690 1803 724 1864 et
740 1817 780 1870 er
796 1819 829 1864 v.
851 1803 893 1864 29
912 1820 982 1887 seq.
1009 1795 1127 1882 (altera
1142 1796 1198 1863 die
1218 1796 1297 1886 ete.)
1314 1796 1414 1863 simul
1430 1802 1525 1885 patet
1539 1796 1625 1862 haec

300 1909 376 1972 acta
389 1925 461 1971 esse
475 1909 554 1994 post
566 1904 777 1994 baptismum
792 1903 917 1970 Christi
932 1909 966 1969 et
985 1902 1057 1970 eius
1072 1928 1091 1971 e
1108 1903 1241 1970 deserto
1256 1901 1504 1969 tentationibus
1516 1907 1623 1968 trans-

298 2011 382 2077 actis
412 2009 575 2078 reditum.
607 2015 695 2078 llaec
718 2009 811 2077 cuim
840 2015 956 2100 utpote
984 2032 1023 2076 ex
1048 2009 1233 2100 synopticis
1259 2015 1340 2076 nota
1369 2015 1621 2098 supponuntur.

114 2187 150 2219 ς
298 2116 517 2205 Evangelista
523 2116 560 2185 id
574 2111 736 2186 unuin'ob
748 2116 865 2203 oculos
875 2114 1020 2185 habetat
1034 2139 1054 2184 a
1070 2116 1189 2183 limine
1205 2113 1507 2205 ostendatqualem
1521 2115 1623 2181 iidem

297 2223 469 2314 baptistae
484 2217 724 2292 testimonium·
740 2223 910 2291 invenerit
927 2223 1020 2314 apud
1036 2223 1139 2290 duces
1154 2229 1187 2290 et
1200 2223 1246 2312 (v.
1276 2228 1317 2288 29
1339 2223 1426 2311 seq.)
1440 2221 1533 2312 apud
1548 2244 1624 2288 suos

298 2329 497 2421 discipulos.
513 2334 564 2398 lta
579 2330 623 2398 ab
643 2330 783 2397 exordio
802 2329 1008 2397 narrationis
1030 2329 1204 2397 delineare
1220 2331 1355 2419 incipit,
1373 2331 1432 2418 qui
1453 2330 1624 2396 Christum

297 2459 368 2504 non
385 2437 569 2527 recipiant,
586 2437 647 2527 qui
667 2459 745 2505 eum
764 2436 932 2526 recipiant
950 2442 984 2503 et
1002 2437 1204 2526 recipientes
1224 2435 1310 2503 fiant
1327 2435 1388 2502 filii
1413 2436 1470 2501 Dei
1487 2435 1532 2524 (v.
1558 2439 1621 2521 12).

343 2549 487 2611 Enarrat
502 2544 636 2634 itaque,
653 2544 704 2611 uti
721 2544 792 2612 iam
810 2543 848 2610 in
868 2543 1015 2634 prologo
1030 2565 1061 2609 v.
1079 2550 1110 2610 6.
1128 2543 1340 2624 lindicavit,
1357 2541 1458 2632 quale
1477 2542 1624 2609 testimo

298 2650 395 2717 nium
419 2650 463 2718 de
487 2637 858 2741 lumine'perhibuerit
880 2673 910 2716 v.
935 2657 975 2718 19
997 2663 1029 2717 et
1053 2649 1114 2717 hoc
1139 2664 1188 2717 est
1209 2649 1443 2717 testimonium
1466 2650 1623 2729 Ioannis,

300 2755 440 2846 quando
456 2756 625 2824 miserunt
639 2755 775 2844 Iudaei,
798 2756 1006 2824 habitatores
1022 2758 1182 2839 Iudaeae,
1201 2757 1261 2845 qui
1279 2756 1434 2844 generali
1451 2757 1624 2822 locutione

297 2862 525 2930 nominantur
536 2884 599 2952 pro
617 2862 843 2953 primoribus,
861 2884 924 2952 pro
945 2861 1160 2949 spnedmstis,
1172 2884 1320 2952 quorum
1343 2871 1417 2928 erat
1433 2863 1621 2950 inquirere,

296 2969 417 3061 siquis
435 2991 507 3037 sese
526 2974 705 3059 tamquam
724 2966 930 3059 prophetam
950 2967 1127 3035 exhiberet
1142 2973 1175 3034 et
1195 2969 1319 3058 quihus
1334 2969 1524 3056 generatim
1541 2991 1624 3034 cura

298 3099 425 3168 rerum¹
438 3076 481 3143 ad
501 3075 708 3164 religionem
728 3074 928 3165 cultumque
945 3075 1192 3165 pertinentium
1215 3074 1454 3156 incumbebat,
1469 3075 1625 3141 similiter

295 3183 394 3273 loqui
411 3188 445 3250 et
459 3181 608 3249 scrihere
622 3183 733 3249 solent
754 3204 762 3250 :
778 3182 922 3248 Romani
938 3181 1104 3248 miserunt
1118 3182 1265 3270 legatos,
1283 3181 1346 3248 etsi
1361 3180 1472 3248 solum
1487 3190 1623 3249 senatus

295 3289 350 3356 vel
363 3288 467 3356 duces
479 3288 628 3355 militum
644 3287 822 3356 miserunt.
834 3288 896 3366 Qui
909 3287 1030 3354 modus
1043 3288 1212 3377 loquendi
1228 3288 1270 3355 de
1284 3288 1417 3356 ludaeis
1432 3290 1622 3376 generatim

296 3393 481 3485 peculiaris
501 3400 552 3462 est
566 3394 701 3473 loanni,
719 3400 753 3462 et
773 3393 1073 3483 explicatursacile
1093 3416 1131 3460 ex
1147 3417 1186 3461 eo
1207 3395 1301 3485 quod
1317 3395 1422 3481 longo
1443 3395 1623 3461 intervallo

297 3507 331 3568 et
344 3499 507 3591 temporis
523 3507 557 3568 et
571 3499 724 3588 regionis
738 3500 782 3568 de
796 3499 899 3566 rebus
913 3499 981 3565 illis
1003 3499 1086 3566 olim
1107 3501 1203 3567 lactis
1217 3501 1335 3567 scribit
1354 3501 1393 3566 iis
1405 3501 1621 3589 potissimum

117 3574 120 3583 ⁴
137 3640 141 3647 ·
230 3621 232 3625 ’
296 3606 358 3698 qui
370 3607 436 3697 ipsi
447 3612 611 3675 non'sunt
622 3605 738 3674 ludaei
750 3605 774 3673 i.
792 3629 821 3672 e.
835 3591 968 3672 incolae
981 3606 1136 3673 ludaeae.
1152 3612 1192 3673 at
1199 3607 1258 3674 illo
1271 3614 1336 3674 tem
1341 3630 1425 3697 porc
1438 3608 1507 3673 iam*
1520 3607 1623 3695 longe

234 3735 237 3763 2
296 3715 407 3781 maior
427 3712 548 3804 populi
571 3713 698 3781 iudaici
722 3734 803 3803 pars
828 3711 933 3779 fidem
959 3713 1080 3780 Christi
1102 3713 1343 3803 repudiaverat
1365 3714 1620 3791 annuntiatam

295 3841 404 3909 quare
421 3818 539 3906 ludaei
555 3821 747 3907 generatim
765 3818 859 3909 apud
874 3824 1035 3887 loannem
1055 3826 1091 3885 ut
1113 3820 1138 3886 ii
1155 3820 1396 3888 describuntur
1416 3823 1475 3909 qui
1491 3821 1623 3887 Christo

296 3925 400 3993 fidem
416 3925 583 3993 adhibere
598 3925 800 3993 detrectant.
819 3927 979 3993 Miserunt
993 3926 1109 4015 itaque
1123 3927 1331 4015 synedristae
1350 3929 1392 3994 ab
1408 3928 1624 4016 [erosolymis

293 4032 485 4101 sacerdotes
500 4045 532 4099 et
546 4031 689 4114 'levitam
708 4031 825 4118 agitur
844 4031 887 4098 de
901 4052 938 4097 ra
950 4033 1127 4118 religiosa,
1146 4033 1188 4099 de
1204 4035 1271 4101 ritu
1287 4035 1513 4114 lustrationis;
1533 4033 1623 4099 undo

294 4140 326 4208 ii
347 4140 544 4224 mittuntur,
568 4139 694 4230 quibus
715 4159 834 4206 earum
852 4159 969 4205 rerum
998 4159 1078 4204 cura
1097 4145 1130 4204 et
1148 4140 1299 4207 studium
1318 4140 1505 4222 incumbit,
1529 4151 1561 4206 et
1575 4140 1623 4206 le-

294 4247 381 4314 vitas
395 4269 535 4338 quoque
551 4247 666 4333 legem
685 4251 720 4313 et
742 4245 968 4312 caerimonias
983 4243 1137 4312 docuisse
1151 4245 1221 4312 iam
1241 4246 1387 4314 hahetur
1407 4252 1514 4313 2Par.
1533 4253 1623 4328 19,8-

298 4360 356 4435 103
375 4360 465 4436 17,8.
483 4360 521 4436 93
538 4352 586 4420 ad
598 4375 694 4435 eum,
718 4364 757 4419 ut
771 4352 1021 4441 interrogarent
1039 4374 1116 4418 eum
1132 4374 1145 4417 .·
1161 4364 1199 4418 ta
1211 4353 1287 4443 quis
1307 4357 1363 4419 es?
1378 4352 1450 4420 scil.
1466 4354 1525 4442 qui
1542 4355 1623 4421 talia

297 4480 388 4526 nunc
403 4461 532 4527 moliris
550 4460 587 4526 in
606 4458 736 4549 populo
752 4466 785 4526 et
802 4459 998 4549 praedicas;
1016 4480 1084 4547 qua
1103 4459 1302 4526 auctoritate
1318 4460 1401 4527 haec
1421 4461 1527 4526 frunt?
1540 4467 1621 4527 Cum

298 4565 447 4654 baptista
467 4567 569 4634 sciret
589 4565 673 4655 quid
693 4565 735 4631 de
752 4587 786 4631 se
812 4565 969 4656 populari
996 4587 1134 4632 rumore
1157 4576 1376 4656 spargeretur
1399 4569 1491 4655 (Luc.
1509 4569 1619 4655 3,15),

298 4671 423 4738 merito
446 4672 624 4764 supposuit
641 4671 772 4758 legatos
790 4693 830 4738 ea
857 4674 899 4739 de
924 4693 1023 4740 causa
1046 4671 1090 4738 ad
1112 4695 1146 4738 sc
1168 4675 1255 4739 mitti
1277 4675 1384 4761 (Or.);
1403 4674 1493 4739 unde
1510 4675 1621 4740 statim
1679 4691 1682 4698 ’

298 4778 389 4844 hanc
407 4778 455 4844 eis
472 4779 701 4870 suspicionem
721 4776 848 4844 eximit.
866 4779 946 4846 aliis
965 4778 1099 4846 videtur
1117 4781 1330 4870 probabilius
1349 4782 1424 4847 illos
1437 4780 1550 4848 statim
1567 4782 1620 4848 in-

299 4891 507 4970 terrogasse,
529 4893 659 4954 essetne
673 4885 824 4952 Christus
838 4883 988 4974 (Marci).
