4050 5648
150 708 153 715 ,
237 633 1202 725 *etnonreliquit'me'solumlcr.8,16.2a;16,aa;l,18·;
1226 639 1621 722 itaChr.Eetl.Ilup.·
1709 665 1712 669 <

266 737 384 822 Patr.);
401 751 447 818 at,
459 739 611 823 ‘quamvis
625 736 703 798 haec
721 743 865 821 acceptio
880 742 919 803 ad
939 725 1050 802 scimus
1068 736 1340 815 accommodetur,
1362 746 1470 803 tamen
1483 739 1590 802 minus

265 844 339 919 apte
354 842 500 922 congruit
518 836 557 897 ad
578 832 727 916 vidimus,
742 845 773 901 et
795 839 980 918 neutiquam
999 836 1038 900 ad
1056 831 1228 915 loquimar..
1240 835 1333 899 Nullo
1347 856 1476 918 quoque
1496 835 1590 900 modo

263 935 383 1001 locutio
405 935 581 1015 explicatur
602 950 639 994 ex
658 936 792 1025 scientia
813 937 953 997 increata
974 939 1006 997 et
1024 937 1127 994 creata
1148 931 1253 1014 (Coi),
1270 950 1376 1011 neque
1396 953 1434 997 ex
1449 954 1488 998 eo
1503 934 1589 1015 quod

263 1036 436 1116 discipulos
453 1049 491 1092 ea
510 1047 620 1092 secum
636 1033 716 1100 scire
738 1050 773 1093 ac
793 1033 902 1093 testari
923 1033 1062 1094 indicare
1084 1032 1161 1093 velit
1181 1028 1270 1111 (eon,
1291 1029 1361 1091 Alb.
1378 1021 1465 1112 Fit),
1484 1049 1591 1113 neque

262 1135 339 1214 quia
362 1145 468 1192 secum
489 1128 661 1207 baptistam
683 1112 797 1192 testem
819 1125 961 1191 assu'mat
982 1124 1119 1212 (Weiss).
1141 1127 1231 1192 Unde
1249 1126 1342 1189 'euim
1368 1128 1518 1210 discipuli
1540 1132 1589 1192 vel

41 1271 63 1316 ·‘‚
91 1280 98 1293 ,
262 1230 397 1309 baptista
418 1226 542 1288 censeri
560 1233 691 1307 possent
710 1226 788 1286 haec
806 1228 904 1302 scire,
918 1226 1053 1297 vidisse,
1068 1225 1178 1306 loqui?
1193 1228 1234 1289 111
1247 1225 1398 1287 Christus.
1410 1228 1519 1303 alleri,
1536 1246 1592 1290 cur

106 1334 114 1367 '·
170 1381 172 1384 ,
263 1326 325 1388 sibi
347 1322 425 1384 tides
444 1324 485 1385 sit
500 1323 697 1396 adhihenda,
712 1322 772 1384 etsi
791 1325 960 1402 mysteria,
979 1323 1101 1384 homini
1117 1322 1288 1404 impervia,
1305 1327 1471 1403 proponat.
1488 1325 1589 1396 Quare

43 1406 129 1511 f(
262 1423 441 1484 necessario
457 1424 602 1502 sequitur
616 1421 777 1484 Christum
796 1421 835 1482 de
851 1440 885 1485 se
902 1421 991 1499 loqui
1008 1420 1076 1483 siue
1091 1422 1251 1484 consortio
1268 1421 1512 1502 discipulorum.
1529 1425 1588 1483 Ex-

81 1522 88 1602 s
153 1529 171 1593 g
263 1520 347 1599 plica
363 1521 470 1599 itaque
485 1522 525 1583 de
539 1519 657 1600 plurali
671 1517 829 1579 rhetorico
844 1518 1043 1581 auctoritatis
1063 1526 1095 1581 et
1114 1519 1276 1598 emphasis
1291 1520 1395 1600 gratia
1408 1516 1522 1601 (Sota.)
1537 1521 1589 1581 vel

262 1617 313 1679 dic
331 1636 505 1680 numerum
526 1614 683 1696 pluralem
701 1614 778 1694 poni
794 1615 970 1678 secundum
990 1615 1122 1678 modum
1135 1617 1262 1679 dicendi
1281 1618 1496 1698 evangelistae
1514 1634 1589 1696 pro·

36 1705 63 1725 '⁶
86 1702 91 1712 ’
262 1717 369 1794 prium
383 1716 433 1797 (cl.
447 1714 563 1793 alac).
580 1712 688 1774 hlium
705 1712 885 1790 explicandi
904 1713 1038 1775 modum
1052 1711 1152 1774 Maza.
1167 1713 1356 1794 excogitavit
1371 1733 1379 1776 :
1396 1737 1413 1771 a
1434 1713 1590 1794 sicigitur

261 1814 465 1893 interpretor,
480 1815 516 1872 ut
529 1810 672 1872 Christus
686 1827 745 1872 uec
762 1810 802 1871 de
819 1827 854 1872 se
869 1828 929 1872 nec
943 1811 982 1872 de
997 1828 1061 1871 una
1072 1810 1179 1890 aliqua
1193 1829 1227 1873 re
1242 1829 1338 1891 quam
1354 1813 1423 1891 ipse
1442 1813 1520 1874 sciat
1533 1819 1590 1874 aut

218 1935 222 1944 ·
256 1911 392 1982 uiderit,
409 1909 465 1970 sed
480 1908 519 1970 de
534 1909 684 1971 omnihus
699 1908 790 1970 bonis
805 1908 943 1971 testibus
958 1915 990 1970 et
1007 1908 1047 1969 de
1061 1909 1149 1970 omni
1168 1909 1316 1971 similiter
1332 1911 1588 1973 testimoniorum

260 2008 392 2070 materia
402 2006 599 2086 generaliter
613 2006 771 2086 loquatur,
788 2005 820 2066 id
836 2012 885 2067 est
900 2024 909 2066 :
924 2023 987 2067 non
1003 2005 1147 2068 solemus
1162 2007 1272 2068 testari
1287 2006 1348 2067 nisi
1367 2008 1451 2086 quod
1469 2008 1587 2069 scimus

252 2123 297 2167 ,ac
311 2106 468 2179 vidimus3
493 2122 593 2184 quare
614 2121 652 2165 eo
676 2105 746 2184 ipso
770 2103 858 2183 quod
879 2102 971 2166 vides
990 2121 1042 2165 me
1061 2104 1122 2165 hoc
1140 2109 1207 2165 tam
1227 2110 1411 2168 constanter
1430 2106 1588 2168 affirmare

258 2187 355 2284 atoue
371 2204 497 2277 testari,
515 2202 700 2263 existimare
715 2202 813 2264 debes
828 2218 881 2262 me
902 2208 991 2263 certo
1007 2202 1087 2263 scire
1108 2202 1300 2281 credereque
1319 2207 1352 2264 te
1371 2194 1507 2282 oportet.
1524 2206 1588 2266 liac

255 2293 381 2363 'ratione
403 2301 482 2361 nihil
499 2302 530 2360 in
553 2305 619 2362 tota
638 2300 795 2362 sententia
814 2299 1013 2360 difficultatis
1031 2304 1175 2362 remanet
1199 2325 1226 2361 a.
1242 2302 1282 2361 At
1296 2301 1374 2361 mihi
1395 2301 1588 2380 persuadere

259 2418 323 2462 nou
338 2416 486 2478 possum,
503 2398 664 2461 Christum
679 2397 729 2479 (ut
742 2398 803 2458 alia
817 2395 957 2476 mittam)
972 2397 1165 2459 sententiam
1181 2398 1342 2476 quandam
1356 2399 1536 2481 generalem
1549 2400 1588 2461 de

259 2498 352 2560 honis
371 2498 508 2559 testibus
528 2495 675 2558 sollemni
695 2496 751 2557 illa
774 2495 910 2557 formula
932 2495 1080 2556 vestitam
1099 2495 1237 2558 voluisse
1254 2514 1262 2558 :
1278 2513 1388 2570 amen,
1404 2515 1498 2559 amen
1517 2497 1588 2560 dico
1627 2518 1629 2521 ·

251 2587 329 2656 tihi.
348 2596 456 2657 Potius
471 2594 644 2657 concedam
657 2589 827 2655 numerum
840 2593 997 2672 pluralem
1008 2610 1065 2654 nos
1075 2594 1193 2656 debere
1205 2594 1419 2674 evangelistae
1435 2602 1467 2658 et
1481 2597 1589 2658 lesum
1693 2639 1695 2644 -

255 2692 300 2754 de
314 2709 348 2753 se
364 2693 481 2754 soloin
496 2691 650 2771 singulari
665 2691 809 2753 locutum
825 2707 913 2764 esse,
931 2691 977 2751 uti
993 2708 1030 2751 ex
1045 2692 1253 2770 sequentihus
1266 2709 1394 2771 quoque
1408 2697 1508 2772 patet.

305 2874 388 2938 Cum
410 2871 527 2959 itaque
544 2873 634 2935 lesus
656 2867 732 2934 talis
745 2867 790 2934 sit
811 2884 927 2935 rerum
951 2867 1058 2950 testis,
1082 2868 1238 2958 simplice
1253 2867 1321 2936 lide
1340 2870 1414 2937 eius
1434 2870 1589 2938 testimo·

260 2977 356 3044 nium
369 2974 609 3065 accipiendum
622 2980 683 3042 est.
699 2978 738 3041 Et
753 2995 830 3041 cum
846 2974 931 3041 haec
945 2973 1151 3064 respoudeat
1166 2973 1210 3042 ad
1224 2971 1484 3065 quaestionem:
1501 2999 1588 3066 quo·

258 3083 362 3150 modo
382 3084 469 3150 haec
493 3080 570 3150 fieri
594 3084 754 3171 possunt?
772 3080 877 3148 11111111
896 3081 1041 3163 indicat,
1069 3083 1096 3149 si
1119 3104 1188 3171 qua
1209 3080 1439 3170 intelligentia
1466 3106 1588 3152 conce-

117 3176 119 3181 ’
194 3208 196 3210 ’
257 3189 372 3272 datur,
408 3189 503 3256 illam
529 3188 650 3255 datum
675 3187 720 3254 iri
743 3194 847 3277 atque
875 3187 1007 3276 acquiri
1036 3210 1134 3277 posse
1162 3187 1318 3278 simplice
1347 3189 1415 3258 fide
1451 3191 1584 3281 (Chr.);

256 3283 1116 3382 tarditatemredarguitzettestimonianznoslrum
1126 3316 1198 3361 non
1207 3295 1582 3386 occipitis,·videtenim

258 3405 379 3471 in'uno
396 3402 579 3491 pharisaeo
601 3399 784 3467 Nicodemo
800 3399 992 3469 haesitante
1007 3407 1040 3467 et
1052 3399 1243 3489 simplicem
1262 3401 1376 3469 fidem
1390 3404 1505 3471 verbis
1518 3404 1587 3471 su'is

257 3531 328 3577 non
342 3508 530 3575 adhibente
550 3505 694 3596 exprimi
713 3504 867 3573 indolem
882 3506 1111 3595 pharisaicam
1126 3512 1161 3573 et
1173 3507 1293 3574 merito
1304 3509 1446 3598 quidem
1459 3512 1588 3601 exipso

256 3614 432 3684 Nicodemi
446 3632 620 3694 sermone,
642 3635 725 3680 nam
739 3612 871 3679 dixerat
886 3611 928 3679 de
940 3635 976 3679 se
990 3619 1024 3680 et
1037 3614 1090 3679 sui
1108 3613 1278 3681 similibus
1297 3636 1305 3683 :
1328 3615 1456 3684 scimus
1469 3618 1584 3708 quiaa

258 3727 326 3790 Deo
339 3721 464 3789 venisti
478 3720 643 3808 magister
658 3719 705 3807 (v.
723 3719 757 3808 2)
769 3723 931 3786 ettamen
946 3719 1078 3785 homini
1092 3740 1242 3807 magnae
1254 3722 1466 3790 auctoritatis
1479 3746 1587 3815 repu-

257 3837 343 3919 gnat
356 3827 522 3918 (Thom.);
542 3826 635 3894 uude
657 3829 747 3892 lesus
770 3823 893 3891 merito
912 3846 1106 3892 sermonem
1125 3826 1169 3894 ad
1188 3833 1299 3896 totum
1315 3831 1476 3897 transfert
1490 3830 1585 3898 ordi·

257 3959 349 4005 nem.
365 3940 473 4014 Quam
487 3931 763 4000 incredulitatem
784 3953 854 4019 quo
868 3930 980 4018 magis
995 3932 1114 3999 efferat
1129 3932 1228 4000 addit
1239 3957 1297 4001 eos
1313 3958 1385 4003 non
1400 3936 1585 4005 credidisse

256 4044 323 4111 sihi
342 4049 479 4109 terrena
498 4039 645 4119 dicenti;
670 4037 753 4127 quid
774 4038 915 4105 taudmn
933 4038 1057 4106 facturi
1076 4046 1202 4123 essent,
1227 4041 1256 4107 si
1275 4042 1435 4110 coelestia
1455 4043 1586 4112 diceret

261 4149 416 4239 (Malae
434 4172 467 4214 v.
486 4153 527 4213 12
543 4145 577 4213 si
587 4159 722 4212 terrena
735 4144 812 4211 daei
824 4144 916 4212 vobis
930 4158 962 4212 et
977 4168 1048 4211 non
1062 4145 1216 4231 creditis,
1236 4149 1406 4237 quomodo
1417 4149 1451 4226 ,si
1463 4149 1584 4219 dixero

257 4259 350 4325 cobis
369 4254 528 4325 coelestio
546 4252 759 4320 credetisirh
777 4261 893 4339 ἐπίγεια
905 4274 946 4318 ea
961 4275 1048 4340 quae
1068 4254 1104 4319 in
1120 4259 1213 4320 terra
1226 4253 1328 4337 fiunt,
1349 4254 1386 4320 in
1401 4261 1493 4324 terra
1506 4263 1587 4327 sunt

260 4365 299 4453 (ot
324 4374 447 4451 ἐπίγειοι
466 4367 577 4428 terrae
593 4358 744 4438 incolae,
770 4358 938 4446 homines)
960 4358 1081 4423 merito
1097 4358 1339 4456 intelligimtur
1363 4362 1407 4429 de
1427 4365 1502 4453 ipsa
1524 4366 1585 4433 illa

260 4470 538 4557 regeneratione,
560 4464 604 4531 de
623 4486 692 4554 qua
713 4464 867 4533 Christus
886 4464 1020 4531 locutus
1039 4471 1088 4531 est
1115 4489 1146 4533 v.
1173 4472 1205 4532 3.
1224 4474 1300 4550 5-8;
1319 4468 1373 4535 ita
1390 4492 1466 4537 eam
1485 4478 1585 4538 vocat

260 4577 342 4668 quia
356 4580 392 4643 in
414 4575 513 4643 terris
529 4561 714 4652 confertur,
733 4572 783 4637 uti
806 4573 885 4640 Chr.
910 4571 992 4638 dicit
1005 4571 1132 4662 aliique
1148 4572 1310 4665 (Tlreoph.
1333 4575 1440 4647 Eutlt.
1464 4577 1580 4645 Thom.

262 4683 333 4751 Tol.
360 4683 448 4750 Corl.
471 4682 571 4750 Schz.
606 4678 735 4763 Weiss·
752 4679 909 4746 similiter
928 4676 1031 4766 Schp.
1056 4680 1116 4769 qui
1137 4682 1242 4748 refert
1255 4683 1300 4749 ad
1316 4705 1347 4750 v.
1371 4687 1417 4774 6).
1435 4686 1584 4773 Longius

260 4791 358 4860 abest
377 4789 471 4879 quod
490 4793 581 4878 Aeaq.
598 4783 681 4852 Bed.
703 4789 788 4874 liupr.
805 4789 1005 4876 proponunt
1018 4786 1168 4874 intelligi
1191 4795 1287 4872 a,le;
1310 4791 1363 4856 vel
1379 4791 1578 4880 quodiana.

261 4901 339 4964 Bor.
363 4895 509 4980 habent,
525 4891 646 4962 referri
661 4891 705 4958 ad
720 4890 910 4959 doctrinam
927 4889 970 4957 de
989 4893 1170 4962 virtutibus
1183 4895 1341 4987 vitiisque
1362 4919 1468 4987 quam
1486 4923 1585 4991 para·
