4050 5648
1051 383 1136 429 roxu.
1160 364 1243 435 hbl-
1755 365 1813 426 2⁴3
1897 328 1900 333 ·
1939 339 1976 459 {b

481 512 630 601 intelligi
644 535 782 586 carnem
799 514 922 608 spiritu
930 511 1148 596 destitutam,
1165 511 1225 580 sed
1241 535 1380 583 carnem
1399 516 1521 583 Christi
1537 512 1658 605 spiritu
1677 515 1811 582 anima·
1919 567 1921 575 .

481 635 571 701 tam,
588 621 716 708 vivam,
733 642 871 692 carnem
884 619 993 688 Verbo
1007 624 1175 702 iunctam,
1196 648 1212 680 «
1229 643 1310 688 nam
1325 620 1434 687 sisela
1447 623 1590 689 seorsim
1604 626 1727 689 natura
1737 643 1810 687 cor·

482 729 572 820 poris
581 727 804 820 intelligatur,
818 728 964 794 nouerit
976 725 1241 820 utiquevivilioa
1250 750 1257 809 ;
1267 729 1418 794 siautem
1430 729 1677 796 lucaruationis
1687 733 1812 818 myste-

482 835 571 900 rium
592 837 732 926 propius
754 833 968 922 expendatur
994 833 1127 922 etquis
1152 832 1211 900 ille
1236 833 1279 899 sit
1306 831 1366 921 qui
1391 832 1523 898 habitat
1548 832 1584 898 in
1614 855 1717 901 carne
1744 838 1810 904 hac

481 943 712 1032 perceperitis,
726 938 873 1007 credetis
882 944 1002 1032 utique
1016 960 1156 1006 carnem
1165 939 1339 1006 vivificare
1349 960 1456 1028 posse,
1468 940 1624 1027 quamvis
1634 962 1712 1007 caro
1723 941 1812 1009 nihil

482 1046 583 1136 plane
592 1073 632 1117 ax
651 1071 686 1116 se
704 1046 780 1135 ipsa
797 1049 916 1136 prosit.
940 1046 1027 1124 Quia
1041 1045 1133 1112 euim
1155 1044 1341 1112 vivificanti
1361 1044 1470 1111 Verbo
1490 1045 1587 1112 unita
1600 1052 1663 1126 est,
1683 1046 1811 1116 idcirco

481 1153 568 1224 facta
590 1161 638 1224 est
656 1157 727 1219 tota
742 1151 938 1235 vivifica3...
957 1152 1035 1217 licet
1051 1154 1158 1237 igitur
1172 1157 1296 1219 natura
1313 1151 1425 1218 carnis
1442 1173 1503 1241 per
1518 1174 1552 1218 se
1567 1153 1737 1221 vivificare
1750 1176 1812 1222 ue·

480 1268 585 1351 queat
596 1260 759 1348 ,idipsum
773 1263 890 1327 tamen
904 1264 1057 1349 praestat
1069 1258 1216 1325 Verbum
1229 1257 1401 1324 vivificum
1416 1257 1451 1324 iu
1464 1280 1501 1325 se
1515 1258 1645 1326 habens
1657 1267 1691 1327 at
1705 1266 1812 1330 totum

480 1368 553 1437 cius
563 1365 802 1434 efficacitatem
811 1366 992 1456 proferens
1009 1392 1025 1425 »
1040 1363 1150 1454 (ΟΨ.)
1164 1372 1197 1432 et
1210 1366 1302 1454 Auq.
1320 1385 1334 1429 .·
1348 1394 1364 1428 u
1377 1387 1438 1453 per
1448 1386 1586 1432 carnem
1599 1365 1739 1456 spiritus
1751 1369 1814 1436 ali·

479 1474 564 1564 quid
577 1494 641 1563 pro
660 1478 776 1538 nostra
795 1473 906 1540 salute
922 1470 1012 1557 egit;
1028 1493 1107 1537 caro
1124 1492 1183 1538 vas
1202 1472 1284 1553 fuit;
1299 1469 1393 1560 qnod
1408 1471 1559 1538 habebat
1572 1473 1727 1559 attende,
1744 1496 1813 1542 non

480 1580 569 1671 quod
586 1584 676 1662 erat;
698 1579 787 1645 sicut
804 1577 856 1644 illi
875 1577 1121 1653 intellexerunt
1143 1598 1299 1659 carnem,
1329 1599 1398 1644 non
1415 1576 1539 1665 sicego
1553 1578 1598 1645 do
1610 1578 1655 1646 ad
1668 1581 1815 1649 mandu-

480 1685 630 1754 candum
644 1705 784 1765 carnem
799 1706 914 1753 meam
933 1712 964 1750 ».
984 1683 1131 1751 Effectus
1147 1682 1265 1773 itaque
1280 1685 1368 1750 vitae
1380 1689 1540 1752 aeternae
1556 1685 1698 1753 attribui
1711 1686 1815 1756 debet
1942 1761 1944 1765 ,

480 1814 550 1860 non
574 1791 669 1859 carni
691 1793 728 1858 in
746 1814 781 1858 se
796 1790 1052 1873 consideratae,
1067 1789 1127 1858 sed
1143 1789 1296 1880 spiritui,
1311 1789 1484 1858 divinitati
1498 1792 1699 1860 coniunctae
1718 1795 1815 1862 carui

482 1898 609 1986 (Thom.
631 1899 709 1966 sim.
731 1897 815 1966 Bed.
842 1901 931 1988 Καρ.
960 1897 1036 1964 Cui.
1062 1894 1132 1964 Tol.
1154 1899 1247 1964 lons.
1270 1896 1379 1964 Mald.
1399 1901 1480 1964 Bar.
1500 1901 1583 1966 Nat.
1603 1898 1691 1967 Gorl.
1708 1900 1812 1992 Scbq.

481 2005 611 2093 Solea).
628 2003 855 2072 amandanda
873 2008 924 2070 cst
942 2002 1127 2094 explicatio
1146 2024 1155 2070 t
1172 2023 1263 2092 quae
1277 2003 1320 2070 de
1340 2024 1396 2070 me
1410 2003 1573 2072 dicuntur
1590 2004 1815 2095 spiritualiter

482 2124 560 2180 sunt
580 2111 799 2202 accipienda3
818 2132 907 2177 uam·
922 2109 983 2199 qui
1005 2109 1193 2177 carnaliter
1207 2108 1320 2192 audit,
1340 2110 1427 2177 nihil
1449 2110 1613 2194 lucratur,
1629 2112 1718 2180 nihil
1730 2136 1814 2205 pro·

482 2219 551 2285 ficit
568 2217 660 2308 (Chr.
681 2215 825 2308 Theoplr.
850 2220 935 2284 Bon.
962 2221 1048 2306 Lep.
1066 2216 1208 2303 Colm.);
1224 2216 1354 2307 pariter
1366 2217 1554 2285 reiioienda
1564 2218 1626 2285 illa
1641 2219 1815 2312 interpre-

482 2325 564 2392 tatio
581 2324 851 2392 acatholicorum
875 2346 947 2392 non
967 2346 1155 2414 paucorum
1176 2344 1184 2391 ε
1206 2323 1395 2414 spiritualis
1409 2323 1630 2392 manducatio
1647 2326 1812 2413 vivificat,

482 2431 628 2500 carnalis
650 2431 673 2498 i.
692 2454 722 2498 e.
740 2429 972 2520 realis(quam
988 2452 1046 2496 vos
1060 2429 1231 2520 cogitatis)
1247 2428 1360 2498 carnis
1379 2452 1475 2498 meae
1494 2432 1712 2501 manducatio
1726 2434 1816 2502 nihil
1894 2464 1901 2519 χ
1969 2482 1972 2487 -

483 2539 632 2631 prodest.
646 2544 688 2606 At
696 2537 851 2629 spiritus,
863 2559 956 2616 caro,
970 2559 1040 2603 non
1055 2542 1106 2603 est
1118 2536 1305 2626 spiritualis
1313 2537 1545 2621 manducatio,
1561 2540 1709 2606 carnalis
1720 2561 1818 2608 man-

483 2645 634 2714 ducatio.
658 2683 701 2694 -
725 2643 777 2712 lld
793 2642 963 2711 eiusmodi
982 2642 1248 2733 explicationem
1267 2648 1515 2732 pervenerunt,
1537 2643 1620 2732 quia
1646 2666 1724 2713 coro
1745 2669 1815 2715 non

479 2752 619 2842 prodest
634 2750 825 2843 quodquam
848 2749 891 2817 de
915 2771 1018 2816 carne
1041 2747 1164 2817 Christi
1184 2771 1254 2817 non
1277 2749 1347 2816 dici
1375 2771 1472 2839 posse
1497 2748 1667 2820 viderunt.
1691 2757 1814 2822 Verum

483 2865 544 2927 est.
561 2865 604 2927 ht
618 2858 769 2927 Christus
786 2857 992 2924 sententiam
1006 2856 1104 2946 ponit
1114 2855 1313 2944 generalem
1323 2908 1332 2939 ,
1343 2878 1456 2946 neque
1469 2855 1642 2925 dieitcaro
1654 2881 1740 2927 meu.

528 2966 713 3033 Confirmat
740 2986 829 3053 quae
856 2962 942 3029 dixit
969 2961 1099 3030 addens
1122 2964 1252 3031 :verba
1278 2984 1368 3052 quoe
1389 2985 1452 3054 epo
1472 2962 1604 3031 Iocutus
1624 2987 1700 3032 sum
1723 2966 1816 3036 vobis

482 3079 641 3155 λελάληκα
660 3093 749 3160 quae
765 3069 835 3136 dixi
851 3075 884 3136 et
904 3091 994 3158 quae
1010 3075 1151 3136 manent
1164 3068 1274 3148 dicta,
1290 3069 1429 3159 spiritus
1442 3081 1476 3137 et
1490 3069 1563 3137 vita
1580 3084 1680 3155 satan
1698 3073 1817 3164 utiquc

484 3203 555 3248 non
572 3201 672 3246 sonus
696 3177 881 3244 verborum
902 3174 1045 3265 spiritus
1069 3180 1103 3242 at
1121 3174 1192 3242 vita
1210 3180 1275 3255 est,
1290 3174 1349 3241 scd
1360 3175 1421 3265 qui
1437 3176 1607 3260 verbosa,
1625 3178 1818 3250 doctrinam

484 3287 526 3354 iis
541 3286 750 3353 declaratam
764 3281 923 3373 suscipit,
941 3281 978 3348 in
999 3304 1037 3348 eo
1054 3281 1141 3348 fiunt
1159 3282 1298 3371 spiritus
1317 3287 1351 3348 et
1371 3284 1458 3363 vita3
1481 3283 1589 3352 verba
1602 3285 1725 3353 Christi
1738 3295 1818 3357 suut

484 3394 650 3473 efficacia,
668 3390 824 3458 afliciunt
849 3387 943 3479 quod
969 3389 1168 3472 enuntiant,
1192 3387 1375 3455 materiam
1399 3389 1471 3455 vini
1494 3397 1530 3459 et
1551 3393 1650 3481 panis
1675 3403 1817 3483 possunt

484 3500 727 3568 transformare
747 3498 783 3564 in
806 3495 925 3562 cibum
947 3494 993 3560 ad
1008 3495 1114 3562 vitam
1138 3495 1273 3561 animae
1292 3494 1498 3582 aagendam.
1519 3523 1537 3558 «
1558 3501 1645 3566 llaec
1661 3501 1767 3570 verba
1779 3503 1817 3570 in

486 3629 590 3698 pane,
605 3606 648 3672 de
668 3627 736 3694 quo
751 3603 908 3670 dicturus
923 3622 1000 3668 sum
1022 3625 1030 3670 :
1053 3600 1120 3667 hoc
1134 3609 1184 3667 cst
1198 3623 1323 3692 corpus
1335 3622 1468 3683 meum,
1484 3607 1519 3669 et
1529 3601 1566 3669 in
1580 3603 1677 3691 vino,
1692 3606 1816 3699 dequo

485 3714 637 3780 dicturus
651 3733 740 3791 sum,
754 3711 811 3777 hic
821 3717 871 3777 est
885 3708 1026 3796 sanguis
1040 3729 1148 3787 meus,
1165 3706 1385 3775 invisibiliter
1393 3715 1581 3797 operantur
1590 3717 1628 3778 ut
1641 3735 1721 3781 vera
1736 3739 1816 3784 caro
1894 3752 1896 3754 v

487 3842 562 3887 mea
580 3821 624 3885 sit
638 3824 671 3884 et
692 3816 832 3903 sanguis
853 3838 966 3898 meus,
984 3813 1073 3883 sicut
1086 3819 1120 3881 at
1145 3813 1182 3880 in
1203 3814 1348 3901 singulis
1363 3814 1565 3883 hominibus
1577 3815 1643 3884 hoc
1656 3829 1765 3906 agunt
1778 3830 1817 3891 ut

487 3927 640 3994 membra
657 3946 732 3991 mea
746 3923 826 4003 sint,
845 3922 1078 3990 renovatiscil.
1093 3919 1216 4010 spiritu
1234 3922 1357 3988 mentis
1371 3949 1387 3982 a
1400 3923 1501 4013 (itaq).
1518 3921 1594 3990 sim.
1612 3926 1692 3993 Bor.
1708 3928 1813 4020 Scbq.

486 4034 586 4101 Scbz.
615 4035 643 4098 F
644 4031 705 4120 u).
728 4030 797 4098 'Alii
816 4051 824 4096 :
842 4030 948 4097 verba
964 4028 988 4096 i.
1013 4051 1043 4096 e.
1070 4049 1123 4095 res
1141 4027 1255 4095 verbis
1276 4028 1424 4117 exposita
1447 4034 1499 4096 est
1517 4029 1658 4120 spiritus
1676 4037 1710 4099 et
1725 4036 1811 4119 vita,

487 4149 596 4229 agunt
609 4139 716 4206 verba
731 4139 774 4205 dc
789 4135 968 4203 divinitate
983 4157 1077 4215 mea,
1092 4135 1128 4216 in
1139 4141 1269 4224 quaest
1281 4135 1442 4202 aaomnis
1454 4134 1651 4205 vivificandi
1665 4140 1816 4211 efficacia

487 4270 591 4338 quam
612 4245 712 4312 modo
737 4242 931 4310 tribuebam
951 4241 1047 4309 carni
1068 4263 1180 4321 meae,
1201 4242 1320 4330 utique
1336 4241 1507 4308 divinitati
1533 4243 1735 4314 coniunctae
1755 4246 1812 4337 (ci.

489 4354 561 4421 Alb.
584 4353 696 4421 Thom.
720 4352 792 4419 Cei.
812 4348 881 4416 Tol.
907 4352 1004 4415 Patr.
1026 4347 1145 4438 cort).
1173 4353 1296 4416 Verum
1318 4349 1415 4437 prior
1427 4348 1582 4438 acceptio
1600 4351 1666 4419 erit
1684 4355 1815 4442 praefe-

490 4462 596 4529 renda
618 4484 624 4529 :
652 4460 757 4525 verba
776 4457 899 4525 Christi
920 4454 990 4520 vim
1016 4455 1147 4522 habent
1165 4455 1379 4531 creatricem
1398 4454 1494 4521 vivus
1513 4463 1564 4522 est
1574 4478 1686 4525 sermo
1704 4462 1761 4527 uei
1780 4470 1815 4531 et

490 4569 624 4652 efficax,
650 4574 686 4632 ut
710 4568 793 4632 Bon.
815 4564 912 4632 addit
934 4561 978 4628 ad
1000 4561 1274 4651 explicationem.
1297 4561 1449 4628 Christus
1467 4562 1815 4655 hiscequoquetesti·

491 4674 644 4741 monium
669 4671 829 4764 perhibet
849 4670 891 4737 de
911 4691 972 4736 sua
996 4674 1120 4736 natura
1142 4669 1271 4736 divina.
1298 4667 1377 4745 Quis
1393 4669 1486 4736 enim
1505 4670 1684 4737 hominum
1702 4674 1815 4744 dicere

492 4790 602 4874 posset
624 4802 631 4846 :
651 4781 754 4848 rerba
773 4799 849 4846 mea
867 4783 946 4845 sunt
965 4775 1104 4865 spiritus
1125 4781 1158 4844 et
1179 4776 1249 4844 vita
1266 4774 1382 4864 (Scbq.
1395 4776 1427 4863 )l
1440 4780 1556 4867 Neque
1576 4778 1815 4868 explicandum
