4116 5648
436 673 537 739 horas
551 675 723 760 computat
739 667 855 755 (etiam
871 668 934 733 Vit.
947 666 1018 756 st).
1033 675 1079 737 Ex
1089 677 1159 735 tota
1176 668 1444 736 hacnarratione
1457 673 1561 755 patet,
1575 688 1681 755 quam
1691 669 1769 735 viva

436 773 599 843 memoria
613 781 754 844 loannes
768 772 805 840 in
819 795 955 842 summa
969 783 1144 843 senectute
1164 772 1345 842 retinuerit
1359 772 1632 840 recordationem
1647 772 1768 839 beatis-

434 880 511 948 simi
525 880 618 949 illius
631 887 787 963 eventus,
802 903 871 971 quo
883 879 995 968 primo
1005 879 1128 948 timida
1137 877 1290 971 quadam
1302 877 1554 969 exspectatione
1564 886 1599 947 et
1614 900 1768 945 reveren-

435 987 482 1053 tia
496 992 605 1056 lesum
617 989 662 1053 sit
675 995 823 1068 secutus,
845 985 927 1053 dein
944 1007 1080 1054 summa
1097 989 1170 1054 eius
1188 987 1348 1052 comitate
1363 992 1397 1051 et
1412 984 1614 1053 affabilitate
1631 985 1733 1054 luerit
1747 1007 1766 1052 a

435 1097 507 1162 lesu
521 1094 683 1161 invitatus
693 1098 726 1160 et
736 1096 770 1161 in
782 1093 855 1183 ipsa
865 1092 937 1161 eius
951 1092 1160 1160 habitatione
1173 1091 1338 1158 familiari
1349 1092 1517 1180 colloquio
1528 1099 1563 1158 et
1572 1091 1767 1158 dulcissimo

434 1222 512 1267 cum
528 1206 600 1266 lesu
615 1198 820 1267 commercio
836 1201 1025 1268 recreatus!
1047 1228 1061 1259 «ι
1080 1204 1250 1266 venerunt
1265 1205 1299 1264 et
1313 1199 1452 1264 luerunt
1472 1220 1549 1265 cum
1570 1198 1648 1279 illo;
1663 1220 1767 1287 quam

432 1305 571 1374 beatum
591 1306 682 1374 diem
701 1307 888 1373 duxerunt!
906 1308 984 1398 quis
1003 1311 1052 1372 est
1071 1307 1132 1396 qui
1152 1304 1252 1371 nobis
1271 1304 1364 1371 dicat
1383 1326 1470 1394 quae
1487 1304 1663 1371 audierint
1681 1303 1767 1370 illia

433 1410 597 1480 Domino?
607 1414 772 1481 iaciamus
786 1411 989 1503 nosmetipsi
1006 1411 1042 1478 in
1056 1411 1159 1478 corde
1172 1415 1289 1477 nostro
1302 1410 1444 1476 domum
1460 1433 1528 1500 quo
1542 1412 1657 1478 veniat
1667 1408 1724 1476 ille
1735 1416 1766 1476 et

433 1518 554 1587 doceat
571 1541 648 1601 nos3
664 1518 880 1609 colloquatur
898 1518 1078 1587 nobiscum
1101 1547 1117 1579 o
1139 1517 1270 1606 (Aue).
1295 1516 1450 1585 Nondum
1472 1519 1608 1607 utique,
1627 1524 1664 1583 ut
1680 1518 1766 1583 bene

433 1631 530 1693 notat
551 1630 661 1714 Aug„
684 1624 736 1691 illi
761 1624 809 1693 ita
827 1626 1073 1703 adhaeserunt,
1096 1633 1224 1691 utnon
1247 1622 1466 1705 recederent3
1493 1646 1573 1690 nam
1595 1623 1641 1690 ad
1663 1623 1766 1690 relin-

432 1731 569 1822 quenda
579 1730 693 1798 omnia
701 1738 735 1798 et
745 1734 941 1799 continuam
952 1731 1259 1820 Christisequelam
1270 1730 1381 1798 vocati
1391 1738 1471 1797 sunt
1479 1736 1594 1819 postea
1606 1731 1697 1818 (tuo.
1709 1731 1762 1817 5);

432 1860 524 1905 nunc
538 1859 619 1905 vero
632 1838 810 1927 paullatim
826 1838 871 1904 ad
885 1837 1129 1925 discipulatum
1143 1843 1177 1904 et
1190 1837 1420 1927 apostolatum
1435 1844 1696 1926 praeparantur.

476 1948 628 2023 loannes,
643 1945 691 2011 uti
705 1945 801 2026 solet,
815 1966 851 2012 se
866 1966 936 2011 non
946 1944 1119 2026 nominat,
1137 1944 1196 2010 sed
1211 1950 1330 2011 tamen
1340 1942 1415 2033 ipsa
1430 1945 1628 2010 narratione
1639 1964 1675 2009 se
1686 1943 1766 2009 satis

432 2049 555 2140 prodit.
569 2050 607 2117 ld
621 2057 749 2118 veteres
765 2073 904 2142 quoque
914 2058 1095 2119 senserunt
1112 2051 1284 2139 (quamvis
1299 2057 1436 2140 praeter
1447 2056 1609 2117 loannem
1624 2051 1766 2117 tortasse

430 2156 537 2223 alium
555 2156 700 2244 intelligi
719 2179 815 2247 posse
832 2157 935 2224 etiam
956 2159 1244 2245 commemorent)
1265 2165 1298 2224 et
1319 2158 1526 2224 recentiores
1542 2156 1762 2237 confirmant;

432 2286 464 2330 v.
480 2269 521 2330 to
537 2276 609 2330 erat
623 2278 738 2331 autem
749 2263 905 2331 Andreas
917 2265 1032 2351 freter
1045 2264 1198 2331 Simonis
1215 2265 1312 2330 Petri
1325 2287 1413 2330 serires
1426 2287 1467 2330 ee
1481 2262 1614 2329 duodus
1627 2263 1688 2352 qui
1701 2285 1766 2328 oir-

432 2368 568 2437 dierant
586 2394 608 2436 a
630 2374 757 2438 Ioanne
776 2385 808 2437 et
826 2372 937 2438 secreti
953 2373 1097 2459 fuerant
1117 2390 1216 2449 eum‚·
1235 2370 1341 2460 primi
1360 2376 1573 2439 accesserunt
1592 2369 1634 2436 ad
1657 2375 1765 2437 lesum

432 2477 583 2544 Andreas
603 2485 636 2544 et
658 2484 814 2556 loannes,
841 2479 945 2567 primi
964 2479 1067 2546 etiam
1093 2482 1170 2567 post
1183 2482 1329 2544 Petrum
1353 2484 1603 2544 enumerantur
1626 2477 1662 2543 in
1686 2476 1766 2543 albo

431 2585 660 2673 apostolorum
672 2585 803 2674 (tlatth.
825 2592 914 2664 103.
931 2590 1029 2652 Marc.
1046 2591 1139 2664 3,17.
1155 2590 1234 2651 Luc.
1249 2591 1341 2665 (tlt.
1357 2591 1428 2650 hct.
1447 2583 1551 2670 ma).
1570 2588 1710 2650 loannes
1724 2582 1767 2649 de

430 2714 467 2759 se
490 2691 557 2758 iam
579 2691 665 2758 nihil
686 2699 818 2769 narrat;
833 2690 893 2757 sed
914 2713 991 2757 cum
1014 2692 1211 2757 hetereius
1232 2691 1375 2757 lacobus
1394 2689 1497 2757 simul
1517 2711 1596 2756 cum
1616 2712 1657 2756 eo
1676 2689 1767 2755 inter

432 2799 557 2888 prImos
572 2797 742 2887 apostolos
756 2804 985 2876 recenseatur,
1004 2797 1184 2886 probabile
1195 2803 1246 2863 est
1259 2801 1421 2863 loannem
1436 2796 1528 2863 idem
1543 2795 1766 2885 fecissequod

430 2905 486 2970 hic
500 2904 609 2971 solum
620 2903 662 2970 de
674 2905 810 2971 Andrea
822 2905 941 2986 relert,
955 2903 999 2971 ad
1010 2903 1101 2993 quod
1117 2902 1333 2970 suadendum
1348 2903 1392 2969 ab
1405 2903 1580 2992 aliquibus
1593 2902 1765 2989 allegatur

430 3010 466 3076 in
481 3033 513 3077 v.
533 3017 572 3078 tl
590 3011 689 3077 lectio
703 3023 833 3098 πρῶτος.
852 3015 969 3077 Petrus
989 3011 1045 3077 hie
1065 3016 1208 3077 vocatur
1222 3032 1285 3099 per
1299 3009 1594 3098 anticipationem.
1613 3008 1765 3076 Andreas

431 3123 544 3183 autem
559 3139 627 3183 non
643 3118 680 3182 in
694 3139 728 3183 se
743 3117 923 3183 abscondit
942 3118 1142 3184 thesaurum
1157 3117 1358 3198 inventum,
1374 3116 1432 3182 sed
1450 3117 1589 3182 festinat
1606 3122 1640 3182 et
1657 3116 1764 3183 currit

432 3222 475 3290 ad
488 3224 645 3305 tratrem,
662 3229 700 3289 ut
714 3223 824 3312 ipsum
846 3221 968 3289 reddat
987 3223 1060 3289 eius
1080 3222 1233 3288 thesauri
1252 3230 1441 3289 consortem
1463 3223 1577 3310 (Chr.)
1598 3229 1632 3289 et
1645 3223 1763 3289 talenti

432 3352 452 3396 a
472 3330 615 3396 Domino
636 3328 765 3418 accepti
786 3335 967 3418 quaestum
994 3329 1192 3395 uberiorem
1216 3328 1358 3395 Domino
1382 3329 1478 3395 ollert
1503 3331 1637 3417 (Cyn),
1662 3351 1693 3394 v.
1722 3335 1761 3396 tr

433 3435 563 3502 invenit
577 3435 632 3501 tte
644 3435 798 3525 primum
806 3437 951 3522 fratrem
965 3458 1065 3501 suum
1081 3436 1272 3517 Simonem,
1288 3436 1478 3525 primumi.
1495 3458 1525 3501 e.
1540 3457 1618 3503 cum
1639 3434 1765 3501 rediret

431 3565 452 3609 a
468 3546 540 3609 lesu
555 3541 676 3631 plenus
691 3541 810 3628 gaudii
826 3550 857 3608 et
873 3542 996 3631 plenus
1013 3540 1176 3607 desiderii
1188 3542 1389 3608 thesaurum
1401 3542 1581 3607 inventum
1597 3563 1674 3607 cum
1689 3540 1765 3607 aliis

431 3647 722 3730 communicandi,
746 3646 865 3714 divina
885 3649 1103 3736 providentia
1125 3649 1254 3715 laetum
1281 3657 1346 3728 est,
1372 3655 1410 3714 ut
1433 3647 1583 3739 primum
1610 3648 1761 3714 omnium

430 3754 598 3840 inveniret
615 3755 755 3821 tratrem
776 3752 915 3843 (Male.)
939 3768 971 3820 et
994 3755 1077 3821 dicit
1098 3755 1131 3821 ei
1156 3779 1168 3821 .·
1193 3755 1385 3821 invenustus
1406 3755 1566 3822 Messium
1589 3752 1698 3843 (quod
1717 3767 1764 3820 est

430 3861 690 3950 interpretatum
713 3860 898 3949 Christus),
916 3884 937 3927 o
954 3882 1036 3926 vera
1055 3862 1179 3949 pietas!
1197 3861 1313 3927 statim
1335 3869 1372 3929 ut
1391 3861 1524 3928 invenit
1545 3863 1761 3942 thesaurum,

432 3967 669 4054 margaritam,
687 3967 783 4033 tratri
795 3968 948 4048 nuntiat,
967 3968 1108 4033 fratrem
1119 3972 1218 4033 vocat
1235 3966 1366 4053 (Bed.);
1382 3967 1523 4047 ttessiaS,
1541 3968 1639 4034 hebr.
1659 3967 1761 4062 ζῑέέζ,

430 4081 551 4140 unctus
562 4074 617 4160 (cl.
638 4077 686 4138 Ps.
704 4079 772 4152 23.
791 4079 872 4140 Dan.
891 4075 985 4160 935)
997 4096 1004 4153 ;
1018 4095 1088 4161 qua
1102 4095 1186 4139 voce
1199 4072 1303 4138 simul
1316 4073 1493 4154 docemur,
1511 4080 1547 4140 ut
1563 4072 1640 4142 cer.
1655 4082 1761 4156 notat,

431 4179 514 4270 quid
529 4179 621 4270 apud
638 4185 746 4246 lesum
765 4179 961 4247 didicerint.
982 4185 1048 4246 Hoc
1063 4180 1192 4269 quippe
1206 4179 1351 4246 verbum
1362 4185 1413 4246 est
1425 4179 1563 4246 animae
1579 4179 1765 4246 adveutum

431 4289 503 4354 eius
512 4309 642 4353 summe
653 4285 877 4352 desiderantis
885 4286 1085 4376 gaudioque
1095 4286 1297 4353 exsultantis
1309 4291 1412 4375 atque
1426 4286 1620 4353 festinantis
1634 4292 1763 4352 tantam

434 4416 503 4460 rem
528 4395 684 4460 nuntiare
706 4394 793 4481 (sim.
819 4393 958 4474 Erret),
979 4394 1078 4481 quasi
1103 4393 1198 4459 dicat
1221 4414 1228 4459 :
1253 4391 1367 4478 gaude
1392 4414 1542 4472 mecum,
1567 4414 1670 4481 quem
1694 4401 1762 4458 tam

432 4501 528 4567 anxie
543 4506 789 4589 exspectamus,
805 4500 873 4564 iam
889 4499 1085 4564 invenimus
1099 4498 1240 4584 (lans.);
1257 4498 1336 4563 vide
1352 4520 1455 4587 quam
1471 4501 1621 4588 prompti
1637 4498 1706 4564 sint
1720 4498 1763 4565 ad

433 4606 624 4674 docendum
644 4608 702 4694 qui
716 4607 884 4672 Christum
901 4609 1094 4690 agnoscunt
1115 4602 1268 4689 (Saloe).

477 4716 555 4779 Cum
581 4714 752 4780 Simonem
776 4714 917 4780 fratrem
938 4711 1053 4777 statim
1077 4709 1249 4777 inveniret
1269 4713 1306 4779 in
1327 4711 1467 4790 Iudaea,
1487 4709 1581 4777 haud
1604 4712 1762 4800 procula

433 4820 572 4906 regione
598 4819 781 4909 baptistae,
809 4816 991 4910 probabile
1020 4825 1070 4884 est
1100 4816 1273 4885 Simonem
1303 4838 1441 4907 quoque
1472 4818 1525 4883 vel
1556 4817 1760 4909 discipulum

434 4927 566 4993 loannis
583 4927 684 4993 fuisse
703 4925 756 4991 vel
770 4927 893 4994 adiisse
911 4946 991 4991 eum
1011 4924 1176 5014 baptismi
1196 4946 1299 4993 causa
1314 4925 1435 5012 (lares.)
1457 4946 1488 4990 v.
1506 4929 1549 4992 ta
1564 4937 1596 4991 et
1616 4924 1761 4993 adducit
