4116 5648
274 477 296 534 '⁵·
372 521 432 582 aaa
912 533 996 579 rora.
1019 521 1156 592 soa-u.

370 694 507 743 suasum
526 679 615 754 erat,
642 689 779 736 causam
805 669 901 735 all'ert
923 690 954 734 v.
984 679 1003 738 a
1024 666 1175 736 nondrun
1194 671 1286 736 enim
1307 669 1460 737 sciebant
1477 671 1693 760 Scriptmam

373 783 456 871 qaia
476 779 650 870 oportebat
668 796 746 840 eum
766 797 788 842 a
808 774 952 841 mortuis
975 797 1147 864 reserpere
1155 797 1169 859 ‚·
1185 805 1201 836 «
1224 779 1370 845 refertur
1384 778 1427 841 ad
1447 780 1509 846 hoc
1528 778 1623 867 quod
1641 778 1695 844 di-

364 889 419 959 cit
436 910 443 955 :
460 884 547 951 vidit
564 889 596 947 ct
616 880 779 964 credidit;
799 880 897 971 quasi
917 881 1045 951 diceret
1067 904 1074 949 :
1096 890 1280 972 antequam
1307 884 1454 962 videret,
1477 908 1544 952 nou
1566 884 1694 951 sciebat

372 993 601 1079 Scripturam,
625 988 705 1076 quia
729 986 909 1078 oportebat
935 1011 1013 1057 eum
1042 1011 1061 1055 a
1088 990 1228 1056 mortuis
1255 1010 1449 1077 resurgere;
1472 993 1531 1056 sed
1554 991 1694 1080 quando

374 1097 475 1174 vidit,
490 1094 637 1161 eredidit
653 1124 669 1155 a
688 1092 850 1185 (raom).
868 1099 1009 1163 Excusat
1024 1098 1139 1183 itaque
1156 1096 1352 1162 tarditatem
1368 1095 1530 1163 credendi
1544 1120 1584 1164 ex
1597 1099 1695 1185 igno-

362 1201 483 1269 rantia
502 1202 698 1292 scripturae
714 1199 821 1290 (eat.)
838 1208 870 1266 et
885 1203 988 1268 simul
1007 1201 1171 1284 declarat,
1191 1224 1252 1269 cur
1268 1202 1327 1268 alii
1342 1225 1478 1292 quoque
1498 1224 1567 1269 non
1583 1205 1693 1271 credi-

361 1307 486 1374 derint
509 1308 709 1376 mulieribus
727 1328 815 1394 quae
833 1307 882 1374 eis
903 1312 1021 1398 postea
1041 1310 1291 1375 annuntiarunt
1314 1310 1614 1391 resurrectionem,
1635 1310 1693 1377 sed

360 1423 433 1481 seur
455 1414 496 1483 iis
516 1415 588 1482 visa
608 1415 676 1480 sint
692 1414 789 1501 quasi
807 1413 1034 1482 deliramenta
1050 1413 1161 1502 (llam,
1184 1422 1295 1496 tuat.
1314 1421 1390 1482 Luc.
1413 1422 1527 1495 sart.
1542 1424 1597 1483 23.
1621 1419 1689 1505 tlt

372 1527 411 1590 Et
432 1529 550 1590 tamen
574 1527 665 1587 lesus
685 1517 778 1586 adeo¹
797 1521 886 1588 clare
911 1523 1192 1589 resurrectionem
1212 1520 1443 1611 praedixerat,
1463 1531 1498 1588 ut
1515 1523 1578 1611 ipsi
1597 1546 1694 1612 syne-

370 1629 495 1697 dristae
514 1624 743 1693 intellexerint
766 1626 894 1717 (Matth.
922 1629 1056 1715 27,63);
1083 1656 1099 1689 a
1127 1627 1372 1695 consuetudine
1391 1629 1554 1696 audiendi
1568 1631 1613 1696 ab
1633 1631 1692 1697 illo

355 1733 553 1826 ¹parabolas
575 1754 642 1799 non
663 1732 906 1820 intelligebant
929 1740 963 1799 ot
989 1733 1122 1823 aliquid
1139 1733 1233 1801 aliud
1256 1757 1334 1801 eum
1357 1735 1551 1821 significare
1579 1737 1694 1803 crede·
1761 1764 1763 1767 ·

366 1843 454 1909 *bant
470 1868 486 1902 a
508 1839 612 1928 (Auq.
627 1837 739 1929 Boot).
761 1843 881 1907 Postea
900 1861 979 1906 cum
998 1841 1207 1930 accepissent
1222 1840 1386 1930 Spiritum
1400 1849 1571 1922 sanctum,
1589 1845 1693 1911 etiam

371 1950 616 2038 perspexerunt
636 1945 922 2014 resurrectionem
950 1968 1022 2013 esse
1044 1947 1253 2036 praedictam
1285 1948 1342 2036 (cl.
1363 1954 1434 2014 Act.
1462 1955 1613 2029 aaa-at.
1632 1957 1690 2028 3¹3

371 2061 483 2133 lasa.
513 2059 528 2119 1
551 2056 627 2119 Cor.
651 2050 757 2141 15,a).
782 2089 828 2103 -
852 2051 1023 2140 llysticam
1045 2053 1140 2120 istius
1157 2076 1274 2120 cursus
1288 2053 1531 2144 discipulorum
1549 2063 1614 2123 otc.
1637 2079 1692 2122 cx·

369 2159 588 2251 plicationern
614 2158 739 2226 deiide
760 2179 957 2247 synagogae
977 2166 1011 2225 et
1028 2160 1182 2246 gentium
1196 2159 1300 2226 tradit
1322 2162 1523 2250 Greqorias,
1544 2163 1635 2229 hom.
1656 2163 1692 2228 in

368 2289 492 2354 evang.
508 2273 588 2350 tw
603 2288 675 2356 seq.
690 2265 749 2356 (Μ.
765 2265 1208 2355 76,1175)eumqueseeuti
1224 2271 1310 2356 Bap.
1331 2266 1444 2335 Ytom.
1469 2271 1551 2356 top.
1568 2276 1632 2336 etc.

413 2379 486 2441 Non
504 2374 644 2440 invento
668 2394 812 2462 corpore
832 2371 869 2438 in
893 2372 1050 2461 sepulcro
1072 2396 1159 2440 unus
1178 2373 1367 2452 admirans,
1383 2375 1471 2441 alter
1485 2375 1627 2442 credens
1643 2400 1694 2442 re-

352 2480 550 2548 ³vcrtuntur
569 2478 671 2568 (rot.)
694 2501 726 2546 v.
750 2485 790 2546 10
810 2479 968 2546 adierunt
988 2502 1069 2567 erpo
1088 2481 1212 2547 iterum
1232 2479 1396 2571 discipuli
1412 2481 1459 2547 cd
1478 2483 1691 2572 senwtipsos,

369 2616 384 2649 a
401 2587 437 2654 id
451 2594 511 2670 est,
528 2585 590 2653 ubi
601 2584 849 2653 habitabantet
862 2585 954 2653 unde
966 2584 1010 2651 ad
1020 2593 1280 2653 monumentum
1291 2596 1514 2655 cucurrerant
1527 2619 1541 2649 a
1554 2591 1689 2679 (dap.);

368 2696 650 2785 comparatione.
669 2692 758 2760 illud
779 2695 878 2761 llarc.
906 2699 985 2774 5,35
1002 2694 1145 2760 veniunt
1163 2693 1207 2760 ab
1222 2695 1514 2782 archisynagogo,
1531 2696 1568 2761 id
1583 2702 1633 2762 cst
1647 2697 1691 2762 ab

367 2804 440 2869 eius
454 2802 570 2868 domo.
586 2804 717 2867 {nterea
734 2799 933 2886 llagdalene
948 2798 1091 2881 iterum,
1109 2800 1191 2866 dum
1202 2801 1291 2867 aliae
1308 2801 1469 2868 mulieres
1493 2804 1560 2869 iam
1583 2825 1691 2870 reces-

366 2909 502 2990 sissent,
525 2907 570 2974 ad
590 2906 784 2996 sepulcrum
803 2905 1003 2973 advenerat.
1030 2910 1099 2983 Quo
1120 2914 1192 2973 erat
1208 2929 1324 2974 amore
1345 2915 1379 2974 et
1400 2931 1468 2998 qua
1484 2909 1527 2975 de
1542 2915 1612 2976 lesu
1627 2909 1693 2976 sol-

366 3014 564 3094 licitudine,
582 3018 763 3103 postquam
783 3017 921 3078 Petrum
938 3017 972 3079 ct
988 3017 1147 3080 loannem
1164 3014 1323 3082 certiores
1339 3015 1506 3093 reddidit,
1528 3018 1692 3083 continuo

367 3123 457 3190 viam
473 3121 518 3189 ad
537 3125 796 3187 monumentum
823 3118 948 3206 relegit
965 3125 1000 3184 et
1019 3121 1157 3187 sortasse
1177 3121 1331 3202 advenit,
1349 3129 1532 3210 antequam
1549 3122 1599 3188 illi
1619 3123 1688 3191 duo

366 3235 591 3309 recesserant,
608 3227 657 3294 ita
671 3231 709 3293 ut
721 3225 804 3292 dum
819 3225 870 3292 illi
891 3225 1045 3305 abirent,
1069 3226 1142 3316 ipsa
1162 3233 1365 3294 remaneret.
1384 3227 1421 3293 ld
1436 3229 1527 3294 enim
1546 3229 1690 3296 indicari

366 3336 503 3403 videtur
529 3357 561 3400 v.
594 3339 632 3401 11
664 3332 780 3399 Maria
804 3344 920 3398 autem
944 3335 1056 3398 stabat
1078 3332 1126 3398 od
1148 3346 1405 3399 rnomrmontum
1423 3335 1511 3420 soris
1531 3337 1688 3423 plorans,

368 3449 383 3503 a
406 3441 488 3507 viris
514 3439 735 3507 redeuntibus
755 3438 981 3505 infirmiorem
1001 3461 1117 3506 sexum
1144 3441 1179 3504 in
1199 3440 1318 3506 eodem
1339 3440 1413 3506 loco
1430 3442 1548 3507 tortior
1563 3442 1692 3528 figebat

365 3550 505 3616 allectus
523 3575 539 3608 a
558 3546 698 3637 (Arcq.);
715 3545 941 3613 constantiam
962 3547 1033 3612 eius
1053 3545 1166 3612 Thom.
1186 3569 1321 3635 quoque
1336 3546 1465 3614 laudat.
1485 3552 1523 3614 Ut
1541 3549 1690 3615 feminae

363 3656 509 3724 assolent
528 3692 572 3702 -
593 3651 744 3742 proclive
768 3650 812 3718 ad
834 3651 1166 3719 commiserationem
1187 3660 1236 3718 est¹
1255 3653 1423 3719 muliebre
1436 3675 1546 3740 genus
1563 3654 1686 3742 (Cla),

364 3785 408 3813 ··-
428 3764 540 3849 largos
556 3783 595 3826 ea
613 3758 720 3827 oculis
742 3758 842 3824 lletus
859 3756 1001 3839 emittit,
1022 3765 1055 3824 ot
1075 3782 1143 3824 non
1165 3759 1272 3825 solum
1292 3769 1461 3826 mortuum
1480 3762 1612 3850 plangit
1628 3767 1689 3829 Do-

364 3871 498 3936 minum
513 3867 571 3935 sed
585 3866 677 3956 quod
692 3864 900 3932 existimaret
913 3887 934 3931 a
949 3866 1351 3932 monumentosublatum
1369 3871 1377 3954 l
1385 3869 1499 3950 Otr-l:
1515 3868 1597 3934 (laem
1608 3892 1688 3959 erqo

361 3979 459 4065 floret
476 3973 657 4041 inclinavit
672 3995 705 4038 se
722 3984 754 4038 et
763 3971 943 4059 prospexit
958 3973 994 4036 in
1004 3985 1259 4037 montemontano
1268 3993 1282 4056 ,·
1298 3974 1363 4038 iam
1377 3974 1473 4039 scivit
1488 3997 1690 4043 monumen-

365 4093 438 4151 tum
458 4105 528 4148 esse
556 4098 724 4160 vacuum;
746 4084 862 4144 tamen
881 4078 1005 4144 iterum
1028 4077 1302 4167 circumspectat,
1324 4079 1352 4144 si
1372 4102 1440 4168 qua
1454 4103 1530 4169 spes
1544 4083 1689 4170 allulge-

364 4199 416 4259 ret
431 4187 628 4256 inveniendi
649 4183 819 4274 corporis,
844 4205 906 4272 pro
928 4205 1024 4250 more
1049 4206 1166 4251 eorum
1184 4186 1243 4274 qui
1261 4186 1353 4274 quod
1373 4188 1526 4275 impense
1539 4188 1690 4277 diligunt

364 4301 533 4389 qtraarunt
547 4294 651 4361 eliam
665 4290 714 4357 ibi
730 4289 790 4357 ubi
807 4296 907 4357 antea
922 4312 991 4357 non
1012 4291 1225 4371 invenerunt,
1246 4300 1279 4359 et
1295 4292 1346 4358 vel
1362 4316 1401 4358 cx
1416 4304 1596 4384 conspecto
1615 4297 1689 4362 loco

364 4405 424 4472 ubi
445 4403 606 4472 Dominus
617 4397 748 4489 positus
767 4402 841 4464 erat
856 4397 1122 4464 consolationem
1144 4400 1281 4488 capiens
1297 4399 1426 4488 (local.
1445 4407 1543 4481 Nam,
1564 4410 1599 4467 ut
1617 4404 1686 4469 Tol.

364 4519 461 4579 notat
479 4536 485 4578 :
502 4528 628 4595 magna
653 4509 704 4571 cst
725 4505 851 4571 amoris
866 4505 932 4586 vis;
949 4527 1026 4570 cum
1045 4508 1135 4571 eninr
1153 4507 1218 4570 iam
1236 4505 1373 4571 vidisset
1386 4509 1489 4574 semel
1505 4516 1535 4573 et
1552 4520 1689 4598 experta

365 4619 531 4685 essetillic
544 4637 613 4682 non
632 4634 702 4678 esse
718 4632 857 4701 corpus,
879 4633 958 4677 cum
978 4617 1094 4678 tamen
1112 4611 1171 4678 ubi
1191 4619 1276 4677 esset
1300 4635 1367 4679 nou
1392 4614 1573 4690 inveniret,
1597 4638 1638 4682 ne
1653 4640 1688 4683 se

359 4726 458 4792 'onrni
481 4748 541 4815 spe
563 4717 763 4787 inveniendi
777 4719 951 4808 privaret,
975 4718 1095 4785 maluit
1119 4741 1153 4784 se
1178 4718 1288 4806 primo
1307 4743 1373 4786 non
1386 4721 1570 4806 diligenter
1587 4745 1689 4811 quae·

363 4831 479 4898 sivisse
497 4854 558 4897 nec
577 4824 784 4896 adamussim
810 4825 1019 4915 prospexisse
1040 4826 1101 4891 sibi
1124 4825 1345 4914 persuadcru;
1368 4828 1489 4893 iterum
1510 4851 1594 4916 ergo
1613 4853 1688 4920 pro-

364 4938 479 5029 spicit,
498 4938 526 5005 si
540 4939 653 5035 forsan
663 4931 776 4998 videat
790 4932 882 5021 quod
898 4939 999 5000 antea
1010 4954 1078 4998 non
1095 4932 1235 4998 viderat.
1253 4935 1429 5024 Proprium
1440 4941 1488 5000 ost
1505 4937 1569 5003 lroc
1584 4960 1689 5026 quae-
