4050 5648
102 560 118 632 ’,Ξ
304 546 362 607 aaa
859 556 942 604 roxa.
966 543 1067 611 aura

138 687 141 694 ’
235 762 240 773 ,
305 700 416 779 hluto.
436 706 488 766 11.
513 703 634 762 Verum
659 690 730 779 ipse
760 696 900 758 loannes
929 715 993 759 non
1012 689 1053 755 ils
1079 687 1358 757 annumerandus
1384 697 1434 758 est
1460 686 1520 777 qui
1554 709 1621 753 non

305 805 539 878 crediderunt,
557 800 628 887 ipsc
642 797 709 863 iam
725 796 872 865 credidit
892 800 962 867 viso
981 819 1087 863 vacuo
1104 802 1326 864 monumento
1342 795 1386 882 (v.
1403 800 1448 886 8).
1469 793 1561 863 Unde
1581 815 1622 859 ea

305 933 440 1003 quoque
456 929 491 972 re
507 904 657 970 narratio
671 906 926 994 synopticorum
942 903 1132 993 suppletur.

347 1074 388 1131 De
405 1065 614 1142 explicatione
630 1086 659 1126 v.
678 1071 712 1127 lt
729 1072 761 1126 et
777 1084 858 1127 nexu
875 1084 986 1145 magna
1001 1070 1049 1124 est
1063 1065 1255 1144 opinionum
1270 1063 1451 1128 diversitas:
1467 1064 1535 1123 scil.
1548 1077 1625 1140 quo-

307 1166 402 1228 modo
421 1164 586 1225 cohaereat
608 1165 685 1225 illud
708 1182 715 1222 :
739 1164 802 1224 noli
825 1183 876 1225 me
897 1173 1039 1242 tangere,
1056 1169 1088 1222 et
1111 1163 1190 1224 ratio
1211 1163 1319 1223 addita
1343 1180 1349 1220 :
1372 1159 1518 1222 nondum
1538 1160 1625 1220 enim

306 1262 444 1323 ascendi.
462 1261 544 1323 Sunt
562 1263 615 1340 qui
632 1279 748 1321 nexum
768 1262 809 1321 itu
824 1263 1002 1327 adstruant,
1021 1266 1055 1321 ut
1076 1261 1107 1321 id
1125 1278 1188 1339 quo
1205 1277 1301 1320 nexus
1321 1261 1456 1320 elllcitur
1475 1257 1626 1336 supplen-

307 1360 383 1420 dum
397 1377 466 1420 esse
477 1361 584 1421 dicant
601 1378 608 1421 :
626 1358 689 1419 noli
704 1357 824 1420 diutius
844 1359 1006 1419 immorari
1023 1359 1054 1418 in
1069 1358 1130 1420 hoc
1144 1376 1216 1418 meo
1232 1363 1394 1426 contactu,
1408 1356 1533 1438 saepius
1547 1354 1628 1414 enim

304 1465 413 1538 postea
431 1457 465 1519 id
484 1457 539 1518 tibi
559 1457 662 1535 facere
685 1454 802 1533 ticehi!;
822 1456 962 1516 nondum
983 1456 1070 1517 enim
1089 1456 1219 1518 ascendi
1240 1453 1328 1533 (Bor.
1348 1454 1426 1536 Lep.
1444 1453 1519 1515 Nat.
1537 1451 1626 1514 Patr.

309 1552 393 1617 Cori.
406 1556 481 1636 alii).
496 1555 557 1618 Sed
571 1560 638 1614 tum
652 1553 683 1613 id
699 1557 784 1633 quod
801 1572 869 1614 rem
883 1553 1046 1616 constituit
1060 1554 1242 1632 suppletum
1257 1569 1351 1632 porro
1366 1553 1510 1613 Christus
1524 1567 1629 1613 enun-

309 1654 402 1715 tiaret
421 1654 506 1733 quod
532 1651 714 1730 Magdalena
735 1653 835 1713 oculis
854 1652 956 1711 cernit
976 1653 1085 1730 ipsum
1100 1668 1164 1711 non
1184 1668 1253 1711 esse
1275 1651 1308 1710 in
1326 1651 1441 1719 coelis,
1460 1655 1492 1710 et
1511 1652 1629 1710 taceret

206 1785 214 1800 ·
309 1752 395 1829 quod
415 1753 495 1812 seire
518 1749 655 1810 maxime
675 1751 743 1812 eius
765 1752 896 1810 interest
917 1750 984 1811 scil.
1001 1749 1068 1811 lore
1090 1755 1125 1810 ut
1144 1750 1271 1826 saepius
1288 1748 1316 1808 ei
1338 1748 1429 1809 liceat
1450 1747 1552 1808 amori
1573 1763 1630 1808 suo

309 1848 500 1910 satisfacere.
517 1847 579 1907 xlii
594 1847 707 1907 volunt
722 1849 853 1908 indicari
869 1865 887 1908 a
906 1848 1038 1908 Domino
1054 1864 1087 1908 se
1103 1847 1204 1920 nolle,
1221 1852 1254 1907 ut
1267 1846 1398 1907 accedat
1412 1846 1508 1906 sicuti
1523 1845 1627 1923 prium

309 1947 448 2024 priorem
464 1946 714 2007 conversationis
730 1946 863 2006 modum
880 1963 942 2005 non
956 1945 1098 2016 restitui,
1115 1963 1147 2005 se
1165 1945 1247 2005 velle
1264 1949 1299 2004 ut
1312 1944 1434 2005 maiore
1451 1944 1630 2004 reverantia

310 2043 369 2103 sihi
392 2042 535 2103 attendat
558 2039 646 2122 (Chr.
677 2042 810 2123 Theoph.
838 2041 937 2103 Euth.
959 2042 1042 2103 latis.
1069 2041 1160 2121 Tot).
1186 2046 1225 2101 at
1248 2042 1391 2103 Christus
1412 2041 1573 2119 permisit,
1597 2047 1632 2102 nt

309 2141 386 2201 aliae
406 2140 555 2201 mulieres
573 2139 761 2201 accederent
778 2146 809 2200 et
824 2140 921 2218 pedes
938 2145 1095 2212 tenerent3
1113 2146 1278 2219 praeterea
1294 2157 1359 2200 non
1376 2138 1502 2200 videtur
1520 2138 1631 2199 adesse

309 2256 410 2298 nexus
422 2257 429 2296 ι
443 2239 596 2298 maiorem
611 2245 735 2316 oportet
750 2238 894 2298 adhiberi
911 2239 987 2298 mihi
1004 2239 1227 2307 reverentiam,
1244 2235 1382 2297 nondum
1396 2235 1478 2297 enim
1492 2236 1631 2298 ascendi.

310 2337 407 2411 Quid,
427 2353 503 2396 num
525 2336 630 2396 minor
649 2337 709 2396 erit
723 2336 902 2397 adhihenda
919 2342 1085 2414 postquam
1100 2336 1263 2397 ascendit?
1278 2337 1310 2397 ld
1336 2334 1534 2396 incommodi
1558 2351 1630 2395 sen-

310 2434 351 2494 sit
374 2431 459 2512 l'ol.;
474 2433 556 2494 unde
581 2434 653 2493 ait:
675 2434 947 2495 causahaecnon
970 2435 1107 2495 retertur
1127 2433 1311 2495 immediate
1335 2434 1375 2494 ad
1398 2438 1501 2494 tactus
1525 2432 1633 2511 prohi-

310 2531 474 2599 hitionem,
492 2530 547 2616 sed
557 2531 595 2590 ad
610 2530 695 2592 aliud
708 2531 794 2608 quod
810 2533 1079 2609 consequebatur3
1098 2538 1129 2592 et
1142 2533 1222 2593 duas
1234 2530 1365 2610 supplet
1379 2531 1588 2610 cogitationes
1601 2537 1634 2591 et

311 2629 596 2708 interrogationes:
614 2633 713 2689 curte
732 2646 795 2688 non
815 2634 956 2707 tangam,
974 2646 1047 2690 cum
1066 2630 1109 2689 sis
1126 2629 1241 2689 vivus?
1256 2634 1288 2689 et
1303 2629 1329 2688 si
1345 2645 1408 2688 non
1425 2645 1458 2689 es
1474 2627 1579 2699 vivus,
1596 2633 1633 2688 ut

310 2727 476 2788 nobiscum
500 2726 612 2804 degas,
635 2727 796 2803 quomodo
821 2744 906 2786 nunc
929 2727 968 2787 ad
994 2744 1043 2786 me
1065 2726 1174 2786 vanis?
1195 2725 1281 2797 Quae
1305 2726 1417 2786 omnia
1442 2725 1539 2785 nimis
1563 2742 1632 2786 esse

311 2831 419 2885 coacta
437 2841 531 2885 nemo
547 2824 685 2902 negabit.
703 2824 806 2884 Aliam
824 2825 983 2885 rationem
1004 2826 1095 2885 allert
1118 2821 1192 2904 Cpr.
1215 2840 1316 2885 :cum
1337 2823 1480 2884 nondum
1495 2823 1633 2902 Spiritus

314 2928 438 2983 sanctus
449 2922 565 2982 missus
580 2928 678 2991 esset,
695 2921 813 2983 idcirco
829 2923 956 2982 Mariam
973 2923 1086 3001 abigit,
1103 2929 1137 2983 ut
1156 2941 1237 3000 quae
1255 2921 1397 2982 nondum
1413 2920 1568 3000 Spiritum
1582 2939 1633 2982 ac·

311 3021 457 3098 cepisset.
473 3022 581 3096 Neque
596 3021 736 3080 cernitur
751 3021 905 3080 connexio
918 3022 948 3080 in
966 3021 1175 3099 explicatione
1191 3038 1210 3080 a
1224 3018 1291 3080 Coi.
1308 3021 1403 3081 data:
1421 3037 1459 3080 ex
1469 3019 1531 3080 hoc
1546 3019 1632 3097 quod

313 3119 502 3179 adhaesum
519 3118 551 3177 in
572 3119 679 3188 terriS,
694 3136 757 3177 non
773 3123 867 3195 putes
883 3135 934 3178 me
950 3136 1020 3179 esse
1035 3119 1219 3196 passibilem
1235 3119 1280 3179 uti
1301 3117 1406 3196 priua,
1423 3134 1526 3194 neque
1540 3115 1634 3177 video

313 3216 392 3294 quid
410 3216 469 3275 sihi
490 3215 565 3275 velit
579 3215 655 3275 haec
676 3216 841 3293 acceptio:
860 3216 965 3276 doceri
984 3217 1128 3288 Mariam,
1148 3216 1254 3276 lesum
1269 3214 1415 3277 nondum
1433 3213 1628 3285 ascendisse,

314 3314 429 3374 dehere
446 3315 551 3390 itaque
567 3331 648 3391 opus
660 3330 753 3375 suum
767 3314 919 3391 perlicere
935 3314 1069 3392 ideoque
1081 3331 1144 3374 non
1160 3331 1255 3391 posse
1271 3314 1411 3391 priorem
1426 3311 1633 3373 conversandi

313 3412 444 3472 modum
455 3410 622 3471 admittere
636 3407 759 3487 (Scin).
771 3411 830 3470 xlii
842 3411 880 3471 ad
893 3413 1060 3489 mysticam
1072 3412 1327 3489 explanationem
1340 3410 1541 3488 confugiunt,
1554 3409 1633 3489 ligu-

313 3509 373 3567 rari
391 3509 422 3566 in
442 3507 623 3585 Magdalene
641 3509 811 3568 Ecclesiam
828 3507 1031 3586 degentibus
1047 3527 1129 3586 quac
1147 3510 1177 3568 in
1193 3508 1356 3570 Christum
1369 3525 1435 3568 non
1450 3507 1632 3579 crediderit,

312 3605 372 3666 nisi
388 3623 461 3665 cum
484 3605 680 3665 ascendisset
704 3605 739 3664 in
763 3605 886 3666 coelum
903 3606 995 3687 (Any.
1020 3606 1135 3685 Thoai.)
1152 3607 1200 3667 vel
1219 3605 1389 3666 :nondum
1406 3606 1438 3665 in
1459 3604 1555 3666 corde
1578 3610 1635 3667 tuo

313 3702 455 3771 ascendi,
471 3702 547 3779 quia
562 3720 624 3762 non
639 3702 743 3763 credis
759 3721 810 3764 me
824 3721 892 3763 esse
909 3721 1091 3766 unumcum
1103 3705 1194 3765 Patre
1208 3703 1303 3784 (Any.
1318 3701 1394 3763 Bed.
1407 3701 1479 3763 Ait.
1503 3701 1632 3781 Thoan).

314 3801 423 3861 Melius
444 3801 574 3876 exponit
596 3800 672 3859 lion.
695 3819 705 3860 .·
721 3802 784 3861 noli
807 3802 966 3881 tangendo
986 3820 1038 3862 mo
1059 3802 1109 3862 hic
1130 3803 1190 3863 lrui
1211 3803 1309 3875 velle;
1327 3802 1468 3862 nondum
1490 3799 1632 3866 ascendi.

315 3898 367 3959 uhi
379 3902 427 3957 est
437 3897 525 3963 locus
535 3896 707 3969 fruitionis,
722 3899 774 3958 uhi
788 3917 952 3976 nunquam
965 3900 1182 3972 frustraberis3
1198 3906 1230 3960 et
1246 3900 1393 3959 similiter
1407 3897 1470 3958 Fit.
1484 3897 1632 3976 concipit.

353 3995 431 4055 Dein
446 3995 680 4055 ostendendum
701 4001 763 4065 est,
784 4003 819 4057 ut
838 3998 1006 4074 explicatio
1029 4015 1127 4076 quam
1147 4016 1242 4076 supra
1264 3997 1419 4076 proposui
1442 3995 1632 4068 stabiliatur,

313 4091 351 4166 pi,
362 4091 445 4150 ἅπποο
457 4115 508 4166 μον
523 4097 606 4152 recte
618 4095 696 4153 verti
712 4111 719 4151 :
737 4095 802 4154 noli
819 4096 897 4155 mihi
911 4095 1101 4166 adhaerere3
1120 4098 1213 4174 proin
1229 4095 1359 4153 ἅπτεσθαι
1371 4094 1551 4173 significare
1572 4109 1633 4153 non

313 4191 416 4251 solum
436 4195 561 4268 tangere
582 4190 780 4267 simpliciter,
798 4211 908 4252 verum
929 4195 1027 4254 etiam
1048 4193 1181 4255 induere
1201 4193 1362 4253 notionem
1389 4192 1534 4263 tirmiter,
1557 4209 1634 4253 con·

313 4294 432 4348 stanter
450 4287 652 4347 adhaerendi.
670 4290 729 4348 Pro
747 4307 810 4366 qua
832 4308 864 4349 re
885 4292 1002 4352 sufficit
1021 4310 1058 4352 ea
1078 4308 1332 4353 commemorare
1352 4290 1477 4368 paucis,
1502 4306 1584 4368 quae
1605 4288 1634 4350 in

313 4387 474 4446 Thesauro
488 4403 599 4465 graeco
615 4404 632 4445 a
647 4386 805 4464 Stephano
816 4391 989 4450 constituto
1002 4396 1033 4451 et
1045 4408 1063 4450 a
1077 4389 1213 4451 Dindorl
1226 4395 1317 4449 aucto
1333 4402 1365 4449 et
1379 4389 1467 4449 edito
1482 4387 1635 4448 adnotan-

314 4492 372 4544 tur.
396 4483 576 4561 Explicatur
601 4485 687 4543 enim
709 4484 842 4544 verbum
868 4487 928 4546 hoc
952 4487 1028 4545 ἅππον
1052 4506 1057 4544 :
1080 4487 1193 4564 alligo,
1213 4492 1365 4556 annecto,
1389 4486 1520 4555 haereo,
1548 4484 1635 4545 Plato

313 4583 394 4642 Crat.
412 4601 441 4659 p.
460 4585 515 4642 ll'l
534 4582 614 4641 B21'o
625 4582 717 4640 ἅπτειν
731 4584 774 4639 καὶ
791 4583 843 4639 δεῖν
859 4585 953 4642 ταύτόν
967 4588 1053 4656 ἰοειη
1069 4585 1186 4646 Suidae
1200 4603 1327 4664 quoque
1338 4586 1428 4642 aaron
1443 4583 1635 4657 θεῑδεσμεύων

313 4679 440 4739 addenti
473 4686 503 4740 et
528 4684 647 4759 κρππῶν;
676 4681 819 4755 ἁππόμενος
843 4682 861 4739 i.
884 4699 912 4741 e.
936 4701 1108 4751 annexum,
1138 4690 1338 4754 consertum,
1360 4682 1482 4757 ἅπτομαι
1507 4681 1636 4759 ponitur

313 4794 369 4853 pro
395 4777 565 4854 ουμούομοι;
587 4779 701 4853 ἡμμένος
728 4796 890 4858 appensus
914 4780 1107 4859 (Thesaurus
1134 4800 1284 4861 graecus,
1310 4780 1437 4841 Parisiis
1464 4780 1636 4840 tuat-1856

312 4891 337 4933 s.
353 4872 406 4951 a).
423 4873 540 4943 Quibus
556 4877 707 4954 exemplis
723 4879 799 4937 satis
816 4881 1046 4940 constatverho
1061 4880 1162 4941 inesse
1179 4898 1247 4940 eam
1262 4881 1442 4946 notionem,
1459 4879 1636 4939 secundum

312 4987 406 5048 quam
422 4971 516 5030 verba
530 4973 583 5032 illa
598 4975 746 5051 explicari
763 4976 878 5035 dehere
895 4976 1058 5050 existimo,
1077 4986 1111 5040 ut
1124 4995 1221 5038 nexus
1237 4978 1400 5039 habeatur.
