4116 5648
1030 516 1113 577 roau.
1139 466 1239 573 ΞΜ.
1331 452 1334 459 ¹

470 658 542 719 tum
556 658 775 723 revocaturus
788 657 943 737 venerat,
957 673 1028 719 non
1044 649 1155 721 solum
1169 651 1212 719 iis
1226 650 1288 737 qui
1306 648 1377 718 iam
1390 651 1428 718 in
1443 653 1557 716 ortum
1572 647 1683 716 vocati
1694 658 1793 721 erant

467 755 739 828 benedictionem
755 758 966 846 impertiret,
980 755 1085 825 sedet
1098 759 1140 827 iis
1154 777 1294 848 quoqne
1309 759 1369 844 qui
1382 763 1501 849 postea
1512 753 1672 824 nascituri
1683 763 1793 826 essent

467 863 613 950 gratiam
623 868 853 956 praestrueret
864 870 899 933 et
909 884 1028 933 eorum
1044 870 1163 932 ortum¹
1173 867 1328 930 sanctum
1343 861 1494 932 efficeret
1507 891 1523 925 a
1539 859 1667 954 (Gya.);
1682 860 1792 929 voluit

468 971 687 1048 confirmare,
709 968 897 1053 honorare,
923 968 1138 1039 sanctificare
1155 968 1313 1057 nuptias;
1334 967 1441 1036 futuri
1463 971 1590 1059 quippe
1612 972 1710 1036 erant
1731 967 1791 1058 qui

466 1078 691 1165 prohiberent
709 1076 841 1146 nubere
857 1078 889 1165 (1
906 1075 991 1142 Tim.
1017 1083 1091 1162 t,a;
1109 1080 1201 1165 Auq.
1218 1074 1295 1142 sim.
1318 1071 1425 1142 butt.
1446 1073 1560 1161 Yhom.
1580 1074 1649 1144 Tol.
1666 1073 1787 1164 lons.);

466 1186 505 1249 Et
519 1184 584 1249 hac
598 1180 673 1270 ipsa
685 1185 881 1275 acceptione
898 1180 1005 1250 etiam
1019 1183 1167 1251 ostendit
1185 1203 1221 1248 se
1241 1203 1312 1249 non
1325 1180 1424 1271 sequi
1438 1184 1610 1248 austeram
1622 1181 1720 1249 illam
1738 1180 1790 1248 vi-

411 1322 415 1328 ·
466 1287 569 1355 vendi
587 1287 946 1379 rationembaptistae
969 1310 1032 1356 nec
1055 1291 1101 1358 ad
1122 1311 1199 1357 eam
1222 1288 1365 1375 adigere
1388 1286 1572 1378 discipulos
1593 1287 1648 1377 (ct.
1672 1289 1786 1357 llatth.

465 1398 559 1477 9,1t;
578 1401 677 1481 11,19
695 1395 791 1463 venit
805 1393 909 1463 Filius
928 1395 1077 1464 hominis
1093 1394 1310 1463 manducans
1326 1401 1361 1462 et
1374 1392 1524 1483 bibens).
1545 1392 1649 1461 Etiam
1664 1393 1721 1462 hic
1736 1395 1790 1462 in-

465 1501 567 1588 genia
581 1501 798 1591 quorundam
814 1501 934 1570 mirari
946 1502 1028 1570 licet
1042 1502 1104 1592 qui
1117 1501 1294 1591 affirmant
1303 1505 1414 1570 lesum
1427 1500 1616 1591 profectum
1632 1522 1653 1567 a
1665 1498 1791 1569 Iudaea

463 1606 501 1673 in
519 1607 685 1676 Nazareth
706 1606 757 1674 ihi
776 1606 949 1677 invenisse
967 1608 1209 1676 invitationem
1228 1607 1295 1675 sibi
1316 1607 1461 1687 imtam3
1483 1606 1538 1673 vel
1560 1627 1639 1675 enm
1657 1605 1790 1675 audisse

462 1719 564 1781 antea
576 1736 598 1781 a
616 1712 824 1798 Nathanael,
848 1721 993 1783 matrem
1010 1737 1082 1782 esse
1102 1716 1138 1781 in
1160 1717 1253 1781 Cana
1273 1713 1421 1804 ideoque
1441 1735 1477 1782 se
1494 1713 1568 1780 sine
1586 1712 1789 1782 invitatione

463 1819 582 1886 eodem
599 1819 798 1905 contulisse,
821 1823 878 1889 vel
898 1844 961 1890 cur
983 1821 1020 1889 in
1040 1823 1133 1888 Cana
1154 1819 1354 1902 tetenderit,
1372 1821 1484 1888 solum
1508 1818 1685 1910 explicari,
1705 1819 1789 1909 quia

462 1924 601 2012 cognati
621 1925 694 1994 eius
709 1925 759 1994 ibi
781 1926 990 1996 habitarent.
1006 1932 1131 1995 Verum
1155 1926 1221 1995 nisi
1235 1925 1313 2016 quis
1338 1931 1448 1995 lesum
1465 1926 1611 2017 pessima
1625 1924 1789 2019 opinione

460 2033 590 2120 putarit
604 2033 844 2101 tantummodo
863 2033 1042 2101 hominem
1059 2052 1147 2114 esse,
1165 2032 1331 2100 fatebitur
1347 2054 1427 2101 eum
1443 2031 1504 2100 tali
1523 2053 1640 2101 rerum
1658 2033 1789 2101 lutura·

462 2159 539 2206 rum
550 2138 694 2208 scientia
708 2161 779 2207 esse
792 2138 990 2228 praeditum
1008 2139 1149 2229 qualem
1165 2139 1376 2227 evangelista
1389 2141 1421 2206 ei
1436 2137 1785 2228 adscribamus-503

462 2250 557 2326 2253
578 2245 683 2335 13‚1).
701 2250 810 2323 Quare
824 2246 936 2313 sciens
949 2244 1035 2337 quid
1055 2245 1210 2312 futurum
1221 2245 1270 2313 sit
1283 2267 1319 2312 se
1337 2244 1469 2312 confert
1485 2244 1524 2312 in
1543 2248 1634 2313 Cana
1647 2250 1682 2313 et
1693 2244 1787 2336 quod

461 2349 496 2415 in
512 2373 545 2419 v.
562 2351 754 2435 11dicitur‚
771 2351 809 2420 id
822 2374 941 2420 revera
955 2351 1046 2420 effici
1063 2350 1182 2420 voluit.

504 2456 684 2525 Probabile
698 2466 748 2526 est
760 2459 854 2548 quod
864 2464 900 2527 ct
911 2465 1042 2527 veteres
1058 2460 1101 2546 (v.
1116 2481 1151 2548 g.
1168 2463 1257 2550 sup.
1272 2458 1383 2532 Mold.
1401 2457 1525 2547 Calm.)
1539 2465 1572 2527 et
1583 2458 1788 2538 recentiores

460 2562 666 2652 quandoque
680 2559 864 2634 advertunt
878 2587 984 2632 novos
991 2564 1070 2631 illos
1084 2564 1248 2632 convivas
1261 2564 1405 2632 minime
1416 2567 1624 2653 exspectatos
1633 2564 1693 2654 qui
1707 2583 1787 2631 cum

461 2674 535 2736 lesu
548 2670 759 2738 advenerant
769 2671 838 2737 vini
847 2671 1020 2738 deiectum
1034 2669 1200 2738 attulime.
1213 2669 1309 2737 adde
1321 2674 1557 2759 paupertatem
1568 2668 1786 2738 invitantium

460 2775 575 2867 (rot).
598 2782 707 2855 Quare
728 2799 749 2844 a
772 2783 882 2845 matre
899 2776 1156 2846 misericordiae
1170 2778 1211 2843 fit
1231 2776 1465 2866 interpellatio
1483 2775 1529 2844 ad
1548 2777 1660 2845 filium
1679 2774 1785 2867 (Alo.)

460 2904 491 2948 v.
510 2889 529 2949 3
543 2895 576 2950 et
585 2883 761 2974 deficiente
771 2884 852 2951 vino
865 2883 951 2951 dicit
962 2896 1073 2951 mater
1083 2887 1160 2952 Iesu
1170 2881 1219 2950 ad
1227 2904 1325 2951 eum:
1340 2883 1457 2950 vinum
1472 2906 1542 2950 non
1553 2882 1698 2969 habent,·
1711 2905 1785 2952 cer-

459 2989 554 3056 nitur
567 2989 686 3058 matris
698 2990 951 3068 misericordia,
965 3013 1007 3058 eo
1026 3011 1166 3080 quoque
1182 2990 1286 3057 modo
1300 2990 1472 3080 perlecta,
1488 2989 1572 3080 quia
1584 3013 1606 3058 a
1618 2989 1713 3058 nullo
1728 3012 1786 3058 ro-

457 3100 539 3182 gata
552 3101 673 3184 sponte
689 3098 734 3164 ad
752 3095 1022 3164 succurrendum
1044 3119 1079 3163 se
1099 3095 1239 3163 exhibet
1263 3095 1456 3179 efficacem,
1483 3095 1664 3186 petitiones
1681 3093 1785 3187 prae·'
1861 3145 1886 3165 ,.
1987 3056 1992 3133 Ῐ
2029 3077 2030 3084 '

459 3201 611 3281 veniens3
636 3202 870 3270 misericordia
890 3202 982 3270 enim
1002 3209 1096 3270 tanto
1120 3207 1172 3269 cst
1191 3200 1368 3269 liberalior
1383 3207 1513 3292 quanto
1534 3202 1645 3270 minus
1663 3203 1782 3290 rogari

457 3313 629 3397 exspectat
643 3307 754 3398 (rot).
769 3313 875 3392 Porro
894 3309 1086 3377 ostenditur
1099 3308 1206 3401 ipsius
1220 3308 1345 3376 eximia
1357 3308 1401 3376 de
1414 3313 1487 3377 lesu
1502 3308 1618 3399 opinio
1633 3314 1666 3376 et
1684 3308 1780 3376 tides.

459 3419 549 3481 lesus
564 3415 716 3482 nondum
728 3423 890 3506 operatus
904 3423 954 3483 est
963 3415 1188 3498 miraculum;
1202 3414 1267 3482 scit
1276 3436 1356 3482 enm
1369 3421 1509 3504 posseet
1522 3420 1692 3506 exspectat
1706 3436 1785 3483 eum

457 3521 624 3588 miraculo
636 3544 737 3613 opem
751 3521 916 3590 laturum.
934 3527 1001 3591 Cur
1016 3522 1137 3589 merito
1154 3522 1219 3589 hoc
1233 3543 1326 3588 nunc
1338 3528 1535 3612 exspectare
1549 3522 1715 3612 potuerit,
1733 3544 1786 3590 ra·

457 3629 505 3694 tio
518 3634 584 3710 est,
602 3628 684 3719 quia
699 3632 791 3697 lesus
804 3656 821 3691 κ
838 3650 932 3696 nunc
945 3627 1058 3720 coepit
1069 3627 1107 3694 in
1120 3626 1302 3717 publicum
1318 3628 1458 3719 prodire
1464 3653 1474 3713 ;
1489 3632 1591 3696 antea
1608 3633 1785 3720 tamquam

457 3755 546 3801 unus
568 3756 587 3801 e
609 3735 712 3821 vulgo
730 3735 835 3802 vitam
857 3735 1001 3822 agebat;
1023 3740 1237 3826 quapropter
1255 3756 1326 3801 non
1346 3733 1498 3802 audebat
1521 3734 1588 3802 tale
1606 3733 1785 3824 quidpiam

457 3839 521 3929 ipsi
534 3839 658 3908 dicere.
677 3840 869 3914 Ubiautem
892 3840 1025 3908 audivit
1047 3846 1211 3908 loannem
1233 3846 1377 3930 propter
1398 3841 1513 3931 ipsum
1534 3840 1663 3909 venisse
1681 3863 1721 3908 ac
1743 3840 1786 3908 de

457 3945 516 4012 illo
532 3946 600 4014 talc
618 3945 853 4015 testimoninm
876 3946 1109 4038 perhibuisse,
1127 3947 1241 4037 ipsum
1261 3947 1389 4015 habere
1411 3947 1612 4038 discipulos,
1632 3947 1787 4015 tuncde·
1891 3957 1893 3960 ⁴
1982 3902 2056 4023 :ii-st.

458 4072 553 4118 mum
565 4073 643 4120 cum
658 4051 783 4121 fiducia
797 4061 897 4142 rogat
914 4082 930 4116 »ι
951 4052 1074 4144 (cta).
1091 4058 1135 4120 Ex
1150 4076 1191 4120 eo
1206 4052 1302 4142 quod
1317 4059 1408 4121 lesus
1422 4053 1609 4144 discipulos
1623 4053 1689 4122 sibi
1703 4076 1785 4121 con·

456 4157 637 4245 iungebat,
654 4159 777 4227 merito
795 4160 961 4230 conclusit
981 4158 1161 4228 advenisse
1178 4165 1333 4248 tempus,
1351 4181 1419 4249 qno
1439 4181 1513 4227 sese
1534 4161 1777 4227 manifestaret.

456 4268 564 4341 Quare
581 4266 683 4332 audet
697 4271 793 4334 tanta
807 4267 1019 4335 modestiaet
1033 4266 1227 4334 reverentia
1239 4269 1313 4333 lesu
1325 4265 1498 4333 delectum
1513 4264 1584 4332 vini
1596 4264 1780 4349 insinuare,

457 4377 495 4439 ut
512 4392 590 4439 eum
609 4370 654 4438 ad
674 4373 920 4440 sublevandam
940 4373 1093 4462 inopiam
1114 4373 1308 4440 amicorum
1327 4378 1530 4462 provocaret
1554 4371 1611 4463 (cl.
1635 4371 1779 4462 Theoph.

459 4476 563 4544 suet.
587 4476 706 4545 Theod.
724 4483 772 4547 M.
794 4482 885 4547 lans.
908 4478 1018 4547 Calm.
1036 4476 1172 4568 Saltz.);
1191 4500 1303 4567 neque
1321 4478 1457 4545 dubitat
1470 4479 1555 4570 quin
1568 4502 1632 4570 pro
1647 4500 1708 4546 sua
1720 4479 1782 4545 bo-

458 4583 563 4652 nitate
579 4592 613 4651 et
626 4586 780 4673 potentia
798 4587 901 4677 possit
920 4607 960 4652 ac
975 4584 1055 4652 velit
1075 4606 1293 4669 succurrere,
1310 4584 1370 4652 sed
1385 4591 1521 4674 tempus
1534 4593 1568 4653 et
1588 4583 1728 4652 modum
1743 4585 1780 4653 in

457 4688 550 4758 iltius
564 4691 735 4758 voluntate
755 4699 788 4761 et
802 4690 1021 4783 providentia
1035 4690 1203 4782 relinquit
1219 4690 1354 4781 (lons).

502 4799 543 4864 Ut
551 4820 639 4888 quae
651 4804 851 4887 sequuntur,
869 4819 967 4867 suam
980 4797 1131 4865 habeant
1145 4798 1410 4888 explicationem
1420 4796 1484 4865 toti
1491 4797 1628 4866 eventui
1641 4806 1676 4866 et
1686 4820 1783 4888 prae-

457 4901 617 4973 scientiae
634 4903 757 4974 Christi
771 4926 974 4985 consonam,
991 4903 1105 4972 notari
1126 4911 1261 4994 oportet
1276 4903 1451 4972 Christum
1470 4926 1588 4973 revera
1600 4903 1637 4973 in
1650 4903 1780 4994 nuptiis
