4050 5648
384 497 423 555 52
779 501 859 556 ocae
879 499 927 544 srr
949 503 1151 553 uramrroms
1172 500 1308 550 iunones.

384 636 473 702 velle
491 636 694 706 concludere
713 635 865 703 animum
887 640 1056 705 narrantis
1074 644 1171 706 Petro
1190 633 1389 717 inimicum;
1408 638 1462 705 vel
1481 662 1523 705 ex
1547 662 1589 706 eo
1612 636 1708 728 quod

384 748 527 809 loannes
541 752 658 835 utpote
670 748 768 808 notus
781 743 893 809 statim
906 747 1030 811 atrium
1045 744 1213 832 pontilicis
1225 741 1336 829 potuit
1351 742 1497 826 intrare,
1509 750 1631 812 Petrus
1645 766 1708 813 au·

207 914 227 941 ,‚
383 855 469 930 tem,
488 858 605 941 utpote
620 845 765 914 ianitrici
782 847 933 934 ignotus,
948 873 1016 916 uon
1030 850 1199 940 extemplo
1212 846 1380 913 admissus
1394 857 1460 932 est;
1481 857 1581 931 18,1o
1595 853 1708 940 potius

251 963 260 985 ·’
382 957 470 1023 Petri
497 956 659 1025 tortitudo
681 956 715 1017 et
736 952 859 1022 fiducia
883 959 917 1022 iu
939 955 1117 1023 Dominum
1140 954 1413 1036 commendatur,
1438 979 1517 1022 cum
1539 979 1643 1024 ausus
1665 956 1709 1024 sit

380 1065 498 1151 gladio
511 1065 559 1130 uti
572 1063 606 1125 in
620 1079 771 1141 servum,
789 1063 946 1151 quamvis
964 1061 1084 1128 cohors
1099 1060 1294 1129 etministri
1306 1061 1429 1127 armati
1442 1069 1581 1149 praesto
1595 1070 1708 1129 essent

252 1198 261 1210 ·
384 1172 426 1239 ad
439 1187 573 1239 omnem
589 1164 659 1230 vim
671 1168 784 1234 statim
795 1166 1049 1254 infringendam
1067 1174 1102 1234 et
1115 1166 1267 1256 graviter
1282 1165 1528 1235 ulciscendam.
1545 1169 1644 1247 Quod
1655 1169 1708 1235 iu-

380 1278 458 1345 nior
472 1279 613 1339 loannes
626 1274 859 1362 praecucurrit
872 1274 969 1340 citius
981 1278 1078 1339 Petro
1093 1273 1243 1354 seniore,
1255 1272 1340 1361 quid
1352 1271 1501 1340 mirum?
1512 1295 1594 1340 num
1611 1281 1708 1343 loan-

379 1402 439 1449 nes
453 1399 493 1444 eo
507 1400 608 1445 cursu
622 1401 656 1446 se
670 1397 739 1446 esse
754 1385 850 1446 Petro
862 1378 1068 1448 nobiliorem
1087 1380 1265 1447 ostendere
1280 1378 1409 1446 voluit?
1425 1377 1525 1446 sedsi
1543 1378 1606 1446 illa
1620 1381 1707 1448 adeo

381 1491 515 1574 oportet
529 1485 759 1575 perpendere,
779 1483 964 1574 discipulus
980 1485 1037 1551 ille
1053 1486 1215 1552 concessit
1232 1490 1266 1552 et
1287 1485 1410 1553 detulit
1424 1490 1523 1553 Petro
1537 1487 1706 1553 honorem

258 1656 268 1694 ,Ι
379 1592 576 1659 introeundi
589 1594 625 1658 in
635 1591 847 1680 sepulcrum!
860 1597 981 1672 ernist
991 1595 1107 1657 Petrus
1118 1614 1198 1659 sane
1213 1591 1323 1658 maius
1332 1593 1482 1659 ostendit
1496 1592 1706 1690 desiderium

202 1742 204 1749 ,
225 1716 248 1781 ’,ζ
377 1698 491 1768 statim
506 1698 549 1766 ad
562 1698 743 1764 Dominum
762 1697 920 1763 veniendi
935 1705 969 1765 et
987 1696 1080 1788 quod
1099 1705 1201 1787 caput
1214 1704 1267 1766 est
1280 1705 1441 1779 ibit-17
1457 1699 1521 1766 soli
1542 1704 1641 1767 Petro
1659 1705 1708 1768 to

288 1858 291 1864 .
379 1816 435 1874 tus
453 1828 535 1892 grex
555 1803 689 1869 Domini
707 1802 855 1871 traditur
870 1804 1072 1893 pascendus.
1093 1808 1141 1870 En
1154 1804 1327 1894 quomodo
1345 1807 1451 1872 etiam
1469 1806 1507 1872 in
1526 1806 1707 1894 evangelio

202 1890 218 1941 ²²
234 1902 255 1931 '¹
378 1917 504 2004 quarto
521 1910 606 1976 hacc
622 1908 691 1976 duo
708 1909 896 1977 efferuntur
908 1932 997 1999 quae
1013 1911 1105 1999 apud
1123 1912 1318 2000 synopticos
1333 1917 1489 1978 tacentur
1505 1918 1584 1996 t,t2
1599 1921 1633 1979 ot
1648 1920 1704 1993 21,

379 2026 497 2088 15-17.
511 2015 707 2083 Ridiculum
723 2022 836 2082 autem
849 2022 899 2083 est
909 2017 1003 2104 quod
1016 2018 1133 2084 Weizs.
1150 2017 1251 2084 nobis
1259 2017 1444 2085 obtrudere
1458 2018 1543 2101 vult,
1558 2040 1598 2085 eo
1612 2018 1707 2109 quod

378 2133 521 2194 loannes
536 2122 622 2189 vidit
640 2124 750 2213 posita
764 2122 965 2189 linteamina
980 2130 1058 2205 20,5
1075 2129 1108 2190 et
1122 2123 1282 2206 credidit,
1300 2128 1400 2190 Petro
1418 2124 1453 2191 id
1473 2123 1595 2212 negari
1614 2124 1708 2215 quod

378 2240 393 2299 1
410 2236 485 2300 Cor.
510 2237 585 2311 15‚5
597 2236 630 2297 et
641 2234 902 2319 praetereatur.
920 2234 1020 2312 ssight
1035 2230 1182 2296 refertur
1195 2251 1203 2296 :
1218 2230 1380 2297 Dominus
1387 2233 1548 2320 apparuit
1560 2231 1704 2299 Simoni.

374 2343 537 2405 loannem
553 2337 753 2426 neutiquam
767 2336 804 2403 in
816 2335 976 2402 omnibus
990 2336 1207 2425 aequiparari
1215 2341 1331 2417 Petro,
1342 2337 1422 2404 satis
1436 2338 1634 2406 declaratur
1646 2344 1705 2421 21,

378 2453 500 2528 15-173
521 2446 623 2534 proin
645 2443 706 2510 etsi
725 2447 866 2510 loannes
886 2447 960 2509 crat
979 2442 1200 2528 singulariter
1221 2443 1364 2510 dilectus
1384 2466 1405 2510 a
1426 2445 1587 2526 Domino,
1608 2449 1707 2511 Petro

376 2551 563 2641 singularis
577 2554 627 2617 est
639 2549 763 2617 collata
776 2549 959 2616 auctoritas
971 2550 1007 2614 in
1020 2554 1129 2616 totum
1141 2569 1284 2635 gregem
1297 2555 1332 2616 et
1343 2549 1491 2640 scriptor
1501 2551 1562 2640 qui
1577 2558 1706 2618 utrum·

378 2683 445 2752 que
462 2660 581 2740 refert,
599 2679 671 2723 non
684 2655 774 2743 gerit
786 2655 942 2722 animum
957 2661 1055 2722 Petro
1069 2655 1257 2739 infensum,
1274 2678 1389 2746 neque
1407 2661 1569 2725 loannem
1583 2657 1620 2724 iu
1634 2680 1706 2726 om·
1827 2741 1830 2748 Ι

376 2767 480 2833 nibus
494 2771 590 2831 Petro
610 2785 682 2830 esse
696 2783 815 2851 parem
831 2761 995 2841 ostendit,
1010 2762 1069 2828 sed
1081 2784 1236 2829 veracem
1257 2784 1373 2830 rerum
1389 2770 1563 2850 gestarum
1583 2786 1704 2831 narra-

376 2881 485 2941 torem
503 2893 538 2938 se
554 2868 706 2959 praebet.

421 2986 532 3048 Genus
542 2975 679 3043 dicendi
689 2996 768 3042 eum
782 2973 897 3063 prodit
905 2974 1107 3063 scriptorem
1117 2974 1178 3063 qui
1191 2974 1351 3041 hebraice
1363 2975 1528 3062 cogitavit
1537 2984 1572 3044 et
1582 2999 1705 3065 graece

377 3086 513 3175 scripsit
526 3083 672 3172 (Schanz
686 3081 709 3147 l.
727 3103 756 3149 c.
778 3104 814 3171 p.
835 3082 911 3169 50);
929 3080 1137 3147 constructio
1150 3082 1398 3148 sententiarum
1417 3081 1581 3150 hebraica
1599 3090 1649 3151 est
1661 3122 1706 3135 -

375 3193 611 3283 praedicatum
631 3188 743 3277 primo
759 3187 834 3253 loco
850 3186 990 3276 ponitur
1008 3209 1038 3253 e.
1058 3207 1093 3273 g.
1113 3193 1272 3268 tadu-27
1286 3188 1521 3276 quaterdecies
1544 3191 1706 3276 (Julicher

375 3300 399 3368 l.
414 3323 443 3366 c.
463 3322 497 3388 p.
511 3299 587 3380 2¹⁴3)
598 3318 605 3375 ;
616 3293 750 3384 periodi
766 3314 912 3382 quarum
927 3293 1043 3379 graeci
1055 3293 1235 3382 scriptores
1249 3300 1403 3360 amantes
1417 3301 1515 3378 sunt,
1532 3297 1634 3385 plane
1647 3297 1706 3364 dc-

375 3411 470 3483 sunt3
493 3403 682 3470 sententiae
696 3400 786 3466 inter
802 3421 838 3465 se
853 3397 1110 3481 coordinantur,
1128 3420 1215 3487 quac
1234 3405 1350 3466 tamen
1365 3400 1477 3485 logice
1496 3424 1568 3468 non
1582 3404 1703 3471 eodem

376 3510 497 3578 ordine
511 3509 600 3575 inter
613 3529 648 3573 se
664 3505 876 3581 referuntur;
894 3503 1087 3592 trequentes
1100 3512 1179 3570 suut
1197 3507 1386 3572 sententiae
1403 3505 1535 3576 finales.
1553 3510 1704 3579 Parallc-

375 3619 494 3685 lismus
511 3615 680 3682 hebraeus
696 3635 795 3702 saepe
814 3610 1098 3700 deprehenditur,
1116 3611 1338 3699 repetitiones
1353 3634 1425 3679 non
1439 3613 1623 3698 evitantur,
1644 3619 1705 3685 sed

376 3724 420 3790 ad
438 3723 489 3790 rei
503 3720 724 3789 assertionem
740 3718 794 3784 vel
809 3716 853 3784 ad
869 3717 918 3783 rei
934 3719 1138 3803 gravitatem
1157 3716 1459 3785 demonstrandam
1477 3720 1700 3791 adhibentur.

375 3837 533 3899 Ceterum
548 3848 658 3915 genus
670 3823 808 3891 dicendi
826 3823 1017 3912 profluens,
1034 3829 1188 3909 gratum,
1205 3824 1351 3913 simplex
1368 3831 1432 3903 est;
1450 3825 1556 3893 habet
1569 3833 1701 3911 tamen,

375 3944 414 4004 ut
428 3941 585 4002 Erasmus
598 3931 733 4013 scribit,
749 3959 764 3991 u
780 3951 878 3997 suum
895 3928 1070 4020 quoddam
1083 3928 1220 3996 dicendi
1234 3950 1359 4016 genus,
1376 3932 1424 3997 ita
1439 3954 1632 4002 sermonem
1649 3958 1704 4003 ve·

376 4046 425 4111 lut
438 4041 566 4110 ansulis
576 4063 615 4107 ex
629 4060 700 4105 sese
711 4033 970 4104 cohaerentibus
983 4041 1179 4119 contexens,
1191 4057 1443 4127 nonnunquam
1456 4061 1496 4105 ex
1506 4041 1700 4125 contrariis

373 4167 623 4238 nonuunquam
645 4168 686 4212 ex
701 4142 885 4225 similibus,
903 4163 1155 4231 nonnunquam
1175 4165 1215 4210 er
1234 4142 1355 4210 iisdem
1370 4145 1517 4212 subinde
1534 4147 1699 4236 repetitis

375 4259 470 4336 Quod
483 4275 593 4343 genus
607 4258 656 4319 est
673 4274 680 4320 :
698 4251 733 4317 in
748 4248 920 4339 principio
936 4255 1010 4315 erat
1024 4248 1170 4315 Verbum
1185 4256 1218 4316 et
1237 4249 1383 4317 Verbum
1399 4259 1473 4318 erat
1489 4253 1580 4341 apud
1596 4259 1701 4322 Deum

374 4368 407 4429 et
421 4369 510 4429 Deus
525 4368 598 4428 erat
616 4359 776 4424 Verbum.
794 4362 830 4423 ln
848 4357 900 4422 his
919 4355 1028 4423 tribus
1044 4356 1207 4423 memhris
1221 4355 1369 4423 Verbum
1389 4359 1514 4439 Verbo,
1535 4363 1619 4428 heus
1633 4367 1701 4429 Deo

373 4470 570 4551 succinitur,
592 4489 632 4534 ac
655 4486 733 4531 mox
752 4465 897 4554 repetito
918 4461 1087 4551 principio
1110 4463 1276 4532 circulum
1301 4463 1473 4531 absolvit:
1493 4465 1700 4535 hoceratin

373 4575 544 4665 principio
556 4574 649 4664 apud
665 4578 781 4639 Deum.
800 4577 847 4637 Ac
862 4591 995 4636 rursum
1014 4592 1022 4633 ε
1041 4571 1156 4636 omnia
1170 4593 1231 4659 per
1246 4571 1359 4659 ipsum
1375 4571 1466 4637 lacta
1482 4579 1609 4641 suntet
1626 4576 1701 4642 sine

372 4683 447 4770 ipso
461 4682 587 4748 lactum
607 4677 771 4760 estnihil,
788 4677 879 4766 quod
893 4677 1097 4758 factumest,
1112 4678 1147 4743 iu
1162 4679 1234 4765 ipso
1251 4676 1320 4741 vita
1335 4682 1408 4742 erat
1422 4683 1455 4744 et
1471 4679 1539 4746 vita
1555 4687 1629 4747 erat
1641 4681 1701 4748 lux

373 4788 553 4857 hominum
569 4794 602 4854 et
620 4789 679 4855 lux
693 4785 730 4852 in
747 4784 896 4851 tenebris
914 4784 1005 4850 lucet
1021 4789 1054 4849 et
1072 4784 1231 4859 tenebrae
1248 4804 1324 4850 eam
1344 4805 1415 4850 non
1428 4787 1700 4876 comprehende·
1768 4796 1773 4810 ·“

372 4901 463 4964 runt.
477 4894 573 4961 lnhis
583 4895 690 4985 liquet
701 4890 905 4958 utorationis
915 4889 1076 4980 quodque
1086 4889 1279 4957 membrum
1289 4893 1582 4981 semperexcipiat
1589 4894 1695 4983 priuS,
