4050 5648
196 609 307 682 abeis
331 619 470 699 avertit,
496 617 607 690 cavet,
630 632 673 676 ne
696 608 762 676 sibi
784 616 987 707 eripiantur.
1006 617 1089 678 Nam
1111 611 1138 677 si
1162 617 1234 677 tum
1254 617 1346 705 capti
1360 614 1519 693 luissent,

193 717 333 790 fortasse
349 726 473 791 timore
486 717 565 784 victi
582 717 752 784 Christum
765 727 944 809 negassent
954 730 986 787 et
1003 720 1137 808 eulpam
1153 723 1409 790 contraxissent.
1426 718 1522 787 Chri·

191 833 282 895 stum
305 837 406 912 17,12
426 829 580 892 locutum
608 847 679 892 esse
703 823 746 890 de
773 830 965 915 perditione
991 826 1144 916 corporis
1174 832 1207 890 et
1232 829 1385 908 animae,
1411 832 1522 895 censet

197 934 273 1002 cta.
281 956 297 1020 ‚·
312 930 483 1023 apostolos
498 935 579 998 tunc
593 931 747 999 nondum
766 932 813 1002 sic
829 934 1014 1004 credidisse
1030 932 1201 1023 quomodo
1218 929 1360 999 credant
1378 937 1437 1024 qui
1453 954 1521 1001 non

193 1047 355 1131 pereunt;
375 1035 504 1102 idcirco
520 1037 550 1103 si
568 1043 650 1105 tunc
667 1037 772 1104 occisi
789 1053 900 1110 essent
916 1044 1070 1108 futurum
1085 1039 1188 1107 tuisse
1204 1044 1241 1104 ut
1258 1039 1410 1127 perirent
1428 1045 1519 1130 Auq.

192 1147 370 1234 opinatur;
397 1143 584 1212 imbecilles
605 1143 733 1234 quippe
757 1144 871 1215 adhuc
901 1154 1019 1229 erant,
1040 1146 1089 1214 ait
1113 1151 1226 1236 Rup.;
1248 1145 1275 1211 si
1297 1154 1467 1230 negarent
1491 1154 1523 1212 et

194 1253 362 1336 negantes
377 1254 492 1317 tamen
516 1251 801 1335 interficerentur,
821 1255 857 1321 in
877 1236 936 1322 illo
957 1255 1141 1322 indiscreto
1156 1250 1305 1319 tumultu
1323 1250 1445 1340 procul
1459 1252 1523 1316 du-

195 1357 254 1423 bio
276 1354 505 1455 perderentur
521 1358 577 1446 (ci.
604 1354 708 1442 totu
735 1361 821 1446 hup.
842 1362 942 1429 aliter
960 1383 1096 1452 quoque
1116 1359 1248 1449 concipi
1264 1379 1362 1448 posse
1383 1363 1520 1423 censet:

196 1460 256 1529 sed
277 1467 366 1545 esto,
398 1470 437 1530 ut
454 1464 608 1533 fortassis
631 1486 701 1531 non
727 1474 894 1552 negantes
915 1468 1023 1558 aliqui
1039 1467 1293 1545 occiderentur;
1310 1485 1523 1557 nonnequo·

197 1568 383 1636 dammodo
404 1573 508 1638 etiam
527 1574 574 1639 sic
593 1570 832 1661 perderentur,
859 1576 917 1663 qui
934 1574 1074 1663 minime
1096 1573 1140 1640 ad
1165 1572 1252 1640 illud
1272 1570 1521 1663 propterquod

196 1674 337 1742 fuerant
351 1676 451 1743 electi
467 1680 646 1769 pervenire
658 1677 871 1745 sinerentur?

241 1785 325 1849 Cum
347 1783 417 1848 iam
441 1784 583 1875 propius
606 1785 649 1852 ad
678 1789 788 1851 lesum
813 1786 1016 1852 accederent
1035 1791 1067 1851 et
1088 1807 1208 1851 manus
1226 1785 1263 1851 in
1285 1807 1364 1851 eum
1384 1784 1523 1850 iniicere

196 1887 285 1955 velle
308 1889 519 1972 viderentur,
548 1913 580 1956 v.
609 1897 649 1957 10
677 1891 797 1957 Simon
821 1912 900 1979 erqo
926 1894 1047 1957 Petrus
1073 1889 1197 1958 habeus
1219 1891 1377 1980 qladium
1405 1889 1524 1954 eduxit

195 2016 273 2061 eum
286 2007 320 2062 et
329 1996 497 2086 percussit
504 1996 682 2086 pontificis
694 2020 829 2064 servum
841 2010 873 2064 et
883 1996 1027 2063 abscidit
1039 1997 1233 2063 auriculam
1247 1997 1320 2062 eius
1330 1997 1525 2077 dexteram

195 2114 269 2169 erat
293 2115 419 2169 autem,
435 2125 559 2171 nomeu
579 2102 673 2170 'serui
691 2102 846 2171 Mutatus
855 2124 869 2188 ,·
889 2109 1036 2193 utroque
1064 2103 1201 2170 nomine
1223 2103 1357 2192 prolato
1383 2102 1471 2168 Petri
1492 2106 1525 2167 et

177 2274 179 2279 ,
195 2210 285 2276 servi
300 2210 535 2277 narrationem
550 2211 809 2300 synoptieorum
822 2211 962 2301 ‘supplet
980 2212 1208 2298 evangelista3
1227 2241 1242 2271 α
1260 2233 1325 2277 nec
1338 2210 1409 2275 sine
1425 2230 1525 2275 eausa

196 2315 387 2384 auriculam
399 2317 573 2383 dexteram
589 2315 688 2399 dicit,
703 2318 778 2400 sed,
802 2325 839 2385 ut
862 2325 961 2407 puto,
979 2341 1048 2408 quo
1063 2317 1211 2408 apostoli
1226 2319 1394 2407 impetum
1410 2314 1524 2383 decla-

152 2453 156 2460 ·
197 2427 289 2489 raret
303 2422 397 2512 quod
416 2424 530 2513 ipsum
551 2422 623 2489 iere
641 2429 743 2512 caput
761 2425 974 2514 impeteret»
998 2425 1120 2513 (Chul
1143 2429 1249 2491 lotum
1265 2424 1302 2490 in
1322 2429 1424 2513 caput
1436 2423 1524 2489 servi

184 2528 347 2620 ¹intendit
360 2533 493 2611 Petrus,
513 2526 629 2596 servus
643 2528 750 2603 ictum
770 2530 914 2596 obverso
929 2532 1040 2620 capite
1064 2531 1213 2597 declinat
1233 2531 1298 2610 ita,
1318 2538 1354 2596 ut
1372 2529 1525 2595 auricula

198 2634 337 2702 dextera
356 2635 579 2725 percutiatur.
606 2640 729 2703 Servus
747 2636 803 2702 ille
824 2658 905 2724 prae
921 2637 996 2703 aliis
1015 2658 1086 2703 sese
1106 2636 1299 2726 proripiens
1316 2657 1437 2701 manus
1451 2639 1522 2700 lesu

196 2741 325 2808 inferre
343 2730 506 2809 tentavit.
532 2747 662 2809 Nomen
681 2742 832 2810 ltalchus
851 2730 946 2833 (ᾖς,
969 2742 1069 2811 Schz.
1099 2741 1200 2825 Cart,
1223 2731 1289 2806 uhu
1306 2742 1424 2830 stay.)
1441 2739 1526 2807 alias

197 2871 335 2940 quoque
359 2849 532 2937 reperitur
555 2849 611 2939 (ci.
640 2848 819 2939 Iosephus,
841 2835 1070 2939 An'tiq.1‚15;
1093 2850 1192 2939 plura
1216 2849 1294 2915 vidc
1314 2848 1405 2938 apud
1420 2847 1522 2936 Schq.

206 2955 395 3039 Wetsteiu).
426 2959 541 3022 Petrus
565 2978 628 3046 pro
645 2955 760 3023 indole
784 2978 847 3023 sua
870 2957 1059 3046 praecipite
1078 2956 1150 3043 agit
1168 2963 1293 3023 etcum
1310 2962 1401 3021 tanta
1418 2976 1524 3044 prope

197 3070 284 3130 esset
300 3063 420 3141 turba,
442 3064 593 3129 animum
612 3062 760 3129 ostendit
771 3064 894 3129 fortem
911 3063 1088 3130 confidens
1100 3062 1241 3129 Domino
1258 3084 1373 3152 quem,
1392 3062 1441 3128 uti
1455 3083 1526 3127 sae·
1579 3082 1582 3087 ·

197 3170 275 3259 pius
295 3171 363 3235 iam
382 3168 522 3235 insidias
537 3168 654 3251 elusit,
677 3170 726 3236 ita
746 3192 837 3236 nunc
852 3192 992 3259 quoque
1006 3192 1084 3237 oum
1098 3170 1167 3236 suis
1182 3169 1391 3236 incolumem
1413 3169 1526 3234 abitu-

197 3297 276 3343 rum
296 3297 370 3342 esse
386 3274 558 3342 credebat.
575 3277 655 3344 Eius
673 3277 789 3365 itaque
810 3277 944 3344 facinus
965 3299 1006 3343 ex
1024 3276 1091 3342 fide
1106 3264 1270 3343 elamore
1286 3276 1322 3342 in
1339 3281 1448 3341 lesum
1468 3272 1525 3339 dc-

198 3382 360 3449 claratur.
375 3382 443 3448 Nisi
458 3381 548 3448 enim
563 3382 631 3449 tide
646 3381 684 3449 in
703 3388 777 3449 lesu
792 3383 980 3471 potentiam
1001 3383 1101 3471 plane
1119 3382 1271 3448 imbutus
1286 3381 1416 3458 luisset¹
1437 3402 1526 3447 nun-

199 3510 305 3579 quam
330 3488 458 3554 audere
483 3489 596 3577 potuit
619 3489 657 3556 in
675 3493 860 3578 conspectu
885 3489 1007 3555 turbae
1033 3511 1118 3555 unus
1144 3510 1260 3555 omnes
1284 3509 1468 3578 provocare
1494 3494 1527 3551 et

198 3595 375 3662 lacessere.
394 3599 502 3672 Quare
515 3616 535 3660 a
550 3594 669 3662 limine
687 3617 825 3684 quoque
846 3594 1001 3662 relicitur
1021 3596 1190 3662 sententia
1209 3593 1444 3684 quorundam,
1467 3593 1526 3682 qui

200 3707 360 3768 loannem
385 3723 511 3768 nomen
533 3701 623 3767 Petri
641 3700 757 3769 animo
776 3700 812 3766 in
834 3723 913 3768 eum
932 3700 1025 3768 haud
1050 3702 1214 3768 benevolo
1232 3699 1448 3789 adscripsisse
1469 3722 1527 3765 ve-

201 3807 276 3874 lint.
302 3813 419 3874 Petrus
439 3830 559 3875 revera
575 3813 732 3898 expertus
747 3814 796 3875 est
811 3807 1002 3897 potentiam
1021 3813 1108 3888 lcsu;
1126 3830 1205 3874 nam
1222 3830 1322 3874 nemo
1342 3807 1374 3872 ci
1388 3811 1527 3896 propter

200 3914 312 3982 audax
330 3914 464 3979 facinus
479 3914 669 4003 quidquam
683 3914 813 4002 negotii
827 3914 981 3992 facessit;
998 3938 1029 3981 v.
1045 3922 1081 3980 11
1098 3913 1186 3981 dixu
1201 3935 1282 4002 erqo
1299 3914 1390 3978 lesus
1402 3915 1500 3978 Petro
1512 3935 1524 3976 .·

199 4022 294 4088 mitte
312 4019 471 4110 qlodium
488 4031 584 4086 tuum
595 4020 632 4086 iu
645 4021 827 4110 rapinum
844 4021 986 4087 culicem
1001 4043 1101 4110 quem
1116 4020 1212 4089 dedit
1229 4019 1316 4085 auti
1333 4023 1445 4101 Pater,
1460 4042 1527 4085 uon

199 4128 314 4195 bibam
334 4127 461 4194 illum?
478 4126 605 4194 omittit
626 4128 731 4194 verba
746 4149 835 4218 quae
849 4127 1036 4194 Matthaeus
1056 4128 1219 4194 retulerat
1235 4129 1448 4215 (ausa-m),
1467 4126 1526 4193 sed

199 4236 296 4304 addit
311 4257 400 4325 quae
412 4234 471 4300 ille
485 4256 556 4300 non
569 4232 788 4313 adiunxerat3
805 4239 894 4301 lesus
910 4234 1067 4300 meminit
1079 4235 1242 4301 orationis
1263 4234 1300 4300 in
1321 4236 1421 4300 horto
1437 4256 1443 4301 :
1460 4257 1526 4300 non

200 4343 293 4433 quod
311 4365 376 4429 ego
398 4341 491 4420 volo,
508 4341 567 4407 sed
593 4341 687 4431 quod
710 4348 759 4407 tu.
783 4342 889 4408 Simul
905 4346 1042 4408 Petrum
1063 4343 1162 4408 docet
1178 4365 1212 4407 se
1228 4340 1474 4429 comprehendi
1488 4364 1527 4406 ex

200 4450 318 4517 divina
333 4449 600 4538 dispensatione3
619 4448 709 4514 hano
726 4471 797 4515 esse
816 4449 923 4516 Patris
940 4449 1165 4527 voluntatem,
1185 4450 1274 4515 hanc
1288 4455 1411 4514 sortem
1426 4470 1446 4513 a
1465 4451 1527 4512 Pa-

202 4563 253 4624 tre
267 4558 333 4624 sibi
349 4556 561 4624 attributam.
584 4562 629 4623 De
647 4557 850 4645 metaphora
869 4556 985 4623 calicis
1004 4556 1080 4622 vide
1100 4556 1144 4622 ad
1165 4556 1277 4622 ltatth.
1299 4562 1399 4635 2032
1416 4557 1527 4639 (Com-

202 4673 309 4732 ment.
336 4670 375 4732 ll.
407 4689 439 4754 p.
464 4664 553 4749 185).
575 4663 696 4729 Libens
718 4670 750 4729 et
773 4662 890 4729 volens
911 4668 999 4729 lesus
1016 4685 1050 4729 se
1067 4662 1170 4729 tradit
1187 4665 1221 4728 in
1244 4662 1525 4728 manusinimieo-

203 4794 297 4854 rum3
316 4772 441 4861 accipit
461 4768 622 4849 calicem;
650 4791 729 4836 nam
755 4798 770 4830 «
795 4768 882 4836 sicut
902 4768 1103 4836 mandatum
1131 4769 1225 4835 dedit
1246 4769 1331 4834 mihi
1356 4773 1463 4846 Pater,
1481 4767 1527 4832 sic

202 4879 291 4948 facio
317 4906 333 4940 u
365 4878 543 4965 (1t‚31)v.
569 4883 610 4942 12
629 4877 747 4943 cohors
767 4899 844 4965 erqo
870 4890 902 4943 et
926 4877 1081 4943 tribunus
1104 4892 1136 4944 et
1158 4876 1308 4943 ›uiuistu'
1325 4875 1527 4942 [tatarorum
