4050 5648
353 495 413 555 533
883 506 966 550 rou.
990 496 1144 569 rearis.

352 650 525 737 expressio
539 656 573 717 et
595 651 681 715 hora
700 640 801 705 tertia
820 644 854 706 et
876 639 964 708 hora
986 647 1084 734 quasi
1103 647 1195 707 sextu
1217 642 1298 707 satis
1321 663 1410 728 vaga
1431 652 1491 711 est.
1515 648 1675 710 loannem

351 762 465 822 autem
478 761 692 842 computasse
714 747 817 813 horas
834 746 972 814 abortu
992 753 1087 829 sotis,
1112 754 1244 814 certum
1267 754 1316 814 ost
1334 747 1392 836 (cl.
1413 755 1482 828 aa.
1501 750 1575 838 52);
1598 747 1676 813 vide

350 885 439 952 quae
457 862 555 928 daea
573 877 608 921 re
622 855 814 921 accuratius
825 857 968 942 exposui
985 858 1024 925 in
1037 860 1226 924 comment.
1242 858 1338 921 ltarc.
1357 879 1391 944 p.
1412 860 1488 922 tlt.

394 969 522 1036 Pilatus
535 960 788 1027 accusationem
804 981 911 1049 quam
932 963 1142 1050 synedristac
1159 962 1376 1050 protulerunt
1394 960 1431 1026 in
1446 983 1609 1048 magnam
1629 963 1673 1029 ir·

348 1073 510 1140 risionem
533 1088 659 1133 eorum
682 1068 784 1134 vertit
805 1072 839 1132 et
863 1067 929 1133 bac
948 1067 1185 1136 ludificatione
1206 1067 1392 1135 vindictam
1412 1067 1505 1156 capit
1527 1069 1621 1157 quod
1640 1091 1677 1136 se

348 1178 494 1245 invitum
510 1175 692 1260 coegerint
706 1174 750 1240 ad
768 1173 1044 1261 obsequendum
1065 1195 1172 1264 quare
1182 1174 1307 1242 sedens
1322 1196 1384 1265 pro
1401 1173 1566 1256 tribunali
1578 1187 1677 1241 ante-

349 1303 455 1372 quam
472 1283 678 1348 scntentiam
701 1282 783 1358 lert,
807 1279 955 1348 irridens
976 1283 1063 1349 dicit
1085 1279 1259 1349 Iudaeis:
1280 1304 1354 1349 ecce
1377 1304 1439 1348 rer
1457 1293 1585 1364 oester,·
1598 1302 1676 1347 cum

350 1391 420 1456 iam
443 1386 561 1454 sedeat
587 1411 648 1479 pro
672 1370 858 1469 tribunali,
875 1389 978 1476 proin
996 1389 1043 1456 ad
1063 1389 1266 1455 sententiam
1285 1388 1462 1456 ferendam
1487 1409 1558 1454 sese
1577 1409 1678 1476 para·

352 1500 426 1561 tum
448 1495 625 1577 exhibeat,
658 1492 857 1560 nullatenus
882 1494 968 1562 haec
1002 1493 1110 1560 verba
1136 1515 1213 1560 cum
1244 1494 1417 1585 aliquibus
1440 1493 1559 1585 (Eutl.
1585 1496 1674 1583 Auq.

354 1600 470 1669 Tbom.
493 1602 586 1691 cai.)
602 1600 646 1668 ad
662 1599 847 1690 placandos
866 1607 902 1667 et
923 1600 1143 1667 miseratione
1161 1602 1429 1670 commovendos
1447 1602 1590 1669 ludaeos
1609 1601 1679 1668 dici

352 1714 540 1798 potuerunt
558 1712 722 1798 nequent
736 1706 958 1795 persuaderet
977 1705 1108 1773 ludaeis
1126 1707 1230 1774 talem
1247 1730 1364 1796 regem
1383 1707 1474 1775 nihil
1488 1707 1606 1775 damni
1624 1708 1678 1774 in-

351 1816 441 1884 ferro
453 1837 551 1907 posse
566 1812 700 1880 Caesari
716 1812 832 1901 (Tot),
846 1834 967 1881 verum
980 1814 1231 1880 accusationem
1242 1836 1360 1882 eorum
1370 1836 1407 1881 se
1420 1836 1515 1885 nunc
1523 1815 1678 1904 accipere

352 1922 437 1989 dicit
455 1926 490 1987 et
506 1920 612 1987 simul
631 1940 758 2005 magno
777 1940 948 1986 sarcasmo
967 1941 1040 1986 non
1053 1919 1138 1986 dicit
1159 1944 1167 1989 :
1191 1944 1227 1988 se
1249 1921 1328 1988 lecit
1342 1943 1477 2009 regem,
1495 1921 1554 1987 sed
1576 1942 1678 1989 :ecce

350 2051 409 2096 rex
424 2034 545 2095 vester.
569 2025 729 2093 irrisione
749 2025 868 2092 luriosi
887 2032 921 2092 ct
934 2026 1141 2113 sanguinem
1162 2031 1235 2095 lesu
1253 2027 1404 2095 sitientes
1427 2028 1595 2095 clamores
1612 2027 1678 2093 tol·

349 2135 442 2215 lunt,
463 2141 500 2199 ut
513 2133 588 2200 sine
604 2133 677 2201 ulla
692 2154 791 2199 mora
803 2133 976 2200 sententia
990 2132 1122 2200 feratur
1138 2156 1170 2200 v.
1196 2140 1236 2201 15
1256 2133 1313 2200 illi
1325 2145 1441 2201 autem
1456 2134 1650 2201 clamabant
1664 2155 1677 2200 .·

351 2240 448 2323 totle,
465 2239 562 2322 tolle,
581 2240 745 2329 crucifige
760 2260 862 2324 eum;
883 2239 954 2306 iam
973 2241 1047 2307 eius
1060 2246 1236 2331 aspectum
1253 2241 1340 2308 terre
1359 2262 1427 2307 non
1447 2245 1607 2330 possunt3
1626 2241 1679 2306 Pi·

351 2348 441 2415 latus
465 2354 581 2415 autem
609 2350 826 2414 exacerbatos
854 2347 960 2414 etiam
983 2348 1094 2435 magis
1122 2369 1297 2437 pungere,
1319 2346 1483 2429 illudere,
1514 2347 1679 2435 sugillare

352 2454 488 2522 acerbis
501 2453 633 2520 facetiis
644 2452 762 2539 gestit,
782 2474 851 2542 quo
870 2454 958 2519 iram
975 2475 1073 2520 suam
1087 2454 1129 2520 de
1145 2453 1320 2522 coactione
1334 2454 1401 2520 sibi
1411 2454 1514 2521 ,illata
1528 2439 1676 2543 expleat3

353 2560 439 2628 dicit
462 2560 513 2628 eis
532 2560 697 2627 Pilatus:
721 2581 836 2648 reqcm
855 2571 1003 2625 vestrum
1021 2560 1248 2649 crucifigam?
1263 2559 1514 2651 'responderunt
1535 2560 1679 2649 pontifi-

352 2689 405 2734 ces
421 2688 520 2734 :non
539 2666 700 2734 babemus
724 2688 838 2755 regem
865 2665 935 2732 nisi
951 2669 1150 2751 Caesarem,·
1168 2666 1230 2733 scit
1247 2667 1373 2734 Pilatus
1387 2688 1490 2757 quam
1509 2688 1613 2754 aegre
1632 2668 1679 2733 le

353 2779 430 2840 rant
439 2772 712 2840 dominationem
725 2795 920 2855 romanam,
938 2795 1050 2863 neque
1061 2774 1226 2859 ignorare
1235 2779 1368 2864 poterat
1379 2775 1497 2862 vigere
1512 2773 1604 2840 inter
1622 2795 1680 2840 cos

352 2900 448 2968 spem
470 2885 597 2946 certam
619 2879 843 2946 resuscitandi
869 2881 968 2967 regni
991 2879 1135 2959 inuniri,
1163 2902 1272 2970 quare
1293 2882 1445 2969 prolecto
1464 2879 1609 2947 laetatus
1630 2887 1680 2947 est

351 2985 479 3053 Pilatus
493 2986 588 3076 quod
607 3009 663 3053 eos
686 2987 839 3073 coegerit
853 2985 896 3052 ad
922 2986 1101 3076 publicam
1116 2988 1246 3054 invisae
1261 3008 1342 3053 suae
1364 2986 1535 3054 servitutis
1552 2988 1680 3076 proles·

350 3093 483 3160 sionem
497 3099 532 3160 et
543 3093 588 3160 ad
605 3092 780 3182 publicam
799 3092 1023 3178 negationem
1040 3093 1134 3160 itlius
1151 3092 1408 3184 exspectationis
1422 3094 1523 3181 regni
1537 3093 1677 3161 iudaici.

351 3198 529 3266 Pontifices
544 3222 624 3266 vero
638 3199 806 3266 excaecati
821 3199 901 3265 odio
915 3200 951 3264 iu
968 3204 1076 3266 lesum
1095 3201 1159 3266 hac
1175 3222 1256 3267 voce
1271 3199 1480 3267 sollemniter
1495 3200 1680 3290 repudiant

351 3307 502 3374 ltessiam
518 3328 638 3393 regem
652 3306 712 3395 qui
732 3312 781 3372 tot
796 3306 968 3373 vaticiniis
983 3306 1172 3396 promissus
1189 3312 1240 3373 est
1255 3313 1288 3374 et
1305 3329 1409 3397 quem
1425 3327 1544 3374 omnes
1564 3305 1679 3374 ludaei

351 3433 480 3498 magno
496 3413 693 3478 animorum
706 3411 876 3478 desiderio
891 3418 1103 3501 exspectant;
1121 3440 1137 3473 «
1156 3412 1386 3480 recalcitravit
1399 3414 1456 3480 hic
1472 3413 1572 3480 lsrael
1587 3419 1621 3478 et
1634 3412 1679 3479 ab

353 3518 505 3584 amicitia
527 3518 585 3584 Dei
601 3525 717 3607 aperte
733 3518 840 3585 resilit
854 3526 958 3608 atque
973 3519 1067 3586 iuxta
1088 3520 1182 3586 ltosis
1200 3542 1320 3587 vocem
1335 3520 1474 3609 reliquit
1485 3525 1591 3587 Deum
1609 3520 1679 3586 lac-

354 3630 463 3691 torem
480 3647 599 3706 suum;
618 3625 853 3692 animadverte
875 3625 968 3693 enim
993 3649 1062 3715 quo
1084 3632 1183 3716 pacto
1201 3626 1305 3694 facies
1324 3626 1510 3695 meretricis
1529 3627 1618 3693 lacta
1636 3628 1679 3692 sit

353 3730 436 3822 ipsi;
458 3731 607 3819 gloriam
627 3755 723 3799 suam
739 3731 881 3811 abiecit,
904 3732 1085 3800 Dominum
1100 3755 1200 3801 suum
1214 3733 1354 3821 negavit
1374 3761 1389 3792 n
1416 3733 1543 3823 (Cyn),
1563 3762 1579 3795 r«
1596 3755 1678 3820 ergo

351 3837 559 3905 concedatur
570 3838 639 3905 illis
649 3861 715 3905 non
728 3839 855 3906 babere
869 3860 985 3925 regem
998 3840 1064 3905 nisi
1076 3845 1268 3921 Caesarem,
1282 3842 1445 3929 quoniam
1460 3860 1580 3906 omnes
1593 3839 1679 3906 alios

352 3945 562 4025 abiecerunt,
574 3947 746 4012 neminem
760 3946 977 4034 excipientes
987 3947 1058 4012 sive
1070 3946 1254 4013 [leumsivc
1263 3946 1452 4028 hominem,
1464 3952 1497 4013 et
1507 3945 1680 4034 condigna

352 4051 418 4119 sibi
435 4051 612 4141 accipiant
629 4050 721 4118 dona
740 4053 912 4132 Caesaris,
934 4052 1063 4118 scilicet
1080 4052 1352 4119 interfectionem
1365 4057 1399 4119 et
1413 4053 1677 4141 captivationem

351 4158 482 4245 gentiS,
506 4158 716 4225 eversionem
743 4159 907 4240 civitatis,
933 4158 1134 4224 incendium
1159 4164 1193 4225 et
1213 4159 1519 4248 irrecuperabilem
1542 4161 1677 4226 ruinam

351 4265 471 4356 templi
498 4294 513 4324 u
540 4264 668 4355 (Pup).
688 4264 837 4351 Contigit
858 4263 929 4330 illis
951 4265 1044 4353 quod
1063 4265 1135 4333 tud.
1166 4273 1245 4347 9,15
1267 4264 1450 4332 scribitur:
1480 4267 1678 4352 egrediatur

350 4371 441 4458 iguis
460 4371 503 4437 de
524 4372 672 4438 rhamno
695 4378 727 4438 et
748 4372 894 4438 devoret·
906 4370 1026 4438 cedros
1040 4371 1176 4451 Libani;
1194 4380 1228 4438 et
1249 4374 1372 4440 iterum
1387 4372 1435 4439 eis
1456 4374 1571 4439 evenit
1586 4373 1678 4461 quod

352 4478 437 4545 olim
458 4463 570 4545 lsaias‘
581 4479 730 4545 minatus
750 4486 823 4545 erat
841 4500 848 4543 z
867 4501 930 4567 pro
947 4501 987 4543 eo
1010 4478 1102 4567 quod
1123 4479 1249 4546 abiecit
1261 4479 1408 4569 populus
1425 4480 1488 4546 iste
1503 4501 1609 4568 aquas
1626 4481 1678 4546 Si-

355 4584 425 4666 loe,
443 4608 522 4652 ecce
543 4585 704 4652 Dominus
718 4585 866 4652 adducet
880 4607 983 4674 super
999 4584 1075 4651 illos
1093 4609 1200 4675 aquas
1219 4586 1373 4652 lluminis
1388 4587 1491 4652 lortes
1505 4592 1541 4653 et
1554 4586 1678 4652 multas

355 4692 409 4778 (ts.
431 4699 505 4773 8,u;
529 4692 638 4780 Bor).
660 4696 698 4757 Et
716 4694 837 4758 merito
853 4698 967 4758 monet
986 4693 1167 4759 Sclmeron
1185 4716 1197 4757 .·
1213 4692 1291 4758 vide
1311 4691 1480 4779 insignem
1500 4691 1677 4782 impuden-

354 4797 437 4863 tiam
459 4806 493 4864 et
513 4797 730 4865 insolentiam
750 4798 967 4887 pontificum;
986 4820 1066 4865 nam
1087 4821 1200 4866 coram
1222 4797 1315 4865 omni
1330 4800 1458 4891 populo
1473 4799 1678 4888 profitentur

353 4926 387 4970 se
410 4925 529 4988 regom
555 4928 624 4971 non
645 4905 772 4970 babere
796 4906 860 4971 nisi
885 4909 1078 4984 Caesarem,
1102 4928 1204 4996 quem
1232 4912 1347 4973 tamen
1372 4912 1409 4974 ut
1432 4912 1618 4993 tyrannum
1644 4913 1678 4972 et
