4050 5648
203 610 207 619 ’
319 623 522 695 coniunctus
543 647 621 693 cnm
641 619 771 685 Christo
787 620 843 708 (cl.
867 626 958 713 15,t)
976 633 1103 692 etcum
1118 618 1303 686 dioaturin
1317 625 1470 705 nombre,
1486 621 1646 709 designa-
1749 688 1752 693 .

319 737 375 799 tur
391 735 474 801 unio
492 754 572 800 cum
591 725 722 793 Christo
737 736 906 816 qnatenus
923 735 1096 822 spectatur
1111 725 1148 791 id
1165 725 1260 815 quod
1278 725 1431 796 Christus
1446 731 1580 798 ratione
1592 730 1646 797 sui

317 840 471 909 muneris
480 845 513 904 et
526 833 704 901 doctrinae
720 836 809 913 vult3
826 838 922 903 brevi
937 845 1054 927 petere
1070 834 1107 898 in
1128 836 1254 901 unione
1269 853 1348 899 cnm
1366 835 1499 905 Christo
1513 837 1559 906 ad
1572 835 1646 904 eins

316 969 404 1037 opus
416 938 674 1035 perficiendum.
691 941 786 1019 Quod
803 942 869 1008 hac
883 944 1015 1009 ratione
1029 938 1172 1028 petitur,
1189 939 1225 1006 id
1237 947 1288 1007 est
1300 939 1395 1028 quod
1409 940 1563 1012 Christus
1572 942 1647 1010 vult

314 1048 351 1120 et'
372 1049 474 1141 proin
489 1045 552 1111 hoc
571 1044 718 1132 faciam.
736 1053 774 1113 ln
788 1048 853 1114 hac
866 1049 1063 1138 acceptione
1079 1048 1300 1113 continentur
1323 1044 1478 1134 reliquae
1496 1050 1646 1140 explica·
1740 1056 1746 1063 '

317 1161 427 1224 tiones
451 1174 538 1243 quae
555 1155 703 1245 proponi
722 1153 831 1219 solent
854 1176 862 1220 ε
884 1161 999 1244 petere
1019 1154 1178 1218 invocato
1194 1154 1334 1219 nomine
1354 1157 1444 1232 lesu,
1460 1153 1534 1219 eius
1549 1176 1646 1222 man·

317 1262 415 1340 dato,
437 1281 501 1348 pro
521 1262 631 1327 salute
652 1280 756 1348 quam
781 1261 871 1340 vult,
896 1280 974 1325 cum
994 1258 1204 1325 confessione
1231 1259 1306 1324 iiiii
1327 1259 1385 1325 Dei
1407 1265 1441 1325 et
1465 1258 1646 1328 salvatoris

316 1349 508 1456 (cl.'Nonn.
533 1364 679 1454 Tteoph.
702 1365 806 1431 Eutlt.
828 1369 919 1454 Auq.
940 1367 1028 1454 nup.
1052 1364 1165 1430 riom.
1188 1365 1288 1453 etc),
1309 1367 1436 1432 virtute
1458 1373 1492 1432 et
1514 1366 1645 1433 meritis

316 1473 439 1540 Christi
448 1474 555 1563 (lons.
568 1472 683 1561 Lon),
695 1470 740 1536 ad
751 1471 887 1538 laudem
900 1475 934 1536 et
943 1469 1089 1556 gloriam
1100 1471 1272 1559 eius(Coi.
1285 1471 1395 1537 Salm.
1407 1470 1555 1561 solini
1567 1471 1646 1538 linis

316 1582 473 1648 omnium
483 1580 627 1648 ultimus
636 1583 686 1641 est
700 1576 813 1662 gloria
823 1576 894 1658 Dei,
910 1599 1014 1666 quam
1024 1577 1174 1664 gloriam
1185 1584 1224 1642 ut
1239 1576 1438 1644 hominibus
1446 1579 1644 1646 manifesta·

315 1695 370 1755 ret
393 1695 429 1755 et
447 1693 515 1754 Deo
534 1682 765 1750 satisfactione
783 1685 946 1772 praestita
968 1683 1127 1750 redderet
1151 1683 1254 1749 Filius
1272 1683 1315 1749 de
1338 1682 1435 1751 coelo
1448 1684 1641 1767 descendit,

234 1867 237 1871 ,
315 1815 420 1885 (μεσπι
433 1791 582 1880 gloriam
598 1797 637 1856 nt
650 1798 853 1879 promoveat
869 1790 1015 1879 spondet
1032 1812 1067 1856 se
1084 1790 1202 1855 omnio
1220 1790 1391 1857 iacturum
1405 1812 1495 1880 quae
1510 1812 1576 1882 pro
1589 1813 1645 1859 ra·

314 1903 407 1967 tione
422 1899 578 1964 muneris
599 1896 643 1963 ad
666 1917 754 1986 opus
775 1896 980 1962 messianum
999 1894 1265 1986 propagandum
1287 1895 1445 1985 discipuli
1466 1897 1640 1987 petierint.

313 2012 385 2085 Quo
400 2005 529 2071 maiore
548 2003 674 2070 fiducie
697 2009 830 2092 petant,
855 2003 979 2092 repetit
1001 2025 1033 2068 v.
1058 2007 1099 2067 it
1122 2002 1154 2068 si
1172 2000 1260 2092 quid
1271 2003 1442 2092 petieritis
1460 2026 1514 2070 me
1529 2004 1566 2070 in
1581 2027 1644 2071 no-

313 2114 404 2179 mim
424 2133 518 2196 meo,
545 2109 607 2176 hoc
620 2110 766 2198 sociam,
787 2109 889 2175 simul
913 2110 949 2175 in
970 2108 1030 2174 illo
1051 2130 1105 2175 me
1127 2107 1308 2175 declarans
1325 2108 1550 2177 denuosnam
1564 2134 1642 2178 cnm

313 2225 412 2287 Patre
427 2215 820 2285 consubstantialitatem
836 2215 882 2282 ad
896 2214 1142 2301 corrigendum
1164 2236 1299 2282 sensum
1314 2214 1413 2282 illum
1427 2238 1496 2305 quo
1511 2217 1644 2309 Philip-

313 2348 379 2415 pus
390 2325 524 2391 dixerat
541 2342 549 2388 z
565 2323 706 2390 ostende
724 2321 824 2388 nobis
842 2326 975 2389 Patrem
993 2328 1028 2386 et
1040 2320 1168 2388 sufficit
1180 2321 1280 2388 nobis
1298 2323 1429 2412 (lton).
1445 2323 1514 2390 Etsi
1526 2323 1643 2414 itaque

314 2437 406 2499 lesus
435 2430 606 2511 discedat,
629 2437 743 2496 tamen
770 2429 963 2518 petentibus
993 2433 1027 2494 et
1050 2428 1292 2496 invocantibus
1317 2435 1453 2518 praesto
1474 2437 1526 2497 cst
1554 2432 1642 2498 acsi

313 2560 474 2628 praesens
497 2537 540 2603 iis
564 2536 725 2603 adstaret.
749 2535 844 2603 Unde
869 2535 999 2601 habent
1020 2557 1089 2624 quo
1106 2558 1142 2602 se
1168 2537 1397 2619 consolentur,
1418 2541 1544 2604 etcum
1559 2537 1642 2604 talia

315 2645 495 2736 promittat
508 2643 592 2733 quia
609 2642 702 2709 vadit
719 2641 764 2709 ad
783 2647 915 2708 Patrem
934 2642 980 2730 (v.
1003 2642 1077 2730 12),
1093 2641 1198 2708 etiam
1218 2664 1277 2708 eos
1289 2642 1410 2709 edocet
1423 2644 1582 2734 expedire
1597 2643 1642 2711 ad

312 2772 433 2820 eorum
452 2750 634 2817 utilitatem
656 2756 694 2815 nt
708 2747 812 2816 vadat
823 2748 869 2814 ad
883 2754 1017 2815 Patrem
1036 2747 1188 2836 (Mam).

603 3004 623 3064 e)
646 3003 741 3054 lesus
761 2999 928 3063 promittit
946 2999 1156 3051 Paraclltum
1179 3000 1349 3066 uns-81.

355 3202 444 3263 timo.
473 3201 504 3251 Sl
527 3201 644 3264 diligitis
664 3210 723 3256 me,
744 3196 876 3246 mandata
895 3209 957 3247 mea
1037 3197 1079 3259 it,
1103 3198 1144 3246 ¹5.
1173 3191 1236 3244 Ἐὰν
1263 3193 1376 3264 ἀγαπαεθ
1398 3215 1444 3263 με,
1474 3195 1517 3257 τὰς
1540 3196 1642 3260 lutolde

314 3294 436 3344 mate.
464 3291 506 3340 io.
530 3290 564 3339 Bt
586 3301 641 3351 ego
660 3287 767 3349 rogabo
787 3287 957 3346 Patrem&
997 3280 1040 3342 τθς
1075 3281 1137 3351 ὑμὰς
1167 3282 1297 3350 τηρήσετε.
1332 3286 1374 3338 16.
1412 3285 1485 3354 κάγὼ
1523 3283 1641 3354 horlon

316 3383 403 3432 alium
419 3380 590 3430 Paraclitum
604 3376 682 3426 dabit
693 3374 787 3434 vobls,
800 3380 830 3424 ut
844 3382 958 3426 maneat
997 3373 1040 3424 τὸν
1067 3372 1174 3440 maipa,
1205 3372 1247 3422 ul
1274 3371 1353 3424 mos
1382 3374 1542 3443 ειαρίιλητσν
1565 3376 1642 3428 ὃιὺσεε

314 3471 460 3522 vobiscum
475 3471 678 3524 inaeternum,
698 3464 740 3513 17.
757 3463 892 3525 Spiritum
906 3475 956 3513 ve·
996 3459 1070 3530 ὑμῖν,
1090 3459 1135 3511 ἵνα
1154 3459 1215 3530 μεθ’
1233 3459 1303 3530 ὑμῶν
1322 3460 1356 3522 εἰς
1375 3463 1417 3515 τὸν
1442 3461 1520 3515 αἰῶνα
1538 3459 1566 3535 ᾗ,
1596 3469 1638 3519 t't.

315 3560 422 3618 sitatis,
436 3569 521 3620 quem
537 3553 658 3603 mundus
670 3566 727 3601 non
742 3553 834 3615 potest
847 3554 956 3615 accipe·
997 3549 1026 3601 εὑ
1049 3552 1146 3618 πνεῦμα
1174 3553 1218 3615 τῆς
1245 3549 1376 3616 ἀληθείας,
1407 3553 1419 3601 ὑ
1444 3551 1459 3603 ὑ
1486 3555 1578 3623 κόσμος
1610 3553 1640 3607 οὑ

314 3661 361 3709 re,
375 3649 442 3711 quia
463 3657 520 3695 non
539 3643 614 3693 videt
632 3654 712 3701 eum,
734 3653 786 3691 nec
803 3642 856 3690 scit
875 3652 955 3699 eum,
997 3638 1097 3690 ὑὺναεαι
1125 3636 1231 3700 λαθεῖν,
1259 3639 1298 3691 ὑει
1325 3638 1354 3690 οὑ
1382 3640 1474 3710 θεωρεῖ
1497 3639 1559 3694 «tro
1585 3641 1640 3696 εὑὺὑ

315 3750 367 3787 vos
388 3738 482 3785 autem
503 3731 680 3795 cognoscetis
696 3741 761 3779 eum
778 3741 785 3776 τ
801 3730 868 3792 quia
882 3726 956 3791 apud
996 3727 1124 3796 γινώσκει·
1153 3725 1225 3796 ὑμεῖς
1251 3729 1385 3796 γινιίνειειε
1413 3727 1488 3793 aleb,
1515 3732 1555 3782 ὑτι
1577 3729 1640 3802 παρ’

315 3839 367 3877 vos
381 3823 559 3879 manebit‚et
571 3823 599 3868 in
612 3819 692 3869 vobis
706 3821 769 3867 erit.
996 3814 1055 3885 ὑμῖν
1089 3817 1172 3885 μένει,
1199 3815 1242 3867 ul
1269 3815 1294 3868 ἔν
1321 3816 1379 3886 ὑμῖν
1407 3817 1484 3872 ἐστὶν.
1520 3824 1561 3874 18.
1593 3821 1639 3873 οὑκ

352 3914 394 3965 18,
411 3913 475 3963 tion
487 3911 644 3972 relinquam
663 3921 715 3957 vos
733 3907 890 3969 orphanos;
908 3918 956 3956 ve·
996 3904 1083 3973 ἀφήσω
1108 3904 1172 3974 ὑμᾶς
1196 3903 1324 3974 ὑρρανοὺς·
1353 3906 1460 3977 ἔρχομαι
1478 3908 1538 3978 ερὺς
1564 3909 1638 3978 ὑμᾶς.

313 4007 390 4055 utam
413 4000 448 4050 ad
472 4013 532 4050 vos.
563 3998 604 4047 19.
631 3997 731 4047 Adhuc
755 3995 908 4054 modicum,
929 4002 958 4044 et
1000 3997 1041 4048 ¹9.
1062 3993 1098 4046 ἔτι
1117 3994 1206 4063 μικρὸν
1225 3994 1267 4046 ul
1284 3994 1299 4046 d
1318 3998 1411 4066 κόσμος
1429 4016 1460 4067 με
1479 3999 1560 4051 οὐκέτι
1578 4000 1639 4051 dear-

313 4091 435 4144 mundus
459 4101 504 4138 me
528 4089 583 4136 iam
604 4098 659 4134 non
682 4084 768 4133 videt.
792 4083 956 4133 vosautem
998 4085 1047 4150 ρεῑ,
1068 4081 1140 4151 ὑμεῖς
1158 4081 1185 4134 δὲ
1204 4083 1317 4154 θεωρεῖτέ
1337 4104 1377 4154 με·
1398 4087 1437 4138 on
1460 4085 1512 4156 ἐγὼ
1530 4090 1576 4153 ζῶ,
1597 4089 1640 4141 καὶ

311 4182 414 4232 videtis
429 4191 483 4238 me,
499 4177 566 4240 quia
577 4187 631 4237 ego
643 4175 717 4230 vivo,
734 4174 762 4221 et
776 4184 830 4222 vos
843 4173 954 4221 vivetis.
996 4169 1067 4240 ὑμεῖς
1084 4169 1181 4234 ζήσετε.
1203 4175 1248 4226 20.
1273 4171 1299 4223 ἐν
1326 4172 1402 4246 ὲιεὺρ,
1422 4182 1452 4244 n]
1470 4173 1550 4247 ἡμέρᾳ
1568 4175 1639 4247 ὑμεῖς

312 4271 356 4322 θθ.
383 4269 415 4318 ln
434 4268 482 4318 illo
500 4265 547 4315 die
566 4260 807 4324 voscognoscctls
821 4262 888 4323 quia
903 4273 957 4323 ogo
996 4259 1122 4328 γνώσεσθε
1147 4260 1186 4312 ὑιι
1215 4259 1265 4330 ἐγὼ
1293 4261 1318 4314 ἓν
1346 4267 1383 4332 τῷ
1400 4265 1475 4335 carpi
1504 4285 1569 4336 μου,
1598 4266 1639 4317 sal

311 4373 374 4411 sum
389 4361 417 4408 tn
433 4358 517 4407 Patre
536 4364 612 4410 meo,
629 4357 657 4401 et
675 4350 768 4400 vostn
784 4360 842 4407 me,
859 4352 889 4399 et
902 4362 957 4412 ego
996 4347 1067 4417 ὑμεῖς
1085 4348 1111 4401 ἐν
1130 4345 1201 4418 luel,
1230 4349 1301 4420 κάγὼ
1327 4349 1353 4403 ἔν
1380 4352 1450 4422 ὑμῖν.
1472 4358 1516 4407 tl.
1536 4354 1552 4406 ὑ
1569 4355 1637 4424 ὑχων

314 4449 445 4499 rumbis,
462 4445 505 4495 ti.
523 4443 577 4501 Qui
597 4440 681 4490 habet
699 4437 833 4487 mandata
851 4444 958 4489 mesot
997 4436 1041 4498 τὰς
1059 4436 1161 4499 ἐντολάς
1188 4457 1236 4508 μσυ
1263 4441 1305 4491 καὶ
1332 4448 1412 4511 τηρῶν
1436 4442 1526 4511 αὑιὺς,
1545 4441 1639 4505 ἐκεῖνός

313 4543 472 4593 servatos,
489 4533 537 4583 illo
550 4533 592 4580 ost
606 4531 654 4592 qui
664 4528 755 4591 diligit
768 4539 824 4577 me.
837 4525 891 4586 Qui
905 4541 956 4576 au·
999 4525 1065 4579 ἐσειν
1084 4526 1099 4578 ὑ
1116 4525 1219 4596 ἀγαπῶν
1231 4546 1271 4598 με·
1291 4530 1306 4582 ὑ
1322 4530 1349 4584 δὲ
1367 4531 1471 4602 ἀγαπῶν
1490 4550 1521 4602 με
1536 4531 1638 4602 ἀγωγ-

317 4634 374 4679 tem
386 4625 479 4688 diligit
491 4635 550 4680 mc,
566 4619 728 4681 diligetura
744 4615 825 4665 Patre
840 4625 958 4674 memet
999 4615 1099 4680 θήσεται
1118 4615 1167 4668 ὑπὸ
1187 4622 1231 4670 τοῦ
1249 4621 1338 4689 πατρός
1358 4640 1414 4690 μου·
1442 4619 1511 4693 κάγὼ
1538 4620 1637 4688 ἀγαπή-

319 4728 374 4780 ego
393 4715 508 4776 diligam
528 4722 602 4765 cum,
619 4713 645 4755 ct
671 4703 854 4754 manilcstabo
873 4705 899 4753 ei
913 4718 958 4755 me
999 4723 1035 4755 oo
1054 4703 1144 4770 αὑτὸν,
1164 4706 1206 4758 καὶ
1225 4706 1350 4778 ἐμφανίσω
1369 4708 1437 4780 αὑτῷ
1455 4709 1572 4780 ἐμαυτόν.

318 4806 417 4868 rmum,
1034 4797 1079 4847 ll.
1107 4797 1179 4864 Λέγει
1207 4795 1275 4866 αὐτῷ
1306 4795 1412 4860 Ἰούδας,
1442 4797 1490 4869 οὑχ
1512 4798 1527 4852 ὑ
1553 4798 1637 4853 Ἰσια-

357 4894 401 4944 it.
419 4893 492 4943 lticlt
507 4891 533 4938 el
549 4887 647 4943 ludas,
664 4882 955 4933 nonlllelsoariotes:
999 4884 1103 4952 ριιὺτης,
1131 4883 1217 4953 litans,
1245 4887 1269 4936 :t
1291 4889 1395 4955 γέγονεν
1423 4889 1461 4941 tn
1488 4887 1551 4961 ἡμῖν
1577 4891 1639 4960 μέλ·
