4050 5648
1057 368 1139 414 ron.
1163 355 1299 425 sacae.
1781 340 1847 413 raa

511 501 713 576 beneficium
727 529 749 573 a
762 511 887 573 loanne
902 501 1118 590 impensum,
1131 507 1232 574 tertio
1246 503 1401 571 officium
1416 506 1629 592 assumptum
1641 528 1661 571 a
1685 502 1833 583 Christo,

511 614 633 703 quarto
648 610 891 680 detrimentum
906 608 1001 697 quod
1018 613 1178 702 provenit
1193 609 1312 675 loanni
1327 631 1367 675 ex
1383 611 1504 678 Christi
1516 608 1628 677 officio
1646 638 1660 667 r
1677 612 1832 699 (loom).
1955 630 1966 695 g

554 715 701 804 Dignum
720 725 844 786 Ioanne
864 736 1062 806 responsum
1082 718 1252 785 audimus.
1275 719 1350 781 Nou
1374 718 1484 784 solum
1504 739 1573 785 non
1593 719 1749 802 tangitur
1768 719 1837 787 ulla
1953 714 1966 793 J‘

511 823 660 894 invidiae
680 825 818 903 umbra,
833 821 892 888 sed
907 822 1055 891 dedocet
1071 821 1276 910 discipulos,
1297 822 1422 910 repetit
1441 823 1673 891 testimouium
1692 822 1734 887 de
1750 828 1833 908 lesu,
1953 894 1961 899 ,,

512 930 640 1016 gaudet
653 933 696 999 de
709 930 780 996 eius
795 929 966 1017 prosectu,
989 930 1087 996 effert
1101 929 1173 994 eius
1187 927 1437 995 sublimitatem
1452 950 1555 1018 super
1574 951 1703 1012 omnes,
1721 932 1837 997 asserit

513 1058 575 1125 per
601 1060 679 1106 eum
700 1034 807 1102 solum
828 1035 950 1103 haberi
972 1035 1078 1101 vitam
1099 1041 1288 1101 aeternam.
1315 1041 1355 1102 Et
1375 1035 1489 1125 primo
1511 1035 1652 1124 quidem
1673 1037 1837 1103 sententia

511 1144 664 1231 generali
684 1161 788 1231 quam
812 1164 890 1209 cum
911 1141 1062 1233 quadam
1085 1140 1227 1207 lenitate
1249 1148 1284 1208 et
1309 1141 1475 1208 modestia
1496 1144 1661 1231 proponit
1679 1143 1838 1210 excitatos
1950 1147 1966 1203 ’ζ

511 1247 769 1319 eorumanimos
783 1248 904 1315 sedare
926 1246 1050 1314 studet.
1067 1247 1294 1334 Indignantur
1311 1247 1354 1315 de
1373 1269 1527 1315 successu
1549 1253 1640 1329 lesu;
1664 1249 1837 1337 aptissime
1955 1256 1966 1320 ’ξ

512 1358 694 1427 eosmonet
714 1376 746 1419 v.
771 1360 815 1420 27
834 1353 1011 1446 respondit
1032 1356 1181 1420 Ioannes
1192 1367 1225 1420 ec
1242 1353 1335 1420 dixit
1349 1377 1361 1419 .·
1377 1356 1674 1444 conpotestbomo
1687 1354 1838 1445 accipere

511 1462 721 1554 quidquam,
736 1460 806 1527 nisi
817 1462 934 1550 suerit
953 1463 986 1528 ei
1005 1459 1127 1527 datum
1148 1459 1190 1527 de
1210 1462 1323 1539 coclo;
1339 1461 1528 1548 significat,
1544 1468 1581 1528 ut
1606 1462 1683 1528 car.
1702 1462 1765 1541 ait,
1783 1483 1838 1527 eos
1901 1541 1904 1545 ⁸

482 1566 483 1569 '
512 1567 658 1656 aggredi
671 1566 917 1656 impossibilia3·
931 1567 1079 1634 ostendit
1100 1589 1168 1634 non
1189 1567 1232 1633 ab
1255 1567 1397 1635 homine
1416 1568 1476 1635 sed
1496 1590 1518 1635 a
1540 1573 1606 1635 Deo
1626 1589 1700 1632 rem
1714 1565 1835 1654 dirigi;

512 1674 602 1742 unde
617 1673 646 1741 si
660 1695 776 1740 omnes
790 1696 869 1741 eum
884 1661 1206 1753 adirent,·nonesse
1222 1673 1437 1757 mirandum,
1452 1680 1556 1742 Deum
1572 1696 1644 1741 esse
1662 1675 1721 1764 qui
1735 1672 1838 1740 istaei
1961 1710 1964 1715 ·

512 1780 625 1864 daret;
643 1779 728 1848 alias
745 1779 819 1847 fieri
834 1802 905 1848 non
918 1778 1069 1870 potuisse
1082 1781 1218 1848 utadeo
1234 1782 1468 1849 invalesceret.
1490 1782 1666 1849 Sententia
1681 1782 1763 1848 haec
1776 1803 1838 1868 ge·
1936 1856 1938 1860 ¹
1963 1827 1966 1835 .

511 1887 656 1969 neralis,
675 1910 742 1977 qua
763 1909 933 1954 successus
955 1886 1012 1953 ille
1034 1878 1244 1955 donum'uei
1266 1886 1462 1956 declaratur
1484 1895 1517 1955 et
1541 1888 1645 1955 simul
1659 1886 1839 1955 ⁴indicatur

511 1995 685 2084 neminem
698 1994 765 2061 sibi
781 1993 951 2076 eiusmodi
968 2016 1173 2083 prosperum
1186 2016 1301 2062 rerum
1318 2016 1458 2061 cursum
1469 1994 1605 2066 efficere
1615 2015 1730 2084 posse,
1747 1999 1837 2060 certe
1960 1969 1966 2064 ,ι

511 2101 600 2168 valet
613 2100 657 2167 ad
671 2098 1051 2168 animorum-invidiam
1071 2108 1105 2167 et
1124 2101 1402 2188 indignationem
1422 2100 1723 2192 compescendam
1740 2100 1838 2168 facile

512 2206 705 2296 applicatur
719 2228 757 2273 ex
772 2206 846 2296 ipsa
861 2207 1003 2296 querela
1014 2207 1238 2275 antecedente
1252 2207 1297 2275 ad
1312 2212 1421 2276 lesum
1438 2208 1496 2298 (cl.
1515 2207 1592 2276 car.
1607 2208 1715 2275 Calm.
1732 2206 1836 2275 Gord.
1959 2270 1962 2275 .

512 2315 593 2381 Nat.
608 2311 709 2402 Saty.
727 2312 861 2402 Sclrz.);
876 2319 911 2379 at
921 2312 1040 2380 multis
1050 2315 1163 2403 placet
1175 2337 1252 2381 eam
1267 2314 1443 2404 applicare
1454 2314 1622 2404 baptistae
1640 2315 1736 2404 (Gyr.
1748 2316 1836 2402 Aaq.

513 2419 594 2487 Bcd.
614 2419 729 2485 Thone.
748 2421 831 2486 Bon.
851 2420 927 2487 Alb.
947 2420 1017 2488 Tol.
1040 2422 1132 2487 laus.
1155 2420 1265 2488 Mald.
1281 2424 1366 2510 Lep.
1383 2424 1480 2488 Patr.
1504 2416 1611 2508 Corl.)
1631 2420 1685 2487 vel
1704 2420 1839 2510 utrique

514 2526 639 2615 (Bar.);
658 2553 674 2587 ι(
693 2548 736 2592 ne
751 2528 889 2614 angitor
903 2527 1036 2615 itaque,
1059 2527 1187 2617 inquit,
1205 2549 1301 2594 meus
1316 2526 1520 2616 discipulus,
1541 2527 1570 2593 si
1586 2548 1699 2594 meam
1712 2529 1837 2594 sortem

512 2655 581 2700 non
598 2631 722 2700 excedo
742 2662 758 2694 a
775 2634 905 2722 (Cpr.);
926 2655 996 2699 non
1015 2655 1155 2723 possum
1173 2634 1259 2701 mihi
1279 2634 1358 2722 plus
1377 2634 1564 2702 attribuere
1584 2655 1688 2724 quam
1708 2632 1799 2723 quod
1819 2655 1840 2700 a

445 2823 447 2828 ,
512 2745 578 2806 Deo
599 2739 765 2806 tributum
786 2740 890 2807 luerit
914 2740 1061 2829 (Patr.);
1084 2741 1167 2807 binc
1187 2762 1259 2808 non
1280 2740 1360 2808 licet
1383 2741 1469 2808 mihi
1488 2740 1656 2830 impedire
1678 2744 1784 2806 lesum
1803 2740 1838 2806 in

417 2886 423 2896 ·
513 2868 689 2935 operesuo
705 2846 828 2934 (Cart,
847 2847 924 2915 sim.
944 2848 1049 2935 aaa).
1068 2846 1134 2915 Sed
1150 2848 1233 2914 haec
1250 2846 1295 2914 ad
1310 2849 1487 2936 querelam
1506 2831 1750 2936 discipulorum
1769 2868 1839 2912 uon

513 2940 674 3019 videntur
695 2974 897 3040 congruere.
921 2959 1038 3042 Neque
1062 2955 1154 3020 euim
1176 2953 1413 3043 querebantur
1435 2953 1530 3043 quod
1552 2959 1694 3020 loannes
1713 2975 1783 3020 non
1803 2973 1839 3019 se

512 3063 717 3148 opponeret,
738 3058 797 3125 sed
816 3058 1093 3145 indignabantur
1115 3060 1158 3126 de
1179 3064 1252 3127 lesu
1277 3082 1419 3127 munere
1439 3066 1595 3151 suscepto
1618 3066 1651 3127 et
1671 3082 1836 3128 successu.

514 3165 657 3232 Proinde
672 3166 815 3232 adhaec
830 3166 934 3233 debet
949 3166 1126 3254 responsio
1141 3166 1250 3253 dirigi
1264 3167 1378 3257 primo
1393 3174 1427 3234 et
1441 3190 1563 3257 perse.

556 3277 710 3339 llumana
724 3272 841 3361 utique
856 3273 923 3339 cito
939 3272 1103 3338 dillluuut
1119 3280 1153 3338 et
1169 3280 1330 3363 pereunt;
1348 3273 1406 3340 sed
1424 3296 1512 3364 quae
1527 3274 1571 3340 de
1587 3278 1660 3341 lesu
1675 3279 1836 3360 aguntur,

514 3400 581 3445 uon
594 3377 689 3446 item.
710 3380 793 3445 Dein
813 3379 849 3445 id
869 3378 960 3469 quod
977 3379 1027 3445 illi
1044 3378 1201 3446 dixerant
1223 3379 1266 3446 de
1287 3380 1483 3447 testimonio
1503 3386 1576 3448 lesu
1598 3380 1678 3447 dato
1698 3388 1731 3447 et
1748 3378 1840 3469 quod

514 3484 681 3573 putabant
694 3486 739 3552 ad
749 3489 856 3552 lesum
874 3485 1108 3552 deiiciendum
1123 3486 1315 3553 conducere
1327 3488 1364 3553 in
1377 3510 1434 3554 eos
1444 3486 1534 3578 ipsos
1547 3477 1716 3555 conuertit
1731 3484 1838 3575 (etr.)

513 3614 545 3659 v.
564 3597 606 3660 28
622 3592 690 3680 ipsi
703 3613 760 3658 eos
772 3591 860 3658 acidi
870 3593 1106 3659 testimonium
1118 3591 1306 3681 perhibetis
1318 3593 1414 3682 quod
1423 3593 1573 3661 dixerim
1584 3616 1597 3660 .·
1607 3616 1678 3660 non
1692 3616 1765 3660 suar
1777 3614 1840 3682 eqo

516 3696 683 3782 christus,
696 3698 757 3766 sed
765 3699 849 3789 quia
861 3699 984 3765 criasus
998 3712 1168 3767 scrutante
1181 3698 1308 3785 iltrcm;
1320 3700 1362 3768 ct.
1379 3707 1519 3778 tto-23
1529 3723 1538 3783 3
1550 3707 1628 3769 Luc.
1643 3708 1737 3782 3,15;
1752 3699 1840 3767 unde

513 3804 639 3871 iterum
652 3809 764 3872 lesum
779 3806 870 3873 clare
886 3806 1045 3893 designat
1063 3807 1230 3886 Messium,
1248 3809 1435 3896 quiverit,
1454 3815 1492 3873 ut
1507 3815 1683 3897 tamquam
1700 3807 1841 3893 angelus

517 3914 709 3978 testamenti
725 3912 750 3977 i.
769 3935 798 3979 e.
815 3913 955 3979 nuntius
970 3919 1005 3978 et
1019 3913 1218 3981 conciliator
1232 3914 1381 3981 laederis
1397 3914 1484 4002 (llal.
1502 3913 1574 4002 3,1)
1591 3935 1694 4004 quem
1709 3919 1794 3980 Deus
1805 3914 1841 3980 in

514 4018 637 4085 foedus
650 4017 771 4108 populi
785 4041 821 4084 se
837 4020 999 4086 daturum
1021 4019 1176 4109 promisit
1196 4020 1251 4108 (ls.
1271 4022 1386 4106 tw),
1406 4020 1573 4111 populum
1587 4042 1685 4087 sacro
1704 4019 1841 4086 loedere

516 4125 582 4191 sibi
602 4125 737 4211 iungat3
756 4125 847 4191 unde
870 4150 903 4192 v.
921 4134 963 4192 29
986 4126 1049 4216 qai
1069 4126 1168 4192 lrabet
1188 4147 1368 4213 sponsam,
1385 4150 1528 4217 sponsus
1547 4138 1597 4193 est
1618 4125 1713 4215 plebs
1735 4126 1841 4192 electa

515 4254 637 4320 sponsa
652 4231 785 4298 Domini
800 4232 926 4299 dicitur
941 4234 978 4300 in
989 4242 1102 4300 vetere
1117 4233 1254 4298 loedere
1266 4233 1323 4323 (cl.
1341 4238 1381 4299 ls.
1396 4241 1487 4313 50,1.
1506 4237 1569 4300 ler.
1590 4238 1658 4313 23.
1675 4236 1729 4297 liz.
1750 4237 1838 4314 16,8.

517 4340 569 4405 Os.
587 4340 679 4425 216)
698 4345 733 4406 et
747 4339 856 4428 ipsum
872 4339 991 4406 foedus
1006 4340 1099 4430 quod
1114 4345 1189 4427 post
1202 4338 1429 4406 abiectionem
1447 4341 1561 4430 populi
1577 4339 1704 4407 iterum
1719 4339 1841 4405 ineun-

516 4444 599 4511 dum
615 4467 685 4511 esse
703 4445 909 4533 praedicitur
928 4447 1050 4514 eodem
1071 4446 1212 4513 nomine
1229 4445 1446 4515 declaratur:
1464 4447 1637 4536 sponsabo
1653 4452 1686 4512 te
1705 4444 1791 4512 mihi
1804 4445 1841 4512 iu

515 4551 771 4640 sempiternum,
785 4553 954 4642 sponsabo
968 4561 1000 4620 te
1016 4555 1146 4621 milriin
1157 4553 1224 4619 fide
1237 4556 1304 4640 (Os.
1318 4555 1655 4641 a‚19.·20)eta1essios
1666 4558 1840 4643 tamquam

515 4679 659 4746 sponsus
673 4658 742 4724 iam
762 4659 955 4726 celebratur
976 4665 1027 4725 Ps.
1051 4667 1104 4730 tt.
1124 4660 1236 4729 Cernit
1256 4661 1374 4750 itaque
1394 4664 1538 4728 loannes
1558 4661 1595 4727 in
1614 4660 1736 4728 nuntio
1753 4660 1837 4728 illo:

516 4784 634 4832 omnes
645 4764 786 4832 veniunt
795 4766 839 4832 ad
854 4789 946 4851 eum,
960 4767 1098 4855 impleri
1108 4772 1267 4857 coeptum
1276 4789 1346 4835 esse
1355 4767 1447 4857 quod
1457 4768 1644 4859 prophetae
1653 4766 1840 4836 defoedere
