4116 5648
431 656 657 740 repraesentari
672 658 769 720 modo
784 658 896 735 gentes
915 652 1001 736 (Cyv.
1021 654 1102 734 Rup.
1120 654 1216 717 llold.
1237 651 1400 736 Theophl,
1417 655 1513 717 modo
1528 671 1627 734 genus
1644 656 1757 719 huma-

433 774 509 819 num
537 751 632 833 (Aug.
661 755 763 834 neu),
789 749 887 813 modo
917 769 1181 832 unumquemque
1203 751 1368 814 hominem
1401 752 1576 835 (reecpit).
1601 751 1760 815 Audiatur

431 855 515 914 luas.
530 868 540 909 .·
555 874 570 906 o
586 870 696 916 caecus
707 854 766 912 iste
779 854 834 909 aut
845 852 1016 928 gentilium
1031 851 1188 929 populum
1201 852 1257 909 aut
1272 849 1411 911 electum
1422 867 1584 928 quemque
1600 850 1757 931 designat,

431 950 572 1028 quicum
589 971 608 1012 a
628 949 794 1011 nativitate
816 965 928 1011 caecus
950 950 1051 1019 esset,
1068 948 1192 1009 Christo
1208 947 1316 1024 ipsum
1335 947 1436 1008 oculis
1456 965 1531 1008 suae
1551 948 1758 1030 benignitatis

430 1046 618 1123 aspiciente,
639 1063 696 1126 pro
715 1045 816 1122 gloria
836 1047 892 1107 Dei
916 1046 948 1106 in
977 1043 1048 1122 ipso
1072 1043 1262 1107 declaranda
1290 1045 1394 1106 visum
1415 1044 1541 1122 recipit,
1563 1044 1641 1106 dum
1662 1064 1758 1126 agno-

431 1160 521 1205 scens
536 1145 656 1226 peccati
678 1141 772 1204 sorde
787 1144 906 1205 mentis
919 1141 1029 1202 oculos
1042 1143 1159 1204 oblitos
1174 1159 1243 1203 esse
1262 1141 1385 1203 accedit
1400 1158 1439 1203 ex
1457 1147 1625 1222 praecepto
1640 1143 1755 1205 Christi

429 1240 468 1301 ad
482 1241 603 1305 lontem
617 1240 820 1318 baptismatis
832 1246 926 1317 atque
944 1238 978 1298 in
994 1256 1032 1299 eo
1048 1238 1200 1300 abluitur.
1217 1239 1277 1310 Qui
1293 1239 1346 1300 ubi
1362 1239 1541 1318 baptizatus
1556 1239 1653 1300 luerit
1668 1246 1701 1302 et
1716 1241 1756 1300 il-

429 1339 614 1411 luminatus,
628 1339 768 1418 cogitare
785 1338 882 1400 debet
899 1354 932 1397 se
945 1336 1175 1398 tentationibus
1191 1337 1373 1416 expositum
1386 1336 1452 1398 iore
1463 1342 1495 1399 et
1507 1337 1623 1398 Christi
1634 1355 1755 1400 nomen

429 1438 491 1499 sibi
506 1439 687 1500 constanter
700 1454 806 1498 coram
821 1435 967 1496 hostibus
982 1435 1052 1497 eius
1068 1433 1289 1496 confitendum
1309 1451 1393 1506 esse,
1410 1453 1471 1496 nec
1483 1441 1613 1515 propter
1631 1441 1754 1499 metum
1874 1486 1881 1503 .
1907 1504 1911 1513 ,

429 1554 541 1599 eorum
556 1535 754 1612 negandum,
770 1533 898 1595 etiamsi
920 1533 960 1594 ob
981 1532 1014 1594 id
1034 1550 1115 1612 opus
1134 1533 1232 1593 luerit
1248 1533 1556 1595 excommunicatum
1577 1534 1646 1596 lieri
1667 1535 1755 1597 iuxta
1856 1526 1858 1530 ⁴
1893 1584 1911 1619 o

429 1634 508 1695 illud
525 1649 532 1691 :
549 1630 623 1692 odio
645 1632 734 1694 eritis
754 1630 906 1692 omnibus
925 1630 1111 1692 hominibus
1133 1634 1263 1710 propter
1279 1647 1397 1691 nomen
1414 1647 1524 1692 meum
1546 1635 1619 1705 etc.;
1636 1632 1752 1711 quodsi
1898 1642 1905 1650 ·

427 1734 534 1793 autem
558 1730 632 1805 quis
652 1733 836 1791 constanter
860 1728 1021 1790 Christum
1042 1727 1205 1807 praedicet
1225 1732 1257 1789 et
1277 1728 1477 1800 confiteatur,
1494 1728 1579 1790 lesus
1600 1729 1693 1792 taleni
1714 1731 1754 1792 ab
1812 1724 1814 1729 ’

427 1827 609 1889 hominibus
625 1831 756 1908 propter
769 1843 804 1886 se
820 1826 977 1888 reiectum
992 1830 1024 1887 et
1038 1825 1072 1886 in
1086 1826 1145 1886 bac
1159 1826 1223 1886 vita
1236 1826 1377 1886 inveniet
1391 1830 1424 1887 et
1437 1827 1664 1904 consolabitur,
1680 1845 1753 1908 per-

427 1924 556 1986 fectiore
578 1927 631 1991 sui
649 1924 833 2003 cognitione
849 1941 924 1986 eum
945 1924 1081 1997 donans,
1099 1928 1217 2001 etpost
1235 1923 1315 1985 hano
1329 1924 1426 1984 vitam
1448 1925 1581 2003 recipiet
1598 1925 1637 1986 ad
1652 1943 1686 1988 se
1701 1943 1754 1987 os-

427 2022 559 2084 tendens
575 2024 604 2085 ei
620 2039 715 2089 suam
725 2021 928 2083 divinitatem
946 2045 974 2082 ».

465 2120 512 2180 lta
526 2121 619 2182 simul
635 2124 802 2189 ostensum
821 2125 884 2204 est,
901 2119 1067 2198 quomodo
1087 2119 1165 2180 haec
1179 2120 1315 2180 narratio
1336 2119 1457 2182 utiliter
1474 2120 1512 2182 ad
1527 2120 1704 2183 doctrinam
1720 2126 1753 2184 et

426 2235 532 2280 mores
545 2217 708 2279 transterri
724 2216 836 2296 possit.
1159 2238 1162 2242 ’

465 2318 596 2378 Veteres
613 2316 660 2376 rei
676 2316 809 2377 veritate
830 2320 954 2379 retenta
970 2314 1176 2396 allegoricam
1192 2315 1242 2374 vel
1261 2314 1414 2375 moralem
1435 2316 1680 2394 explicationem
1694 2317 1752 2379 ad-

425 2413 500 2475 dere
522 2413 675 2476 solebant.
694 2413 755 2475 Sed
778 2414 997 2475 recentiorum
1019 2411 1119 2491 aliqui
1143 2429 1211 2472 rem
1231 2429 1304 2473 vere
1328 2418 1451 2492 gestam
1475 2417 1627 2493 negantes
1651 2418 1751 2476 totam

424 2513 639 2573 narrationem
654 2511 694 2571 ad
709 2511 894 2591 allegoriam
915 2510 1041 2574 trahere
1062 2510 1169 2572 conati
1184 2514 1269 2572 sunt.
1283 2511 1407 2573 Clavem
1425 2513 1516 2589 quasi
1534 2513 1573 2574 ad
1592 2513 1752 2575 narratio·

424 2627 499 2670 nem
520 2610 725 2690 aperiendam
749 2609 896 2688 praeberi
915 2627 945 2668 v.
962 2611 1018 2682 39;
1034 2608 1171 2673 describi
1196 2609 1302 2687 itaque
1323 2609 1397 2670 licta
1415 2608 1552 2687 quadam
1570 2610 1751 2673 narratione

425 2709 558 2769 modurn
581 2725 645 2787 quo
660 2707 744 2769 caeci
766 2707 976 2786 spiritualiter
995 2707 1179 2770 efficientur
1198 2706 1360 2778 videntes,
1375 2705 1451 2768 dum
1471 2707 1627 2769 increduli
1649 2710 1750 2789 magis

425 2806 621 2868 obdurentur
639 2811 672 2867 et
690 2806 952 2868 obtenebrentur.
968 2805 1047 2865 Aliis
1060 2803 1180 2884 placuit
1199 2803 1384 2865 adumbrari
1396 2804 1546 2882 allegoria
1562 2806 1622 2866 hac
1633 2807 1683 2868 vel
1695 2825 1751 2887 pa·

423 2904 531 2966 rabola
547 2921 686 2984 pugnam
700 2904 797 2983 prisci
810 2906 920 2965 coetus
942 2902 1108 2964 christiani
1122 2919 1198 2964 cum
1211 2902 1353 2963 doctrina
1373 2906 1405 2963 et
1418 2903 1620 2981 oppositione
1642 2904 1750 2983 phari-

424 3018 589 3074 saeorum;
613 3002 666 3062 alii
692 3003 817 3063 malunt
836 3001 966 3063 ostendi
995 3001 1030 3061 in
1054 3017 1165 3070 caeco,
1188 2999 1349 3079 quomodo
1376 3006 1486 3062 coetus
1509 3002 1672 3062 christiani
1695 3020 1752 3082 per

424 3099 633 3176 apostolatum
646 3100 837 3179 perveniant
856 3099 896 3159 ad
912 3099 1200 3170 illuminationem,
1221 3098 1260 3158 ad
1275 3097 1602 3161 communicationem
1619 3101 1750 3179 spiritus

423 3196 548 3258 Christi.
564 3198 681 3258 Verum
697 3197 817 3258 sufficit
831 3195 1046 3258 narrationem
1062 3196 1184 3274 legere,
1202 3195 1320 3274 etquis
1334 3196 1507 3275 perspiciat
1521 3198 1748 3277 evangelistam

423 3293 557 3354 minime
581 3293 662 3356 velle
689 3293 823 3355 tonnam
843 3293 1003 3371 quandam
1030 3292 1195 3355 doctrinae
1218 3297 1324 3354 mente
1347 3294 1612 3373 comprehensam
1634 3294 1749 3358 litteris

424 3392 624 3470 consignare,
642 3391 699 3453 sed
718 3407 787 3452 rem
810 3407 884 3452 vere
906 3395 1031 3470 gestam
1052 3390 1228 3453 secundum
1253 3390 1380 3469 singula
1402 3397 1549 3454 accurate
1574 3394 1614 3454 ob
1639 3395 1748 3456 oeulos

423 3506 552 3567 ponere.
568 3490 647 3550 Aliis
665 3489 793 3551 videtur
808 3490 873 3549 vita
894 3489 965 3551 lesu
981 3488 1062 3550 adeo
1083 3506 1182 3550 vacua
1197 3488 1295 3549 tuisse
1314 3489 1409 3551 rebus
1428 3490 1526 3569 gestis
1543 3497 1576 3552 et
1594 3492 1679 3553 iners
1698 3494 1749 3555 vel

423 3588 614 3666 evangelista
634 3589 679 3648 ita
692 3604 799 3650 rerum
818 3587 1001 3666 cognitione
1016 3587 1104 3647 omni
1125 3586 1317 3661 destitutus,
1334 3593 1369 3649 ut
1388 3604 1519 3651 necesse
1538 3589 1687 3651 duxerint
1701 3609 1751 3652 as-

424 3701 526 3746 serere
539 3686 619 3747 hanc
633 3686 849 3747 narrationem
865 3685 1003 3746 derivari
1019 3701 1056 3746 ex
1072 3686 1167 3746 Marc.
1181 3687 1252 3754 l,33
1265 3686 1356 3764 quasi
1373 3702 1410 3746 ex
1425 3704 1484 3748 suo
1499 3687 1602 3761 lonte,
1614 3689 1664 3749 vel
1679 3706 1752 3751 con·

424 3784 531 3844 fictam
555 3800 624 3844 esse
647 3783 824 3844 secundum
849 3782 1099 3844 similitudinem
1124 3783 1312 3844 narrationis
1333 3801 1401 3861 cap.
1417 3788 1448 3857 5,
1465 3785 1513 3847 vel
1538 3789 1604 3846 Act.
1626 3788 1695 3858 3,ss
1718 3792 1751 3850 et

422 3885 504 3952 dli,
523 3882 631 3942 velita
645 3885 679 3942 ut
698 3898 749 3942 res
771 3881 853 3940 mira
872 3882 965 3942 llarc.
983 3882 1056 3952 833
1071 3885 1197 3941 narrata
1210 3881 1316 3942 denuo
1336 3882 1507 3943 referretur
1523 3884 1620 3944 modo
1641 3890 1748 3948 menen

424 3980 524 4058 stragis
538 3979 577 4040 ad
596 3979 842 4040 admirationem
858 3978 941 4040 iacto
963 3983 997 4039 et
1011 3979 1202 4058 composito.
1220 3978 1251 4039 Si
1268 3980 1376 4040 tenuis
1398 3980 1554 4058 quaedam
1570 3982 1748 4045 similitudo

425 4078 561 4138 duorum
577 4081 752 4138 eventuum
768 4077 886 4137 suflicit
900 4075 941 4137 ad
962 4077 1151 4138 alterutrum
1165 4076 1361 4155 negandum,
1379 4077 1457 4156 quid
1473 4078 1535 4139 iarn
1558 4080 1690 4141 restabit
1711 4098 1749 4142 ex

424 4192 532 4237 rerum
552 4179 712 4255 gestarum
734 4173 898 4235 historiis?
915 4173 1001 4245 Ouot
1021 4191 1129 4236 rerum
1149 4174 1317 4236 scientiam
1338 4193 1372 4237 se
1387 4174 1504 4237 habere
1519 4178 1665 4238 conscius
1687 4179 1748 4241 sibi
1789 4225 1791 4228 .

424 4273 522 4334 luerit
542 4272 749 4352 evangelista,
765 4272 844 4332 satis
859 4270 999 4332 declarat
1013 4273 1105 4345 2135
1121 4276 1154 4333 et
1169 4273 1233 4333 iam
1245 4273 1353 4346 2030,
1370 4275 1427 4352 qui
1441 4278 1562 4335 tantam
1577 4292 1681 4337 rerum
1697 4292 1748 4336 co·

424 4372 509 4449 piam
522 4372 617 4432 hahet
631 4371 665 4429 in
679 4375 786 4431 mente
800 4370 985 4449 repositam,
999 4387 1063 4429 non
1079 4386 1162 4449 opus
1176 4369 1271 4430 habet
1283 4371 1417 4432 materia
1431 4372 1470 4432 ab
1482 4371 1544 4432 alio
1560 4372 1750 4454 deprompta

425 4486 528 4547 neque
540 4467 683 4548 lingetad
694 4467 825 4528 alterius
836 4468 882 4528 rei
893 4471 1000 4546 gestae
1011 4467 1207 4545 exemplum,
1220 4468 1313 4545 quasi
1327 4485 1418 4528 suam
1430 4473 1540 4548 tegens
1551 4471 1747 4549 pauperiem.

808 4671 833 4739 t]
850 4675 945 4726 lesus
960 4675 1081 4740 pastor
1094 4674 1201 4726 bonus
1220 4675 1367 4743 lom-21.

465 4845 534 4905 to,t.
563 4847 666 4906 Amen,
694 4857 778 4896 emen
801 4843 866 4894 dieo
887 4843 968 4895 voble
988 4858 996 4894 :
1018 4846 1067 4909 qul
1150 4844 1222 4906 to,t.
1249 4839 1342 4912 Ἀμὴν,
1370 4841 1436 4914 ἀμὴν
1463 4842 1532 4915 λέγω
1558 4842 1628 4916 bute.
1662 4844 1691 4900 Ὅ
1715 4848 1749 4920 μὴ

426 4949 482 4987 non
496 4935 581 4985 intrat
593 4948 643 4998 per
651 4938 756 4986 ostium
769 4935 799 4984 ln
813 4933 888 4985 ovile
897 4934 1003 4996 ovium,
1018 4934 1070 4987 sed
1113 4928 1288 5001 εἰσερχόμενος
1315 4930 1357 4984 διὰ
1383 4935 1428 4999 τῆς
1449 4932 1522 5005 θύρας
1545 4931 1579 4996 εἰς
1603 4934 1647 5002 τὴν
1672 4937 1750 5006 abditu
