4050 5648
889 500 971 546 roas.
996 487 1099 557 tras.

194 638 202 647 '
325 632 360 692 in
375 635 478 698 Deum
491 638 598 701 elficit.
616 641 663 698 lta
677 633 808 694 omnino
822 653 930 698 verum
944 644 993 699 est
1005 636 1165 698 Christum
1179 636 1205 696 si
1220 634 1277 694 Dei
1291 634 1324 693 in
1339 654 1397 696 nos
1411 652 1553 698 amorem
1568 633 1656 693 ellla-

321 729 417 811 gitat,
432 736 614 798 necessaria
629 732 857 808 consequentia
876 735 987 796 eadem
1004 733 1160 813 petitione
1174 735 1272 796 etiam
1293 732 1468 810 elllagitare
1484 735 1539 795 llei
1555 733 1653 791 hene-

322 830 394 893 tlcia
407 835 513 904 nobis,
525 834 609 891 inter
622 845 706 905 quae
719 829 838 893 donum
850 831 1161 911 praestantissimum
1172 839 1222 892 est
1233 831 1360 892 caritas.
1379 831 1468 892 Unde
1479 835 1561 893 bene
1572 844 1653 907 quo-

321 947 385 1008 que
404 928 476 992 Cltr.
494 928 573 988 dicit
587 925 669 988 hanc
683 928 797 990 Christi
819 930 1034 1008 precationem
1049 929 1243 990 concludens
1260 948 1267 988 :
1285 954 1300 984 a
1322 928 1424 988 viden*
1440 931 1604 1005 quomodo
1619 924 1655 990 in

321 1029 482 1106 optimum
493 1024 593 1084 linem
608 1023 719 1100 desiit,
735 1028 768 1087 in
780 1026 983 1087 dilectionem
998 1041 1126 1102 nempe,
1140 1028 1286 1086 omnium
1302 1033 1436 1086 matrem
1449 1027 1608 1090 honorum
1624 1054 1654 1090 s.

362 1124 564 1198 Quamquam
578 1125 753 1202 postulatio
768 1124 882 1185 Christi
899 1141 927 1180 r.
942 1124 1036 1184 mil
1051 1123 1155 1200 primo
1168 1129 1201 1183 et
1214 1125 1335 1185 directe
1351 1143 1409 1203 pro
1424 1125 1594 1203 discipulis
1608 1130 1655 1199 til,

321 1222 429 1301 potest
443 1222 554 1281 tamen
573 1221 637 1283 dici
658 1222 816 1284 Christum
838 1220 950 1280 eadem
971 1220 1126 1299 implicite
1142 1238 1200 1298 pro
1219 1222 1369 1282 lidelibus
1388 1228 1510 1302 petere.
1528 1225 1605 1285 Nam
1621 1228 1653 1286 bi

321 1333 449 1396 quoque
474 1317 503 1379 ei
524 1335 543 1379 a
566 1321 658 1379 Patre
682 1321 815 1387 dantur3
844 1318 905 1377 iam
932 1317 1017 1379 hisce
1039 1318 1186 1396 promisit
1212 1324 1306 1378 antea
1330 1320 1533 1382 sedatorum
1557 1323 1656 1382 vitam

320 1418 482 1477 aeternam
497 1416 551 1496 (ci.
564 1418 654 1490 3,16;
666 1419 755 1486 5‚at;
769 1417 852 1484 6,3ῖ.
870 1415 937 1493 t0);
953 1417 985 1475 hi
1001 1433 1129 1494 quoque
1145 1418 1247 1477 Deum
1263 1424 1476 1493 cognoscunt,
1493 1419 1580 1480 hisce
1592 1437 1655 1480 no-

321 1517 391 1573 tum
411 1513 485 1575 lecit
507 1519 540 1575 et
563 1514 639 1574 lacit
657 1531 772 1573 nomen
795 1513 913 1585 Patris;
931 1531 1029 1591 quare
1048 1515 1170 1592 singula
1191 1532 1273 1593 quae
1296 1532 1354 1592 pro
1374 1517 1654 1580 commendatione

321 1609 551 1690 discipulorum
572 1610 681 1683 affert,
697 1611 796 1670 etiam
817 1607 924 1688 aliquo
944 1612 1040 1672 modo
1063 1611 1211 1673 fidelibus
1231 1613 1443 1686 conveniunt;
1460 1630 1536 1692 ergo
1554 1616 1653 1677 etiam

320 1707 507 1786 postulatio.

503 1914 532 1973 2.
553 1909 637 1972 Iesus
655 1911 780 1989 plorirm
800 1927 884 1972 mmm
905 1913 1074 1990 monifestat
1093 1913 1126 1972 in
1144 1915 1280 1990 ymarorw
1303 1918 1486 1983 llll-ttae.

362 2121 401 2182 ln
419 2114 617 2182 enarranda
644 2115 804 2206 passione
829 2120 970 2184 loannes
992 2121 1157 2206 quattuor
1178 2116 1384 2206 praeprimis
1403 2116 1449 2184 ob
1467 2119 1576 2186 oculis
1591 2119 1654 2186 ha·

316 2222 432 2290 baisse
446 2221 583 2289 videtur
603 2241 613 2289 τ
634 2221 781 2309 gloriam
803 2226 875 2289 lesu
896 2225 955 2312 qui
973 2224 1088 2290 volens
1111 2222 1290 2312 libensque
1316 2223 1417 2289 morti
1441 2231 1653 2292 cruentaese

317 2329 417 2397 offert
440 2333 619 2418 umquam
645 2351 745 2396 verus
769 2334 887 2416 Agnus
911 2330 985 2411 Dei,
1012 2329 1178 2396 malitiam
1206 2329 1418 2419 principum,
1450 2332 1653 2420 praesertim

319 2434 540 2525 pontificum,
555 2437 786 2504 narrationem
802 2437 1074 2525 synopticorum
1092 2459 1196 2525 quarn
1212 2444 1245 2503 et
1264 2436 1488 2524 explicatione
1509 2437 1590 2505 data
1609 2437 1654 2504 ab

319 2564 436 2611 errore
450 2540 627 2609 vindicare
645 2548 681 2610 et
698 2542 801 2609 rebus
825 2544 972 2609 narratis
994 2544 1153 2633 supplere
1173 2543 1293 2609 voluit.
1318 2544 1487 2610 Christum
1512 2544 1653 2635 quidem

320 2648 420 2717 nohis
444 2649 583 2716 exhibet
602 2650 664 2741 qni
684 2649 824 2716 insidias
845 2650 1032 2739 proditoris
1053 2651 1194 2716 minime
1211 2650 1444 2737 lngit(18‚2),
1461 2650 1520 2739 qui
1536 2651 1654 2738 omnia

210 2746 215 2752 ’
319 2754 384 2823 scit
397 2777 500 2847 snper
517 2777 554 2823 se
573 2763 735 2836 ventura,
757 2756 818 2846 qui
840 2778 907 2822 uno
923 2755 1029 2822 verbo
1044 2778 1262 2844 aggressores
1278 2757 1479 2845 prosternit,
1495 2758 1555 2846 qui
1571 2757 1652 2823 cali·

319 2884 394 2930 oem
409 2882 430 2928 a
443 2861 618 2929 Patresibi
632 2862 753 2930 datum
774 2862 891 2930 bibere
906 2864 978 2929 vult
991 2864 1173 2951 (tat-ll),
1196 2865 1255 2952 qni
1269 2863 1436 2930 mediisin
1456 2863 1654 2953 opprobriis

318 2990 358 3035 ac
371 2968 650 3060 perpessionibns
671 2969 792 3035 eximia
812 2969 960 3058 quadam
979 2968 1147 3056 dignitate
1162 2993 1203 3036 ac
1220 2972 1396 3035 maiestate
1412 2970 1566 3058 loquitur
1582 2970 1650 3059 (18,

316 3081 360 3143 20
374 3098 448 3166 seq.
466 3080 597 3163 latr),
619 3077 680 3166 qui
694 3096 828 3142 summa
847 3077 961 3165 quiete
974 3097 1092 3142 curam
1108 3077 1227 3141 matris
1246 3075 1282 3141 in
1298 3098 1396 3143 cruce
1412 3076 1522 3162 gerit,
1545 3076 1654 3142 oculis

317 3181 415 3272 quasi
429 3182 568 3270 singula
590 3181 712 3249 lustrat
732 3182 910 3263 vaticinia,
929 3189 966 3248 ut
988 3182 1106 3248 omnia
1127 3181 1269 3271 impleat
1282 3190 1314 3247 el
1332 3189 1402 3248 lum
1419 3182 1558 3249 demum
1574 3203 1653 3249 cum

315 3289 430 3356 omnia
448 3287 651 3377 complesset
670 3296 773 3377 caput
793 3289 937 3356 inclinat
955 3297 988 3355 et
1003 3289 1161 3378 spiritum
1185 3288 1289 3356 tradit
1311 3289 1320 3355 l
1328 3295 1426 3356 1926
1451 3289 1554 3377 seq.).
1578 3293 1653 3378 lpso

316 3395 435 3462 mortis
448 3393 505 3462 die
520 3417 561 3462 ac
575 3401 729 3485 tempore
747 3402 781 3461 et
805 3395 964 3462 vaticinio
983 3395 1150 3482 singulari
1168 3396 1224 3461 llei
1244 3395 1459 3485 providentia
1479 3396 1572 3461 ineo
1591 3398 1654 3461 im-

316 3500 410 3591 pleto
427 3501 607 3568 exhibetur
628 3523 748 3569 verum
770 3508 924 3568 nostrum
948 3503 1089 3590 pascha,
1114 3510 1228 3587 :lgnus
1248 3501 1419 3591 paschalis
1437 3501 1572 3588 (ta-282
1597 3509 1650 3582 19,

319 3607 386 3696 lt).
405 3605 601 3697 Principum
618 3607 751 3674 malitia
770 3613 804 3674 el
826 3609 1029 3697 perversitas
1048 3609 1247 3697 praesertim
1270 3606 1382 3673 elucet
1400 3630 1441 3673 eo
1454 3608 1549 3697 quod
1564 3607 1654 3673 Pila-

316 3719 390 3781 tum
410 3712 470 3803 qui
480 3717 590 3781 lesum
608 3714 702 3781 omni
715 3714 818 3804 culpa
832 3736 953 3780 vacare
969 3714 1104 3804 saepius
1119 3713 1258 3803 publice
1274 3714 1446 3803 professus
1462 3720 1538 3780 erat
1556 3713 1648 3780 omni

316 3819 352 3886 vi
365 3824 400 3887 et
414 3819 538 3886 astutia
553 3827 683 3908 cogunt
697 3820 741 3887 ad
757 3821 873 3887 mortis
885 3823 1088 3887 sententiam
1106 3821 1284 3886 serendam
1303 3823 1435 3908 (18,30;
1452 3827 1527 3901 ltl,'l
1544 3822 1649 3909 seql,

316 3931 351 3994 et
369 3925 511 3994 demum
536 3933 654 4015 aperte
672 3926 837 3993 abiiciunt
856 3935 889 3993 et
912 3933 1037 4013 negant
1063 3949 1199 3994 omnem
1212 3928 1499 4016 exspectationem
1518 3929 1652 3993 llessiae

321 4019 460 4123 (19,15).
487 4037 579 4111 Quae
602 4056 622 4099 a
642 4033 824 4123 synopticis
840 4034 909 4099 iam
922 4040 1062 4100 narrata
1081 4041 1159 4100 sunt
1175 4041 1234 4100 aul
1248 4034 1349 4123 plane
1365 4035 1573 4100 omittuntur
1592 4038 1653 4099 aut

315 4139 514 4207 brevissime
529 4145 666 4208 tantum
678 4142 907 4227 attinguntur,
925 4146 1092 4229 quantum
1106 4162 1190 4228 opus
1205 4147 1266 4219 est,
1282 4147 1317 4205 ut
1330 4163 1370 4205 ea
1386 4141 1515 4229 possint
1529 4140 1647 4223 inseri,

316 4268 404 4338 quae
418 4246 463 4314 ad
478 4247 620 4315 illorum
635 4247 866 4314 narrationem
887 4255 945 4314 aul
964 4247 1201 4336 explicandam
1224 4252 1283 4312 aut
1308 4246 1464 4336 pluribus
1486 4248 1649 4336 supplen-

316 4354 396 4422 dam
409 4353 599 4422 necessaria
614 4359 707 4421 suut.

362 4465 412 4528 lta
427 4460 573 4552 explicat
590 4460 764 4550 quomodo
781 4466 897 4527 Petrus
911 4461 946 4526 in
963 4462 1088 4527 atrium
1105 4461 1274 4550 pontificis
1295 4467 1475 4549 penetrare
1498 4459 1653 4549 potuerit

318 4567 468 4658 (lale),
490 4566 638 4658 explicat
652 4589 807 4633 sermone
827 4571 898 4632 lesu
914 4565 956 4633 ad
974 4568 1117 4635 Pilatum
1136 4568 1269 4645 habito,
1288 4567 1463 4655 quomodo
1479 4565 1652 4633 iudexau·

318 4673 399 4742 ditis
410 4674 682 4742 accusationibus
698 4674 812 4740 multis
826 4696 914 4762 qnae
930 4674 1021 4762 apud
1039 4676 1233 4762 synopticos
1254 4673 1487 4761 proferuntur,
1505 4673 1572 4739 dici
1589 4696 1652 4764 po-

319 4779 424 4848 tuerit
442 4804 477 4849 se
500 4781 631 4848 nullam
650 4781 687 4847 in
703 4802 743 4847 eo
763 4780 916 4847 invenire
937 4781 1094 4870 culpam3
1118 4781 1246 4869 pariter
1266 4803 1306 4845 ex
1328 4780 1399 4845 eius
1418 4780 1557 4846 demum
1571 4802 1651 4847 nar·

319 4885 453 4955 ratione
473 4887 692 4975 intelligitur,
718 4909 778 4952 cur
801 4885 924 4953 milites
944 4889 974 4953 ei
1001 4887 1145 4954 offerant
1165 4894 1298 4953 acetum
1323 4888 1460 4974 (1938).
1492 4887 1652 4953 Plurimis
