<?xml version="1.0" encoding="UTF-8"?>
<!DOCTYPE html PUBLIC "-//W3C//DTD XHTML 1.0 Transitional//EN"
    "http://www.w3.org/TR/xhtml1/DTD/xhtml1-transitional.dtd">
<html xmlns="http://www.w3.org/1999/xhtml" xml:lang="en" lang="en">
 <head>
  <title>
</title>
<meta http-equiv="Content-Type" content="text/html;charset=utf-8" />
  <meta name='ocr-system' content='tesseract 3.04.00' />
  <meta name='ocr-capabilities' content='ocr_page ocr_carea ocr_par ocr_line ocrx_word'/>
</head>
<body>
  <div class='ocr_page' id='page_1' title='image "./commentariusinq00knabgoog_0230.png"; bbox 0 0 4050 5648; ppageno 0'>
   <div class='ocr_carea' id='block_1_1' title="bbox 365 626 1790 2530">
    <p class='ocr_par' dir='ltr' id='par_1_1' title="bbox 365 626 1790 2530">
     <span class='ocr_line' id='line_1_1' title="bbox 396 626 1720 722; baseline -0.001 -22"><span class='ocrx_word' id='word_1_1' title='bbox 396 632 513 702; x_wconf 88' lang='lat' dir='ltr'><strong>habito</strong></span> <span class='ocrx_word' id='word_1_2' title='bbox 529 627 626 696; x_wconf 89' lang='lat' dir='ltr'><strong>illam</strong></span> <span class='ocrx_word' id='word_1_3' title='bbox 647 628 896 699; x_wconf 88' lang='lat' dir='ltr'><strong>institutionem</strong></span> <span class='ocrx_word' id='word_1_4' title='bbox 915 650 1126 721; x_wconf 89' lang='lat' dir='ltr'><strong>praeparare</strong></span> <span class='ocrx_word' id='word_1_5' title='bbox 1144 633 1179 696; x_wconf 88' lang='lat' dir='ltr'><strong>et</strong></span> <span class='ocrx_word' id='word_1_6' title='bbox 1198 626 1590 719; x_wconf 83' lang='lat' dir='ltr'><strong>animos-discipulorum</strong></span> <span class='ocrx_word' id='word_1_7' title='bbox 1607 632 1720 722; x_wconf 89' lang='lat' dir='ltr'><strong>dispo-</strong></span> 
     </span>
     <span class='ocr_line' id='line_1_2' title="bbox 395 733 1718 827; baseline -0.002 -21"><span class='ocrx_word' id='word_1_8' title='bbox 395 760 477 806; x_wconf 89' lang='lat' dir='ltr'><strong>nere</strong></span> <span class='ocrx_word' id='word_1_9' title='bbox 490 733 609 802; x_wconf 88' lang='lat' dir='ltr'><strong>voluit.</strong></span> <span class='ocrx_word' id='word_1_10' title='bbox 624 736 764 806; x_wconf 87' lang='lat' dir='ltr'><strong>llienim</strong></span> <span class='ocrx_word' id='word_1_11' title='bbox 776 738 869 802; x_wconf 90' lang='lat' dir='ltr'><strong>certe</strong></span> <span class='ocrx_word' id='word_1_12' title='bbox 884 755 986 827; x_wconf 80' lang='lat' dir='ltr'>saepe</span> <span class='ocrx_word' id='word_1_13' title='bbox 998 755 1204 827; x_wconf 90' lang='lat' dir='ltr'><strong>per-annum</strong></span> <span class='ocrx_word' id='word_1_14' title='bbox 1219 754 1332 803; x_wconf 88' lang='lat' dir='ltr'><strong>secum</strong></span> <span class='ocrx_word' id='word_1_15' title='bbox 1345 736 1532 804; x_wconf 75' lang='lat' dir='ltr'>volvebant</span> <span class='ocrx_word' id='word_1_16' title='bbox 1544 735 1627 824; x_wconf 88' lang='lat' dir='ltr'><strong>quid</strong></span> <span class='ocrx_word' id='word_1_17' title='bbox 1643 742 1718 804; x_wconf 91' lang='lat' dir='ltr'><strong>tan-</strong></span> 
     </span>
     <span class='ocr_line' id='line_1_3' title="bbox 394 838 1719 937; baseline -0.003 -26"><span class='ocrx_word' id='word_1_18' title='bbox 394 845 472 911; x_wconf 93' lang='lat' dir='ltr'><strong>dem</strong></span> <span class='ocrx_word' id='word_1_19' title='bbox 490 839 548 906; x_wconf 96' lang='lat' dir='ltr'><strong>illo</strong></span> <span class='ocrx_word' id='word_1_20' title='bbox 563 863 719 911; x_wconf 80' lang='lat' dir='ltr'><strong>sermone</strong></span> <span class='ocrx_word' id='word_1_21' title='bbox 737 841 825 908; x_wconf 91' lang='lat' dir='ltr'><strong>duro</strong></span> <span class='ocrx_word' id='word_1_22' title='bbox 839 861 943 928; x_wconf 89' lang='lat' dir='ltr'><strong>quem</strong></span> <span class='ocrx_word' id='word_1_23' title='bbox 962 843 1063 910; x_wconf 89' lang='lat' dir='ltr'><strong>toties</strong></span> <span class='ocrx_word' id='word_1_24' title='bbox 1089 838 1264 932; x_wconf 87' lang='lat' dir='ltr'><strong>repetebat</strong></span> <span class='ocrx_word' id='word_1_25' title='bbox 1281 841 1441 937; x_wconf 85' lang='lat' dir='ltr'><strong>voluisset</strong></span> <span class='ocrx_word' id='word_1_26' title='bbox 1467 849 1500 909; x_wconf 93' lang='lat' dir='ltr'><strong>et</strong></span> <span class='ocrx_word' id='word_1_27' title='bbox 1522 842 1662 910; x_wconf 93' lang='lat' dir='ltr'><strong>demum</strong></span> <span class='ocrx_word' id='word_1_28' title='bbox 1680 841 1719 908; x_wconf 91' lang='lat' dir='ltr'><strong>in</strong></span> 
     </span>
     <span class='ocr_line' id='line_1_4' title="bbox 393 945 1790 1028; baseline -0.001 -13"><span class='ocrx_word' id='word_1_29' title='bbox 393 945 516 1015; x_wconf 90' lang='lat' dir='ltr'><strong>ultima</strong></span> <span class='ocrx_word' id='word_1_30' title='bbox 533 969 640 1018; x_wconf 90' lang='lat' dir='ltr'><strong>coena</strong></span> <span class='ocrx_word' id='word_1_31' title='bbox 653 948 830 1018; x_wconf 84' lang='lat' dir='ltr'><strong>audientes</strong></span> <span class='ocrx_word' id='word_1_32' title='bbox 845 951 918 1016; x_wconf 79' lang='lat' dir='ltr'><strong>lesu</strong></span> <span class='ocrx_word' id='word_1_33' title='bbox 931 949 1037 1015; x_wconf 91' lang='lat' dir='ltr'><strong>verba</strong></span> <span class='ocrx_word' id='word_1_34' title='bbox 1050 945 1293 1028; x_wconf 88' lang='lat' dir='ltr'><strong>edocebantur,</strong></span> <span class='ocrx_word' id='word_1_35' title='bbox 1309 945 1359 1011; x_wconf 89' lang='lat' dir='ltr'><strong>ita</strong></span> <span class='ocrx_word' id='word_1_36' title='bbox 1375 951 1413 1012; x_wconf 92' lang='lat' dir='ltr'><strong>ut</strong></span> <span class='ocrx_word' id='word_1_37' title='bbox 1425 948 1533 1015; x_wconf 88' lang='lat' dir='ltr'><strong>verba</strong></span> <span class='ocrx_word' id='word_1_38' title='bbox 1546 949 1610 1016; x_wconf 91' lang='lat' dir='ltr'><strong>illa</strong></span> <span class='ocrx_word' id='word_1_39' title='bbox 1619 948 1716 1016; x_wconf 89' lang='lat' dir='ltr'><strong>insti·</strong></span> <span class='ocrx_word' id='word_1_40' title='bbox 1788 967 1790 973; x_wconf 89' lang='lat'>·</span> 
     </span>
     <span class='ocr_line' id='line_1_5' title="bbox 366 1038 1714 1145; baseline 0.004 -29"><span class='ocrx_word' id='word_1_41' title='bbox 366 1110 371 1116; x_wconf 87' lang='lat'>.</span> <span class='ocrx_word' id='word_1_42' title='bbox 393 1053 532 1122; x_wconf 88' lang='lat' dir='ltr'><strong>tutionis</strong></span> <span class='ocrx_word' id='word_1_43' title='bbox 561 1038 785 1145; x_wconf 86' lang='lat' dir='ltr'><strong>eucharistiae</strong></span> <span class='ocrx_word' id='word_1_44' title='bbox 814 1074 1037 1145; x_wconf 89' lang='lat' dir='ltr'><strong>nequaquam</strong></span> <span class='ocrx_word' id='word_1_45' title='bbox 1059 1055 1128 1122; x_wconf 89' lang='lat' dir='ltr'><strong>illis</strong></span> <span class='ocrx_word' id='word_1_46' title='bbox 1151 1074 1192 1119; x_wconf 85' lang='lat' dir='ltr'><strong>ex</strong></span> <span class='ocrx_word' id='word_1_47' title='bbox 1213 1051 1363 1143; x_wconf 88' lang='lat' dir='ltr'><strong>abrupto</strong></span> <span class='ocrx_word' id='word_1_48' title='bbox 1386 1053 1484 1142; x_wconf 89' lang='lat' dir='ltr'><strong>quasi</strong></span> <span class='ocrx_word' id='word_1_49' title='bbox 1517 1060 1550 1120; x_wconf 92' lang='lat' dir='ltr'><strong>et</strong></span> <span class='ocrx_word' id='word_1_50' title='bbox 1574 1057 1714 1122; x_wconf 87' lang='lat' dir='ltr'><strong>minime</strong></span> 
     </span>
     <span class='ocr_line' id='line_1_6' title="bbox 393 1157 1714 1251; baseline 0.002 -25"><span class='ocrx_word' id='word_1_51' title='bbox 393 1163 604 1251; x_wconf 87' lang='lat' dir='ltr'><strong>praeparatis</strong></span> <span class='ocrx_word' id='word_1_52' title='bbox 628 1160 673 1228; x_wconf 90' lang='lat' dir='ltr'><strong>ad</strong></span> <span class='ocrx_word' id='word_1_53' title='bbox 696 1158 961 1249; x_wconf 82' lang='lat' dir='ltr'><strong>intelligendum</strong></span> <span class='ocrx_word' id='word_1_54' title='bbox 988 1164 1276 1250; x_wconf 80' lang='lat' dir='ltr'><strong>proponerentur.</strong></span> <span class='ocrx_word' id='word_1_55' title='bbox 1299 1198 1343 1210; x_wconf 94' lang='lat'>-</span> <span class='ocrx_word' id='word_1_56' title='bbox 1366 1157 1581 1246; x_wconf 86' lang='lat' dir='ltr'><strong>Evangelista</strong></span> <span class='ocrx_word' id='word_1_57' title='bbox 1596 1160 1714 1249; x_wconf 92' lang='lat' dir='ltr'><strong>aliqua</strong></span> 
     </span>
     <span class='ocr_line' id='line_1_7' title="bbox 392 1262 1713 1360; baseline 0 -28"><span class='ocrx_word' id='word_1_58' title='bbox 392 1266 527 1337; x_wconf 92' lang='lat' dir='ltr'><strong>silentio</strong></span> <span class='ocrx_word' id='word_1_59' title='bbox 546 1265 712 1360; x_wconf 75' lang='lat' dir='ltr'><strong>praeterit</strong></span> <span class='ocrx_word' id='word_1_60' title='bbox 733 1288 821 1355; x_wconf 90' lang='lat' dir='ltr'><strong>quae</strong></span> <span class='ocrx_word' id='word_1_61' title='bbox 842 1289 864 1335; x_wconf 90' lang='lat' dir='ltr'><strong>a</strong></span> <span class='ocrx_word' id='word_1_62' title='bbox 887 1265 1077 1356; x_wconf 78' lang='lat' dir='ltr'><strong>synopticis</strong></span> <span class='ocrx_word' id='word_1_63' title='bbox 1094 1265 1289 1348; x_wconf 81' lang='lat' dir='ltr'><strong>referuntur</strong></span> <span class='ocrx_word' id='word_1_64' title='bbox 1304 1264 1471 1356; x_wconf 81' lang='lat' dir='ltr'>(docuisse</span> <span class='ocrx_word' id='word_1_65' title='bbox 1487 1266 1605 1334; x_wconf 89' lang='lat' dir='ltr'><strong>turbas</strong></span> <span class='ocrx_word' id='word_1_66' title='bbox 1619 1262 1713 1333; x_wconf 85' lang='lat' dir='ltr'><strong>Chri-</strong></span> 
     </span>
     <span class='ocr_line' id='line_1_8' title="bbox 392 1371 1713 1462; baseline -0.001 -20"><span class='ocrx_word' id='word_1_67' title='bbox 392 1379 482 1443; x_wconf 91' lang='lat' dir='ltr'><strong>stum</strong></span> <span class='ocrx_word' id='word_1_68' title='bbox 504 1383 538 1444; x_wconf 90' lang='lat' dir='ltr'><strong>et</strong></span> <span class='ocrx_word' id='word_1_69' title='bbox 557 1392 680 1461; x_wconf 81' lang='lat' dir='ltr'><strong>aegros</strong></span> <span class='ocrx_word' id='word_1_70' title='bbox 697 1375 863 1462; x_wconf 89' lang='lat' dir='ltr'><strong>sanasse),</strong></span> <span class='ocrx_word' id='word_1_71' title='bbox 887 1372 1005 1462; x_wconf 93' lang='lat' dir='ltr'><strong>aliqua</strong></span> <span class='ocrx_word' id='word_1_72' title='bbox 1031 1371 1222 1440; x_wconf 75' lang='lat' dir='ltr'><strong>accuratius</strong></span> <span class='ocrx_word' id='word_1_73' title='bbox 1242 1377 1277 1440; x_wconf 92' lang='lat' dir='ltr'><strong>et</strong></span> <span class='ocrx_word' id='word_1_74' title='bbox 1292 1371 1403 1458; x_wconf 81' lang='lat' dir='ltr'><strong>magis</strong></span> <span class='ocrx_word' id='word_1_75' title='bbox 1419 1371 1644 1441; x_wconf 88' lang='lat' dir='ltr'><strong>determinate</strong></span> <span class='ocrx_word' id='word_1_76' title='bbox 1659 1395 1713 1440; x_wconf 86' lang='lat' dir='ltr'><strong>re·</strong></span> 
     </span>
     <span class='ocr_line' id='line_1_9' title="bbox 391 1478 1712 1570; baseline -0.001 -21"><span class='ocrx_word' id='word_1_77' title='bbox 391 1481 474 1564; x_wconf 82' lang='lat' dir='ltr'><strong>lert3</strong></span> <span class='ocrx_word' id='word_1_78' title='bbox 489 1484 639 1570; x_wconf 90' lang='lat' dir='ltr'><strong>itaquae</strong></span> <span class='ocrx_word' id='word_1_79' title='bbox 653 1478 697 1547; x_wconf 92' lang='lat' dir='ltr'><strong>de</strong></span> <span class='ocrx_word' id='word_1_80' title='bbox 718 1479 878 1570; x_wconf 92' lang='lat' dir='ltr'><strong>Philippo</strong></span> <span class='ocrx_word' id='word_1_81' title='bbox 896 1483 930 1546; x_wconf 90' lang='lat' dir='ltr'><strong>et</strong></span> <span class='ocrx_word' id='word_1_82' title='bbox 951 1479 1089 1547; x_wconf 74' lang='lat' dir='ltr'><strong>Andrea</strong></span> <span class='ocrx_word' id='word_1_83' title='bbox 1103 1479 1142 1546; x_wconf 94' lang='lat' dir='ltr'><strong>in</strong></span> <span class='ocrx_word' id='word_1_84' title='bbox 1155 1478 1354 1569; x_wconf 78' lang='lat' dir='ltr'><strong>particulari</strong></span> <span class='ocrx_word' id='word_1_85' title='bbox 1370 1478 1568 1546; x_wconf 84' lang='lat' dir='ltr'><strong>efferuntur.</strong></span> <span class='ocrx_word' id='word_1_86' title='bbox 1586 1485 1712 1548; x_wconf 85' lang='lat' dir='ltr'><strong>Secun-</strong></span> 
     </span>
     <span class='ocr_line' id='line_1_10' title="bbox 391 1583 1709 1677; baseline 0 -23"><span class='ocrx_word' id='word_1_87' title='bbox 391 1587 476 1656; x_wconf 90' lang='lat' dir='ltr'><strong>dum</strong></span> <span class='ocrx_word' id='word_1_88' title='bbox 494 1585 692 1675; x_wconf 80' lang='lat' dir='ltr'><strong>synopticos</strong></span> <span class='ocrx_word' id='word_1_89' title='bbox 710 1586 776 1677; x_wconf 91' lang='lat' dir='ltr'><strong>ipsi</strong></span> <span class='ocrx_word' id='word_1_90' title='bbox 796 1583 956 1675; x_wconf 87' lang='lat' dir='ltr'><strong>discipuli</strong></span> <span class='ocrx_word' id='word_1_91' title='bbox 978 1586 1083 1675; x_wconf 91' lang='lat' dir='ltr'><strong>primi</strong></span> <span class='ocrx_word' id='word_1_92' title='bbox 1103 1592 1245 1653; x_wconf 91' lang='lat' dir='ltr'><strong>monent</strong></span> <span class='ocrx_word' id='word_1_93' title='bbox 1265 1589 1376 1653; x_wconf 87' lang='lat' dir='ltr'><strong>lesum</strong></span> <span class='ocrx_word' id='word_1_94' title='bbox 1396 1608 1405 1655; x_wconf 91' lang='lat'><strong>:</strong></span> <span class='ocrx_word' id='word_1_95' title='bbox 1427 1584 1561 1654; x_wconf 91' lang='lat' dir='ltr'><strong>dimitte</strong></span> <span class='ocrx_word' id='word_1_96' title='bbox 1572 1586 1709 1667; x_wconf 89' lang='lat' dir='ltr'><strong>turbas,</strong></span> 
     </span>
     <span class='ocr_line' id='line_1_11' title="bbox 365 1689 1711 1783; baseline -0.001 -22"><span class='ocrx_word' id='word_1_97' title='bbox 365 1740 367 1746; x_wconf 87' lang='lat'><em>·</em></span> <span class='ocrx_word' id='word_1_98' title='bbox 392 1702 430 1762; x_wconf 92' lang='lat' dir='ltr'><strong>ut</strong></span> <span class='ocrx_word' id='word_1_99' title='bbox 441 1689 558 1762; x_wconf 85' lang='lat' dir='ltr'><strong>euntes</strong></span> <span class='ocrx_word' id='word_1_100' title='bbox 568 1693 762 1762; x_wconf 88' lang='lat' dir='ltr'><strong>incastella</strong></span> <span class='ocrx_word' id='word_1_101' title='bbox 779 1696 896 1760; x_wconf 82' lang='lat' dir='ltr'><strong>emant</strong></span> <span class='ocrx_word' id='word_1_102' title='bbox 908 1691 974 1759; x_wconf 91' lang='lat' dir='ltr'><strong>sibi</strong></span> <span class='ocrx_word' id='word_1_103' title='bbox 990 1714 1095 1760; x_wconf 87' lang='lat' dir='ltr'><strong>esces.</strong></span> <span class='ocrx_word' id='word_1_104' title='bbox 1117 1691 1154 1760; x_wconf 94' lang='lat' dir='ltr'><strong>ld</strong></span> <span class='ocrx_word' id='word_1_105' title='bbox 1169 1696 1311 1760; x_wconf 87' lang='lat' dir='ltr'><strong>loannes</strong></span> <span class='ocrx_word' id='word_1_106' title='bbox 1320 1714 1392 1760; x_wconf 92' lang='lat' dir='ltr'><strong>non</strong></span> <span class='ocrx_word' id='word_1_107' title='bbox 1405 1691 1564 1783; x_wconf 88' lang='lat' dir='ltr'><strong>explicite</strong></span> <span class='ocrx_word' id='word_1_108' title='bbox 1578 1700 1711 1773; x_wconf 78' lang='lat' dir='ltr'><strong>narrat3</strong></span> 
     </span>
     <span class='ocr_line' id='line_1_12' title="bbox 391 1796 1712 1890; baseline 0 -22"><span class='ocrx_word' id='word_1_109' title='bbox 391 1803 526 1889; x_wconf 88' lang='lat' dir='ltr'><strong>atquae</strong></span> <span class='ocrx_word' id='word_1_110' title='bbox 543 1798 723 1890; x_wconf 90' lang='lat' dir='ltr'><strong>Philippus</strong></span> <span class='ocrx_word' id='word_1_111' title='bbox 734 1804 768 1873; x_wconf 87' lang='lat' dir='ltr'><strong>et</strong></span> <span class='ocrx_word' id='word_1_112' title='bbox 785 1798 938 1866; x_wconf 75' lang='lat' dir='ltr'><strong>Andreas</strong></span> <span class='ocrx_word' id='word_1_113' title='bbox 950 1796 1162 1890; x_wconf 87' lang='lat' dir='ltr'><strong>respondent</strong></span> <span class='ocrx_word' id='word_1_114' title='bbox 1176 1799 1246 1866; x_wconf 92' lang='lat' dir='ltr'><strong>iam</strong></span> <span class='ocrx_word' id='word_1_115' title='bbox 1263 1799 1344 1866; x_wconf 88' lang='lat' dir='ltr'><strong>satis</strong></span> <span class='ocrx_word' id='word_1_116' title='bbox 1360 1797 1543 1876; x_wconf 88' lang='lat' dir='ltr'><strong>ostendunt</strong></span> <span class='ocrx_word' id='word_1_117' title='bbox 1561 1798 1712 1889; x_wconf 92' lang='lat' dir='ltr'><strong>discipu·</strong></span> 
     </span>
     <span class='ocr_line' id='line_1_13' title="bbox 389 1904 1712 1997; baseline -0.002 -22"><span class='ocrx_word' id='word_1_118' title='bbox 389 1908 439 1975; x_wconf 88' lang='lat' dir='ltr'><strong>los</strong></span> <span class='ocrx_word' id='word_1_119' title='bbox 451 1905 495 1972; x_wconf 94' lang='lat' dir='ltr'><strong>de</strong></span> <span class='ocrx_word' id='word_1_120' title='bbox 511 1906 595 1973; x_wconf 90' lang='lat' dir='ltr'><strong>escis</strong></span> <span class='ocrx_word' id='word_1_121' title='bbox 613 1906 790 1994; x_wconf 81' lang='lat' dir='ltr'><strong>cogitasse.</strong></span> <span class='ocrx_word' id='word_1_122' title='bbox 811 1905 895 1973; x_wconf 85' lang='lat' dir='ltr'><strong>Dein</strong></span> <span class='ocrx_word' id='word_1_123' title='bbox 912 1905 987 1997; x_wconf 88' lang='lat' dir='ltr'><strong>ipsa</strong></span> <span class='ocrx_word' id='word_1_124' title='bbox 1000 1905 1137 1973; x_wconf 91' lang='lat' dir='ltr'><strong>loannis</strong></span> <span class='ocrx_word' id='word_1_125' title='bbox 1149 1904 1348 1974; x_wconf 86' lang='lat' dir='ltr'><strong>narratione</strong></span> <span class='ocrx_word' id='word_1_126' title='bbox 1363 1905 1535 1974; x_wconf 89' lang='lat' dir='ltr'><strong>succincta</strong></span> <span class='ocrx_word' id='word_1_127' title='bbox 1553 1904 1712 1996; x_wconf 90' lang='lat' dir='ltr'><strong>proditur</strong></span> 
     </span>
     <span class='ocr_line' id='line_1_14' title="bbox 389 2010 1709 2103; baseline 0.002 -24"><span class='ocrx_word' id='word_1_128' title='bbox 389 2014 490 2103; x_wconf 87' lang='lat' dir='ltr'><strong>plura</strong></span> <span class='ocrx_word' id='word_1_129' title='bbox 509 2033 580 2079; x_wconf 86' lang='lat' dir='ltr'><strong>esse</strong></span> <span class='ocrx_word' id='word_1_130' title='bbox 600 2015 735 2080; x_wconf 89' lang='lat' dir='ltr'><strong>omissa.</strong></span> <span class='ocrx_word' id='word_1_131' title='bbox 757 2016 864 2080; x_wconf 91' lang='lat' dir='ltr'><strong>Nemo</strong></span> <span class='ocrx_word' id='word_1_132' title='bbox 885 2011 978 2079; x_wconf 91' lang='lat' dir='ltr'><strong>enim</strong></span> <span class='ocrx_word' id='word_1_133' title='bbox 996 2011 1106 2099; x_wconf 82' lang='lat' dir='ltr'><strong>finget</strong></span> <span class='ocrx_word' id='word_1_134' title='bbox 1124 2019 1234 2081; x_wconf 91' lang='lat' dir='ltr'><strong>lesum</strong></span> <span class='ocrx_word' id='word_1_135' title='bbox 1251 2012 1408 2080; x_wconf 90' lang='lat' dir='ltr'><strong>simulac</strong></span> <span class='ocrx_word' id='word_1_136' title='bbox 1425 2010 1552 2079; x_wconf 82' lang='lat' dir='ltr'><strong>viderit</strong></span> <span class='ocrx_word' id='word_1_137' title='bbox 1570 2013 1709 2081; x_wconf 89' lang='lat' dir='ltr'><strong>turbam</strong></span> 
     </span>
     <span class='ocr_line' id='line_1_15' title="bbox 390 2118 1716 2201; baseline -0.001 -13"><span class='ocrx_word' id='word_1_138' title='bbox 390 2118 608 2188; x_wconf 89' lang='lat' dir='ltr'><strong>accedentem</strong></span> <span class='ocrx_word' id='word_1_139' title='bbox 624 2119 739 2187; x_wconf 90' lang='lat' dir='ltr'><strong>statim</strong></span> <span class='ocrx_word' id='word_1_140' title='bbox 756 2118 800 2186; x_wconf 92' lang='lat' dir='ltr'><strong>de</strong></span> <span class='ocrx_word' id='word_1_141' title='bbox 818 2119 905 2186; x_wconf 90' lang='lat' dir='ltr'><strong>escis</strong></span> <span class='ocrx_word' id='word_1_142' title='bbox 921 2140 1115 2187; x_wconf 88' lang='lat' dir='ltr'><strong>sermonem</strong></span> <span class='ocrx_word' id='word_1_143' title='bbox 1131 2119 1301 2201; x_wconf 90' lang='lat' dir='ltr'><strong>intulisse;</strong></span> <span class='ocrx_word' id='word_1_144' title='bbox 1322 2143 1355 2186; x_wconf 88' lang='lat' dir='ltr'><strong>v.</strong></span> <span class='ocrx_word' id='word_1_145' title='bbox 1380 2126 1402 2188; x_wconf 80' lang='lat'><strong>5</strong></span> <span class='ocrx_word' id='word_1_146' title='bbox 1426 2141 1503 2186; x_wconf 82' lang='lat' dir='ltr'><strong>cum</strong></span> <span class='ocrx_word' id='word_1_147' title='bbox 1513 2119 1716 2187; x_wconf 81' lang='lat' dir='ltr'><strong>sublevasset</strong></span> 
     </span>
     <span class='ocr_line' id='line_1_16' title="bbox 390 2224 1711 2317; baseline 0.001 -25"><span class='ocrx_word' id='word_1_148' title='bbox 390 2249 469 2315; x_wconf 77' lang='lat' dir='ltr'><strong>erqo</strong></span> <span class='ocrx_word' id='word_1_149' title='bbox 492 2225 605 2292; x_wconf 84' lang='lat' dir='ltr'><strong>oeulos</strong></span> <span class='ocrx_word' id='word_1_150' title='bbox 627 2229 719 2294; x_wconf 82' lang='lat' dir='ltr'><strong>Iesus</strong></span> <span class='ocrx_word' id='word_1_151' title='bbox 744 2237 777 2317; x_wconf 77' lang='lat' dir='ltr'><strong>et</strong></span> <span class='ocrx_word' id='word_1_152' title='bbox 802 2224 943 2292; x_wconf 82' lang='lat' dir='ltr'><strong>vidisset</strong></span> <span class='ocrx_word' id='word_1_153' title='bbox 963 2225 1048 2316; x_wconf 81' lang='lat' dir='ltr'><strong>qaia</strong></span> <span class='ocrx_word' id='word_1_154' title='bbox 1069 2225 1253 2293; x_wconf 81' lang='lat' dir='ltr'><strong>multitudo</strong></span> <span class='ocrx_word' id='word_1_155' title='bbox 1274 2225 1430 2294; x_wconf 74' lang='lat' dir='ltr'><strong>maxima</strong></span> <span class='ocrx_word' id='word_1_156' title='bbox 1450 2226 1541 2294; x_wconf 81' lang='lat' dir='ltr'><strong>uenit</strong></span> <span class='ocrx_word' id='word_1_157' title='bbox 1557 2224 1606 2294; x_wconf 84' lang='lat' dir='ltr'><strong>cd</strong></span> <span class='ocrx_word' id='word_1_158' title='bbox 1617 2248 1711 2308; x_wconf 82' lang='lat' dir='ltr'><strong>eum,</strong></span> 
     </span>
     <span class='ocr_line' id='line_1_17' title="bbox 390 2330 1715 2425; baseline 0.002 -27"><span class='ocrx_word' id='word_1_159' title='bbox 390 2330 543 2398; x_wconf 71' lang='lat' dir='ltr'><strong>discituri</strong></span> <span class='ocrx_word' id='word_1_160' title='bbox 556 2331 759 2424; x_wconf 74' lang='lat' dir='ltr'><strong>Philippum</strong></span> <span class='ocrx_word' id='word_1_161' title='bbox 772 2330 891 2398; x_wconf 70' lang='lat' dir='ltr'><strong>rande</strong></span> <span class='ocrx_word' id='word_1_162' title='bbox 907 2354 1058 2399; x_wconf 83' lang='lat' dir='ltr'><strong>ememus</strong></span> <span class='ocrx_word' id='word_1_163' title='bbox 1071 2354 1199 2425; x_wconf 81' lang='lat' dir='ltr'><strong>panes,</strong></span> <span class='ocrx_word' id='word_1_164' title='bbox 1214 2345 1254 2398; x_wconf 83' lang='lat' dir='ltr'><strong>at</strong></span> <span class='ocrx_word' id='word_1_165' title='bbox 1270 2331 1480 2400; x_wconf 82' lang='lat' dir='ltr'><strong>manducent</strong></span> <span class='ocrx_word' id='word_1_166' title='bbox 1498 2332 1558 2400; x_wconf 75' lang='lat' dir='ltr'><strong>ti?</strong></span> <span class='ocrx_word' id='word_1_167' title='bbox 1571 2333 1715 2401; x_wconf 89' lang='lat' dir='ltr'><strong>adnotat</strong></span> 
     </span>
     <span class='ocr_line' id='line_1_18' title="bbox 392 2437 1711 2530; baseline -0.002 -22"><span class='ocrx_word' id='word_1_168' title='bbox 392 2438 470 2508; x_wconf 79' lang='lat' dir='ltr'><strong>Ctr.</strong></span> <span class='ocrx_word' id='word_1_169' title='bbox 489 2461 501 2504; x_wconf 92' lang='grc'><strong>.·</strong></span> <span class='ocrx_word' id='word_1_170' title='bbox 524 2466 540 2500; x_wconf 89' lang='grc'>«</span> <span class='ocrx_word' id='word_1_171' title='bbox 567 2440 672 2507; x_wconf 88' lang='lat' dir='ltr'><strong>ceteri</strong></span> <span class='ocrx_word' id='word_1_172' title='bbox 695 2437 927 2525; x_wconf 86' lang='lat' dir='ltr'><strong>evangelistae</strong></span> <span class='ocrx_word' id='word_1_173' title='bbox 952 2437 1072 2506; x_wconf 91' lang='lat' dir='ltr'><strong>dicunt</strong></span> <span class='ocrx_word' id='word_1_174' title='bbox 1091 2438 1276 2530; x_wconf 89' lang='lat' dir='ltr'><strong>discipulos</strong></span> <span class='ocrx_word' id='word_1_175' title='bbox 1298 2437 1498 2507; x_wconf 86' lang='lat' dir='ltr'><strong>accedentes</strong></span> <span class='ocrx_word' id='word_1_176' title='bbox 1521 2459 1660 2525; x_wconf 82' lang='lat' dir='ltr'><strong>rogasse</strong></span> <span class='ocrx_word' id='word_1_177' title='bbox 1677 2444 1711 2506; x_wconf 91' lang='lat' dir='ltr'><strong>et</strong></span> 
     </span>
    </p>
   </div>
   <div class='ocr_carea' id='block_1_2' title="bbox 389 2543 1821 2636">
    <p class='ocr_par' dir='ltr' id='par_1_2' title="bbox 389 2543 1821 2636">
     <span class='ocr_line' id='line_1_19' title="bbox 389 2543 1821 2636; baseline -0.001 -24"><span class='ocrx_word' id='word_1_178' title='bbox 389 2545 580 2613; x_wconf 85' lang='lat' dir='ltr'><strong>obsecrasse</strong></span> <span class='ocrx_word' id='word_1_179' title='bbox 594 2545 692 2611; x_wconf 90' lang='lat' dir='ltr'><strong>illum</strong></span> <span class='ocrx_word' id='word_1_180' title='bbox 703 2567 749 2612; x_wconf 92' lang='lat' dir='ltr'><strong>ne</strong></span> <span class='ocrx_word' id='word_1_181' title='bbox 761 2544 949 2612; x_wconf 89' lang='lat' dir='ltr'><strong>dimitteret</strong></span> <span class='ocrx_word' id='word_1_182' title='bbox 962 2567 1021 2612; x_wconf 90' lang='lat' dir='ltr'><strong>eos</strong></span> <span class='ocrx_word' id='word_1_183' title='bbox 1034 2544 1183 2626; x_wconf 85' lang='lat' dir='ltr'><strong>ieiunos;</strong></span> <span class='ocrx_word' id='word_1_184' title='bbox 1197 2544 1256 2613; x_wconf 92' lang='lat' dir='ltr'><strong>hic</strong></span> <span class='ocrx_word' id='word_1_185' title='bbox 1268 2568 1350 2614; x_wconf 87' lang='lat' dir='ltr'><strong>vero</strong></span> <span class='ocrx_word' id='word_1_186' title='bbox 1363 2544 1560 2636; x_wconf 88' lang='lat' dir='ltr'><strong>Philippum</strong></span> <span class='ocrx_word' id='word_1_187' title='bbox 1577 2543 1709 2613; x_wconf 90' lang='lat' dir='ltr'><strong>inducit</strong></span> <span class='ocrx_word' id='word_1_188' title='bbox 1815 2622 1821 2627; x_wconf 41' lang='grc'><em>,</em></span> 
     </span>
    </p>
   </div>
   <div class='ocr_carea' id='block_1_3' title="bbox 382 2650 1712 4984">
    <p class='ocr_par' dir='ltr' id='par_1_3' title="bbox 386 2650 1709 3064">
     <span class='ocr_line' id='line_1_20' title="bbox 389 2650 1709 2741; baseline 0 -22"><span class='ocrx_word' id='word_1_189' title='bbox 389 2674 410 2719; x_wconf 91' lang='lat' dir='ltr'><strong>a</strong></span> <span class='ocrx_word' id='word_1_190' title='bbox 422 2652 554 2721; x_wconf 87' lang='lat' dir='ltr'><strong>Christo</strong></span> <span class='ocrx_word' id='word_1_191' title='bbox 567 2653 825 2739; x_wconf 81' lang='lat' dir='ltr'><strong>interrogatum.</strong></span> <span class='ocrx_word' id='word_1_192' title='bbox 834 2655 1022 2741; x_wconf 90' lang='lat' dir='ltr'><strong>Utrumque</strong></span> <span class='ocrx_word' id='word_1_193' title='bbox 1037 2652 1124 2719; x_wconf 93' lang='lat' dir='ltr'><strong>mihi</strong></span> <span class='ocrx_word' id='word_1_194' title='bbox 1137 2673 1252 2718; x_wconf 87' lang='lat' dir='ltr'><strong>verum</strong></span> <span class='ocrx_word' id='word_1_195' title='bbox 1264 2651 1418 2733; x_wconf 82' lang='lat' dir='ltr'><strong>videtur3</strong></span> <span class='ocrx_word' id='word_1_196' title='bbox 1433 2650 1575 2720; x_wconf 91' lang='lat' dir='ltr'><strong>sednon</strong></span> <span class='ocrx_word' id='word_1_197' title='bbox 1589 2651 1709 2720; x_wconf 91' lang='lat' dir='ltr'><strong>eodem</strong></span> 
     </span>
     <span class='ocr_line' id='line_1_21' title="bbox 386 2753 1709 2850; baseline -0.001 -24"><span class='ocrx_word' id='word_1_198' title='bbox 386 2761 460 2849; x_wconf 90' lang='lat' dir='ltr'><strong>ipso</strong></span> <span class='ocrx_word' id='word_1_199' title='bbox 487 2766 642 2850; x_wconf 91' lang='lat' dir='ltr'><strong>tempore</strong></span> <span class='ocrx_word' id='word_1_200' title='bbox 665 2763 816 2846; x_wconf 86' lang='lat' dir='ltr'><strong>gestum;</strong></span> <span class='ocrx_word' id='word_1_201' title='bbox 839 2756 900 2826; x_wconf 92' lang='lat' dir='ltr'><strong>sed</strong></span> <span class='ocrx_word' id='word_1_202' title='bbox 927 2757 1024 2826; x_wconf 90' lang='lat' dir='ltr'><strong>aliud</strong></span> <span class='ocrx_word' id='word_1_203' title='bbox 1044 2753 1192 2826; x_wconf 87' lang='lat' dir='ltr'><strong>alterum</strong></span> <span class='ocrx_word' id='word_1_204' title='bbox 1208 2758 1431 2849; x_wconf 84' lang='lat' dir='ltr'><strong>praecessisse</strong></span> <span class='ocrx_word' id='word_1_205' title='bbox 1454 2785 1493 2842; x_wconf 75' lang='lat' dir='ltr'><strong>o,</strong></span> <span class='ocrx_word' id='word_1_206' title='bbox 1513 2758 1587 2826; x_wconf 87' lang='lat' dir='ltr'><strong>soil.</strong></span> <span class='ocrx_word' id='word_1_207' title='bbox 1610 2757 1709 2826; x_wconf 91' lang='lat' dir='ltr'><strong>disci-</strong></span> 
     </span>
     <span class='ocr_line' id='line_1_22' title="bbox 388 2864 1708 2966; baseline -0.002 -32"><span class='ocrx_word' id='word_1_208' title='bbox 388 2865 487 2956; x_wconf 90' lang='lat' dir='ltr'><strong>pulos</strong></span> <span class='ocrx_word' id='word_1_209' title='bbox 509 2866 604 2957; x_wconf 92' lang='lat' dir='ltr'><strong>prius</strong></span> <span class='ocrx_word' id='word_1_210' title='bbox 634 2864 852 2934; x_wconf 90' lang='lat' dir='ltr'><strong>admonuisse</strong></span> <span class='ocrx_word' id='word_1_211' title='bbox 880 2866 1063 2932; x_wconf 86' lang='lat' dir='ltr'><strong>Dominum</strong></span> <span class='ocrx_word' id='word_1_212' title='bbox 1087 2872 1121 2932; x_wconf 89' lang='lat' dir='ltr'><strong>et</strong></span> <span class='ocrx_word' id='word_1_213' title='bbox 1143 2869 1217 2932; x_wconf 90' lang='lat' dir='ltr'><strong>tum</strong></span> <span class='ocrx_word' id='word_1_214' title='bbox 1240 2864 1439 2966; x_wconf 86' lang='lat' dir='ltr'><strong>Philippum</strong></span> <span class='ocrx_word' id='word_1_215' title='bbox 1460 2864 1708 2953; x_wconf 84' lang='lat' dir='ltr'><strong>interrogatum</strong></span> 
     </span>
     <span class='ocr_line' id='line_1_23' title="bbox 388 2970 1264 3064; baseline 0.002 -26"><span class='ocrx_word' id='word_1_216' title='bbox 388 2994 458 3040; x_wconf 91' lang='lat' dir='ltr'><strong>esse</strong></span> <span class='ocrx_word' id='word_1_217' title='bbox 476 2971 636 3064; x_wconf 72' lang='lat' dir='ltr'><strong>(Theopd.</strong></span> <span class='ocrx_word' id='word_1_218' title='bbox 648 2974 724 3039; x_wconf 88' lang='lat' dir='ltr'><strong>sim.</strong></span> <span class='ocrx_word' id='word_1_219' title='bbox 740 2976 827 3040; x_wconf 87' lang='lat' dir='ltr'><strong>Bon.</strong></span> <span class='ocrx_word' id='word_1_220' title='bbox 846 2970 918 3039; x_wconf 82' lang='lat' dir='ltr'><strong>Tol.</strong></span> <span class='ocrx_word' id='word_1_221' title='bbox 935 2973 1029 3040; x_wconf 85' lang='lat' dir='ltr'><strong>lans.</strong></span> <span class='ocrx_word' id='word_1_222' title='bbox 1047 2971 1148 3040; x_wconf 78' lang='lat' dir='ltr'><strong>Sedz.</strong></span> <span class='ocrx_word' id='word_1_223' title='bbox 1170 2973 1264 3062; x_wconf 82' lang='lat' dir='ltr'><strong>ete).</strong></span> 
     </span>
    </p>

    <p class='ocr_par' dir='ltr' id='par_1_4' title="bbox 382 3077 1712 4984">
     <span class='ocr_line' id='line_1_24' title="bbox 432 3077 1711 3169; baseline 0.001 -23"><span class='ocrx_word' id='word_1_224' title='bbox 432 3083 498 3147; x_wconf 86' lang='lat' dir='ltr'><strong>Cur</strong></span> <span class='ocrx_word' id='word_1_225' title='bbox 521 3101 604 3168; x_wconf 91' lang='lat' dir='ltr'><strong>prae</strong></span> <span class='ocrx_word' id='word_1_226' title='bbox 623 3078 700 3146; x_wconf 91' lang='lat' dir='ltr'><strong>aliis</strong></span> <span class='ocrx_word' id='word_1_227' title='bbox 718 3077 921 3161; x_wconf 82' lang='lat' dir='ltr'><strong>nominatim</strong></span> <span class='ocrx_word' id='word_1_228' title='bbox 941 3078 1141 3169; x_wconf 90' lang='lat' dir='ltr'><strong>Philippum</strong></span> <span class='ocrx_word' id='word_1_229' title='bbox 1159 3079 1348 3167; x_wconf 81' lang='lat' dir='ltr'><strong>rogaverit,</strong></span> <span class='ocrx_word' id='word_1_230' title='bbox 1372 3081 1453 3169; x_wconf 68' lang='grc' dir='ltr'><strong>ΟΨ.</strong></span> <span class='ocrx_word' id='word_1_231' title='bbox 1472 3080 1643 3146; x_wconf 90' lang='lat' dir='ltr'><strong>rationem</strong></span> <span class='ocrx_word' id='word_1_232' title='bbox 1655 3100 1711 3147; x_wconf 90' lang='lat' dir='ltr'><strong>re·</strong></span> 
     </span>
     <span class='ocr_line' id='line_1_25' title="bbox 386 3184 1708 3276; baseline 0.002 -25"><span class='ocrx_word' id='word_1_233' title='bbox 386 3187 473 3275; x_wconf 90' lang='lat' dir='ltr'><strong>petit</strong></span> <span class='ocrx_word' id='word_1_234' title='bbox 491 3207 529 3252; x_wconf 81' lang='lat' dir='ltr'><strong>ex</strong></span> <span class='ocrx_word' id='word_1_235' title='bbox 546 3185 661 3252; x_wconf 91' lang='lat' dir='ltr'><strong>indole</strong></span> <span class='ocrx_word' id='word_1_236' title='bbox 685 3184 775 3268; x_wconf 90' lang='lat' dir='ltr'><strong>eius,</strong></span> <span class='ocrx_word' id='word_1_237' title='bbox 800 3187 932 3275; x_wconf 87' lang='lat' dir='ltr'><strong>quippe</strong></span> <span class='ocrx_word' id='word_1_238' title='bbox 952 3184 1013 3275; x_wconf 93' lang='lat' dir='ltr'><strong>qui</strong></span> <span class='ocrx_word' id='word_1_239' title='bbox 1037 3185 1141 3252; x_wconf 84' lang='lat' dir='ltr'><strong>luerit</strong></span> <span class='ocrx_word' id='word_1_240' title='bbox 1161 3185 1197 3251; x_wconf 92' lang='lat' dir='ltr'><strong>in</strong></span> <span class='ocrx_word' id='word_1_241' title='bbox 1216 3184 1448 3276; x_wconf 89' lang='lat' dir='ltr'><strong>percipiendis</strong></span> <span class='ocrx_word' id='word_1_242' title='bbox 1463 3185 1565 3252; x_wconf 90' lang='lat' dir='ltr'><strong>rebus</strong></span> <span class='ocrx_word' id='word_1_243' title='bbox 1583 3184 1708 3253; x_wconf 81' lang='lat' dir='ltr'><strong>divinis</strong></span> 
     </span>
     <span class='ocr_line' id='line_1_26' title="bbox 387 3290 1708 3383; baseline 0.002 -25"><span class='ocrx_word' id='word_1_244' title='bbox 387 3292 479 3360; x_wconf 89' lang='lat' dir='ltr'><strong>haud</strong></span> <span class='ocrx_word' id='word_1_245' title='bbox 500 3290 646 3360; x_wconf 90' lang='lat' dir='ltr'><strong>multum</strong></span> <span class='ocrx_word' id='word_1_246' title='bbox 665 3297 800 3373; x_wconf 88' lang='lat' dir='ltr'><strong>acutus,</strong></span> <span class='ocrx_word' id='word_1_247' title='bbox 815 3290 852 3357; x_wconf 91' lang='lat' dir='ltr'><strong>id</strong></span> <span class='ocrx_word' id='word_1_248' title='bbox 867 3290 961 3383; x_wconf 93' lang='lat' dir='ltr'><strong>quod</strong></span> <span class='ocrx_word' id='word_1_249' title='bbox 980 3291 1084 3359; x_wconf 89' lang='lat' dir='ltr'><strong>etiam</strong></span> <span class='ocrx_word' id='word_1_250' title='bbox 1095 3290 1326 3359; x_wconf 90' lang='lat' dir='ltr'><strong>demonstrari</strong></span> <span class='ocrx_word' id='word_1_251' title='bbox 1343 3298 1457 3360; x_wconf 90' lang='lat' dir='ltr'><strong>censet</strong></span> <span class='ocrx_word' id='word_1_252' title='bbox 1468 3296 1563 3360; x_wconf 87' lang='lat' dir='ltr'><strong>loan.</strong></span> <span class='ocrx_word' id='word_1_253' title='bbox 1583 3298 1671 3376; x_wconf 75' lang='lat' dir='ltr'><strong>lt,8.</strong></span> <span class='ocrx_word' id='word_1_254' title='bbox 1688 3300 1708 3360; x_wconf 83' lang='lat'><strong>9</strong></span> 
     </span>
     <span class='ocr_line' id='line_1_27' title="bbox 388 3385 1709 3490; baseline 0 -25"><span class='ocrx_word' id='word_1_255' title='bbox 388 3399 476 3487; x_wconf 86' lang='lat' dir='ltr'><strong>(sim.</strong></span> <span class='ocrx_word' id='word_1_256' title='bbox 497 3399 574 3466; x_wconf 74' lang='lat' dir='ltr'><strong>Chr.</strong></span> <span class='ocrx_word' id='word_1_257' title='bbox 599 3397 743 3489; x_wconf 76' lang='lat' dir='ltr'><strong>Theoph.</strong></span> <span class='ocrx_word' id='word_1_258' title='bbox 771 3396 916 3486; x_wconf 73' lang='lat' dir='ltr'><strong>Ibem).</strong></span> <span class='ocrx_word' id='word_1_259' title='bbox 941 3402 988 3465; x_wconf 85' lang='lat' dir='ltr'><strong>Ea</strong></span> <span class='ocrx_word' id='word_1_260' title='bbox 1009 3400 1208 3490; x_wconf 85' lang='lat' dir='ltr'><strong>quaestione</strong></span> <span class='ocrx_word' id='word_1_261' title='bbox 1224 3399 1328 3466; x_wconf 90' lang='lat' dir='ltr'><strong>etiam</strong></span> <span class='ocrx_word' id='word_1_262' title='bbox 1341 3420 1460 3467; x_wconf 91' lang='lat' dir='ltr'><strong>omnes</strong></span> <span class='ocrx_word' id='word_1_263' title='bbox 1474 3385 1619 3467; x_wconf 87' lang='lat' dir='ltr'><strong>attentos</strong></span> <span class='ocrx_word' id='word_1_264' title='bbox 1634 3398 1709 3467; x_wconf 91' lang='lat' dir='ltr'><strong>red·</strong></span> 
     </span>
     <span class='ocr_line' id='line_1_28' title="bbox 385 3504 1711 3595; baseline 0.002 -24"><span class='ocrx_word' id='word_1_265' title='bbox 385 3505 453 3585; x_wconf 90' lang='lat' dir='ltr'><strong>dit;</strong></span> <span class='ocrx_word' id='word_1_266' title='bbox 471 3505 618 3573; x_wconf 88' lang='lat' dir='ltr'><strong>«namsi</strong></span> <span class='ocrx_word' id='word_1_267' title='bbox 633 3504 762 3595; x_wconf 87' lang='lat' dir='ltr'><strong>absque</strong></span> <span class='ocrx_word' id='word_1_268' title='bbox 773 3504 846 3573; x_wconf 87' lang='lat' dir='ltr'><strong>ullo</strong></span> <span class='ocrx_word' id='word_1_269' title='bbox 860 3510 1031 3595; x_wconf 89' lang='lat' dir='ltr'><strong>apparatu</strong></span> <span class='ocrx_word' id='word_1_270' title='bbox 1044 3505 1184 3592; x_wconf 83' lang='lat' dir='ltr'><strong>signum</strong></span> <span class='ocrx_word' id='word_1_271' title='bbox 1197 3504 1328 3573; x_wconf 90' lang='lat' dir='ltr'><strong>editum</strong></span> <span class='ocrx_word' id='word_1_272' title='bbox 1343 3504 1471 3588; x_wconf 83' lang='lat' dir='ltr'><strong>luisset,</strong></span> <span class='ocrx_word' id='word_1_273' title='bbox 1492 3528 1561 3573; x_wconf 90' lang='lat' dir='ltr'><strong>non</strong></span> <span class='ocrx_word' id='word_1_274' title='bbox 1579 3511 1711 3575; x_wconf 87' lang='lat' dir='ltr'><strong>tantum</strong></span> 
     </span>
     <span class='ocr_line' id='line_1_29' title="bbox 385 3610 1711 3702; baseline 0.001 -23"><span class='ocrx_word' id='word_1_275' title='bbox 385 3612 599 3701; x_wconf 87' lang='lat' dir='ltr'><strong>apparuisset</strong></span> <span class='ocrx_word' id='word_1_276' title='bbox 616 3613 840 3692; x_wconf 88' lang='lat' dir='ltr'><strong>miraculum;</strong></span> <span class='ocrx_word' id='word_1_277' title='bbox 856 3612 927 3678; x_wconf 91' lang='lat' dir='ltr'><strong>iam</strong></span> <span class='ocrx_word' id='word_1_278' title='bbox 940 3634 1021 3679; x_wconf 91' lang='lat' dir='ltr'><strong>vero</strong></span> <span class='ocrx_word' id='word_1_279' title='bbox 1037 3611 1133 3702; x_wconf 89' lang='lat' dir='ltr'><strong>prius</strong></span> <span class='ocrx_word' id='word_1_280' title='bbox 1148 3618 1261 3692; x_wconf 88' lang='lat' dir='ltr'><strong>curat,</strong></span> <span class='ocrx_word' id='word_1_281' title='bbox 1279 3616 1319 3680; x_wconf 90' lang='lat' dir='ltr'><strong>ut</strong></span> <span class='ocrx_word' id='word_1_282' title='bbox 1343 3610 1526 3702; x_wconf 88' lang='lat' dir='ltr'><strong>penuriam</strong></span> <span class='ocrx_word' id='word_1_283' title='bbox 1548 3611 1711 3680; x_wconf 90' lang='lat' dir='ltr'><strong>confitea-</strong></span> 
     </span>
     <span class='ocr_line' id='line_1_30' title="bbox 384 3716 1712 3808; baseline 0.003 -25"><span class='ocrx_word' id='word_1_284' title='bbox 384 3725 453 3800; x_wconf 88' lang='lat' dir='ltr'><strong>tur,</strong></span> <span class='ocrx_word' id='word_1_285' title='bbox 465 3726 501 3784; x_wconf 89' lang='lat' dir='ltr'><strong>ut</strong></span> <span class='ocrx_word' id='word_1_286' title='bbox 516 3718 597 3786; x_wconf 92' lang='lat' dir='ltr'><strong>hinc</strong></span> <span class='ocrx_word' id='word_1_287' title='bbox 609 3718 718 3786; x_wconf 92' lang='lat' dir='ltr'><strong>maius</strong></span> <span class='ocrx_word' id='word_1_288' title='bbox 726 3716 791 3808; x_wconf 92' lang='lat' dir='ltr'><strong>ipsi</strong></span> <span class='ocrx_word' id='word_1_289' title='bbox 804 3718 964 3786; x_wconf 85' lang='lat' dir='ltr'><strong>videatur</strong></span> <span class='ocrx_word' id='word_1_290' title='bbox 975 3718 1184 3787; x_wconf 90' lang='lat' dir='ltr'><strong>miraculum</strong></span> <span class='ocrx_word' id='word_1_291' title='bbox 1197 3747 1214 3781; x_wconf 89' lang='grc'>»</span> <span class='ocrx_word' id='word_1_292' title='bbox 1229 3717 1352 3805; x_wconf 62' lang='lat' dir='ltr'><strong>(cte).</strong></span> <span class='ocrx_word' id='word_1_293' title='bbox 1368 3724 1440 3799; x_wconf 81' lang='lat' dir='ltr'><strong>Qua</strong></span> <span class='ocrx_word' id='word_1_294' title='bbox 1453 3718 1496 3786; x_wconf 92' lang='lat' dir='ltr'><strong>de</strong></span> <span class='ocrx_word' id='word_1_295' title='bbox 1509 3741 1612 3787; x_wconf 89' lang='lat' dir='ltr'><strong>causa</strong></span> <span class='ocrx_word' id='word_1_296' title='bbox 1623 3724 1712 3787; x_wconf 89' lang='lat' dir='ltr'><strong>lesus</strong></span> 
     </span>
     <span class='ocr_line' id='line_1_31' title="bbox 384 3823 1709 3918; baseline 0.001 -27"><span class='ocrx_word' id='word_1_297' title='bbox 384 3826 433 3892; x_wconf 91' lang='lat' dir='ltr'><strong>ita</strong></span> <span class='ocrx_word' id='word_1_298' title='bbox 451 3830 533 3912; x_wconf 80' lang='lat' dir='ltr'><strong>agat</strong></span> <span class='ocrx_word' id='word_1_299' title='bbox 547 3825 729 3915; x_wconf 85' lang='lat' dir='ltr'><strong>exponitur</strong></span> <span class='ocrx_word' id='word_1_300' title='bbox 740 3848 773 3892; x_wconf 87' lang='lat' dir='ltr'><strong>v.</strong></span> <span class='ocrx_word' id='word_1_301' title='bbox 789 3831 809 3892; x_wconf 87' lang='grc'><strong>6</strong></span> <span class='ocrx_word' id='word_1_302' title='bbox 829 3823 891 3892; x_wconf 78' lang='lat' dir='ltr'><strong>hoc</strong></span> <span class='ocrx_word' id='word_1_303' title='bbox 909 3837 1026 3893; x_wconf 80' lang='lat' dir='ltr'><strong>autem</strong></span> <span class='ocrx_word' id='word_1_304' title='bbox 1041 3825 1177 3918; x_wconf 84' lang='lat' dir='ltr'><strong>dicebat</strong></span> <span class='ocrx_word' id='word_1_305' title='bbox 1204 3838 1340 3893; x_wconf 81' lang='lat' dir='ltr'><strong>tentans</strong></span> <span class='ocrx_word' id='word_1_306' title='bbox 1357 3825 1585 3913; x_wconf 83' lang='lat' dir='ltr'><strong>eum;eadem</strong></span> <span class='ocrx_word' id='word_1_307' title='bbox 1596 3830 1709 3893; x_wconf 92' lang='lat' dir='ltr'><strong>mente</strong></span> 
     </span>
     <span class='ocr_line' id='line_1_32' title="bbox 386 3930 1709 4021; baseline 0.002 -24"><span class='ocrx_word' id='word_1_308' title='bbox 386 3931 470 3998; x_wconf 87' lang='lat' dir='ltr'><strong>dicit</strong></span> <span class='ocrx_word' id='word_1_309' title='bbox 479 3930 773 4021; x_wconf 85' lang='lat' dir='ltr'><strong>apudsynopticos</strong></span> <span class='ocrx_word' id='word_1_310' title='bbox 789 3955 798 3998; x_wconf 74' lang='grc' dir='ltr'>ι</span> <span class='ocrx_word' id='word_1_311' title='bbox 815 3931 895 4000; x_wconf 88' lang='lat' dir='ltr'><strong>date</strong></span> <span class='ocrx_word' id='word_1_312' title='bbox 902 3931 970 3999; x_wconf 91' lang='lat' dir='ltr'><strong>illis</strong></span> <span class='ocrx_word' id='word_1_313' title='bbox 980 3954 1040 3999; x_wconf 91' lang='lat' dir='ltr'><strong>vos</strong></span> <span class='ocrx_word' id='word_1_314' title='bbox 1049 3930 1272 3999; x_wconf 89' lang='lat' dir='ltr'><strong>manducare.</strong></span> <span class='ocrx_word' id='word_1_315' title='bbox 1285 3932 1363 4000; x_wconf 89' lang='lat' dir='ltr'><strong>Vult</strong></span> <span class='ocrx_word' id='word_1_316' title='bbox 1375 3931 1596 4000; x_wconf 88' lang='lat' dir='ltr'><strong>enimcorum</strong></span> <span class='ocrx_word' id='word_1_317' title='bbox 1604 3932 1709 4000; x_wconf 89' lang='lat' dir='ltr'><strong>fidem</strong></span> 
     </span>
     <span class='ocr_line' id='line_1_33' title="bbox 387 4038 1710 4130; baseline 0.002 -25"><span class='ocrx_word' id='word_1_318' title='bbox 387 4059 589 4128; x_wconf 79' lang='lat' dir='ltr'><strong>provocare3</strong></span> <span class='ocrx_word' id='word_1_319' title='bbox 608 4064 625 4124; x_wconf 65' lang='grc' dir='ltr'><strong>ις</strong></span> <span class='ocrx_word' id='word_1_320' title='bbox 639 4038 781 4126; x_wconf 90' lang='lat' dir='ltr'><strong>provida</strong></span> <span class='ocrx_word' id='word_1_321' title='bbox 793 4038 1047 4129; x_wconf 89' lang='lat' dir='ltr'><strong>dispensatione</strong></span> <span class='ocrx_word' id='word_1_322' title='bbox 1061 4038 1162 4121; x_wconf 87' lang='lat' dir='ltr'><strong>facit,</strong></span> <span class='ocrx_word' id='word_1_323' title='bbox 1181 4044 1220 4105; x_wconf 89' lang='lat' dir='ltr'><strong>ut</strong></span> <span class='ocrx_word' id='word_1_324' title='bbox 1231 4038 1410 4130; x_wconf 92' lang='lat' dir='ltr'><strong>Philippus</strong></span> <span class='ocrx_word' id='word_1_325' title='bbox 1423 4038 1619 4107; x_wconf 86' lang='lat' dir='ltr'><strong>tarditatem</strong></span> <span class='ocrx_word' id='word_1_326' title='bbox 1630 4061 1710 4107; x_wconf 90' lang='lat' dir='ltr'><strong>suae</strong></span> 
     </span>
     <span class='ocr_line' id='line_1_34' title="bbox 386 4144 1709 4236; baseline 0 -24"><span class='ocrx_word' id='word_1_327' title='bbox 386 4145 467 4212; x_wconf 89' lang='lat' dir='ltr'><strong>tidei</strong></span> <span class='ocrx_word' id='word_1_328' title='bbox 489 4165 593 4235; x_wconf 91' lang='lat' dir='ltr'><strong>quam</strong></span> <span class='ocrx_word' id='word_1_329' title='bbox 615 4146 780 4232; x_wconf 79' lang='lat' dir='ltr'><strong>magistro</strong></span> <span class='ocrx_word' id='word_1_330' title='bbox 799 4145 927 4214; x_wconf 90' lang='lat' dir='ltr'><strong>sciente</strong></span> <span class='ocrx_word' id='word_1_331' title='bbox 947 4147 1021 4236; x_wconf 90' lang='lat' dir='ltr'><strong>ipse</strong></span> <span class='ocrx_word' id='word_1_332' title='bbox 1040 4144 1230 4228; x_wconf 88' lang='lat' dir='ltr'><strong>nesciebat,</strong></span> <span class='ocrx_word' id='word_1_333' title='bbox 1255 4149 1404 4214; x_wconf 87' lang='lat' dir='ltr'><strong>tentatus</strong></span> <span class='ocrx_word' id='word_1_334' title='bbox 1422 4154 1584 4235; x_wconf 80' lang='lat' dir='ltr'><strong>agnoscat</strong></span> <span class='ocrx_word' id='word_1_335' title='bbox 1600 4151 1633 4213; x_wconf 91' lang='lat' dir='ltr'><strong>et</strong></span> <span class='ocrx_word' id='word_1_336' title='bbox 1646 4147 1709 4212; x_wconf 93' lang='lat' dir='ltr'><strong>mi-</strong></span> 
     </span>
     <span class='ocr_line' id='line_1_35' title="bbox 387 4250 1710 4343; baseline -0.001 -24"><span class='ocrx_word' id='word_1_337' title='bbox 387 4252 505 4319; x_wconf 89' lang='lat' dir='ltr'><strong>raculo</strong></span> <span class='ocrx_word' id='word_1_338' title='bbox 526 4253 614 4319; x_wconf 88' lang='lat' dir='ltr'><strong>lacto</strong></span> <span class='ocrx_word' id='word_1_339' title='bbox 639 4250 781 4338; x_wconf 81' lang='lat' dir='ltr'><strong>castiget</strong></span> <span class='ocrx_word' id='word_1_340' title='bbox 806 4281 822 4314; x_wconf 90' lang='lat'>»</span> <span class='ocrx_word' id='word_1_341' title='bbox 848 4252 989 4343; x_wconf 86' lang='lat' dir='ltr'><strong>(Bedc);</strong></span> <span class='ocrx_word' id='word_1_342' title='bbox 1004 4257 1113 4319; x_wconf 90' lang='lat' dir='ltr'><strong>tentat</strong></span> <span class='ocrx_word' id='word_1_343' title='bbox 1130 4273 1208 4319; x_wconf 91' lang='lat' dir='ltr'><strong>eum</strong></span> <span class='ocrx_word' id='word_1_344' title='bbox 1226 4252 1299 4320; x_wconf 90' lang='lat' dir='ltr'><strong>scil.</strong></span> <span class='ocrx_word' id='word_1_345' title='bbox 1324 4253 1439 4320; x_wconf 89' lang='lat' dir='ltr'><strong>volens</strong></span> <span class='ocrx_word' id='word_1_346' title='bbox 1459 4259 1577 4320; x_wconf 90' lang='lat' dir='ltr'><strong>notam</strong></span> <span class='ocrx_word' id='word_1_347' title='bbox 1598 4252 1710 4319; x_wconf 90' lang='lat' dir='ltr'><strong>facere</strong></span> 
     </span>
     <span class='ocr_line' id='line_1_36' title="bbox 385 4357 1709 4449; baseline -0.001 -23"><span class='ocrx_word' id='word_1_348' title='bbox 385 4359 490 4426; x_wconf 86' lang='lat' dir='ltr'><strong>fidem</strong></span> <span class='ocrx_word' id='word_1_349' title='bbox 507 4361 579 4426; x_wconf 90' lang='lat' dir='ltr'><strong>cius</strong></span> <span class='ocrx_word' id='word_1_350' title='bbox 594 4357 786 4449; x_wconf 57' lang='lat' dir='ltr'><strong>(Themi),</strong></span> <span class='ocrx_word' id='word_1_351' title='bbox 802 4365 841 4426; x_wconf 93' lang='lat' dir='ltr'><strong>ut</strong></span> <span class='ocrx_word' id='word_1_352' title='bbox 858 4359 1018 4426; x_wconf 88' lang='lat' dir='ltr'><strong>videlicet</strong></span> <span class='ocrx_word' id='word_1_353' title='bbox 1037 4357 1307 4428; x_wconf 84' lang='lat' dir='ltr'><strong>imbecillitatem</strong></span> <span class='ocrx_word' id='word_1_354' title='bbox 1325 4360 1398 4427; x_wconf 89' lang='lat' dir='ltr'><strong>eius</strong></span> <span class='ocrx_word' id='word_1_355' title='bbox 1414 4364 1553 4445; x_wconf 83' lang='lat' dir='ltr'><strong>arguat,</strong></span> <span class='ocrx_word' id='word_1_356' title='bbox 1574 4363 1612 4425; x_wconf 93' lang='lat' dir='ltr'><strong>ut</strong></span> <span class='ocrx_word' id='word_1_357' title='bbox 1636 4357 1709 4447; x_wconf 90' lang='lat' dir='ltr'><strong>ipse</strong></span> 
     </span>
     <span class='ocr_line' id='line_1_37' title="bbox 385 4462 1705 4556; baseline -0.002 -22"><span class='ocrx_word' id='word_1_358' title='bbox 385 4465 564 4555; x_wconf 91' lang='lat' dir='ltr'><strong>Philippus</strong></span> <span class='ocrx_word' id='word_1_359' title='bbox 585 4489 620 4533; x_wconf 91' lang='lat' dir='ltr'><strong>se</strong></span> <span class='ocrx_word' id='word_1_360' title='bbox 640 4471 759 4533; x_wconf 89' lang='lat' dir='ltr'><strong>noscat</strong></span> <span class='ocrx_word' id='word_1_361' title='bbox 779 4473 813 4532; x_wconf 91' lang='lat' dir='ltr'><strong>et</strong></span> <span class='ocrx_word' id='word_1_362' title='bbox 837 4466 921 4556; x_wconf 93' lang='lat' dir='ltr'><strong>quid</strong></span> <span class='ocrx_word' id='word_1_363' title='bbox 943 4467 1068 4533; x_wconf 91' lang='lat' dir='ltr'><strong>sentiat</strong></span> <span class='ocrx_word' id='word_1_364' title='bbox 1090 4465 1231 4555; x_wconf 86' lang='lat' dir='ltr'><strong>pandat.</strong></span> <span class='ocrx_word' id='word_1_365' title='bbox 1253 4472 1354 4546; x_wconf 91' lang='lat' dir='ltr'><strong>Nam,</strong></span> <span class='ocrx_word' id='word_1_366' title='bbox 1377 4471 1416 4534; x_wconf 93' lang='lat' dir='ltr'><strong>ut</strong></span> <span class='ocrx_word' id='word_1_367' title='bbox 1439 4467 1524 4533; x_wconf 84' lang='lat' dir='ltr'><strong>Bon.</strong></span> <span class='ocrx_word' id='word_1_368' title='bbox 1541 4462 1705 4546; x_wconf 89' lang='lat' dir='ltr'><strong>advertit,</strong></span> 
     </span>
     <span class='ocr_line' id='line_1_38' title="bbox 384 4571 1707 4663; baseline 0.001 -24"><span class='ocrx_word' id='word_1_369' title='bbox 384 4573 528 4640; x_wconf 90' lang='lat' dir='ltr'><strong>tentatio</strong></span> <span class='ocrx_word' id='word_1_370' title='bbox 544 4575 695 4661; x_wconf 88' lang='lat' dir='ltr'><strong>probans</strong></span> <span class='ocrx_word' id='word_1_371' title='bbox 712 4573 787 4640; x_wconf 89' lang='lat' dir='ltr'><strong>fieri</strong></span> <span class='ocrx_word' id='word_1_372' title='bbox 804 4579 931 4661; x_wconf 89' lang='lat' dir='ltr'><strong>potest,</strong></span> <span class='ocrx_word' id='word_1_373' title='bbox 951 4579 990 4640; x_wconf 92' lang='lat' dir='ltr'><strong>ut</strong></span> <span class='ocrx_word' id='word_1_374' title='bbox 1011 4573 1200 4641; x_wconf 90' lang='lat' dir='ltr'><strong>innotescat</strong></span> <span class='ocrx_word' id='word_1_375' title='bbox 1222 4571 1399 4663; x_wconf 90' lang='lat' dir='ltr'><strong>probanti,</strong></span> <span class='ocrx_word' id='word_1_376' title='bbox 1417 4577 1477 4639; x_wconf 90' lang='lat' dir='ltr'><strong>aut</strong></span> <span class='ocrx_word' id='word_1_377' title='bbox 1491 4571 1580 4652; x_wconf 91' lang='lat' dir='ltr'><strong>aliis,</strong></span> <span class='ocrx_word' id='word_1_378' title='bbox 1595 4576 1654 4638; x_wconf 93' lang='lat' dir='ltr'><strong>aut</strong></span> <span class='ocrx_word' id='word_1_379' title='bbox 1668 4578 1707 4640; x_wconf 90' lang='lat' dir='ltr'><strong>ut</strong></span> 
     </span>
     <span class='ocr_line' id='line_1_39' title="bbox 386 4677 1703 4771; baseline 0.002 -26"><span class='ocrx_word' id='word_1_380' title='bbox 386 4681 576 4747; x_wconf 90' lang='lat' dir='ltr'><strong>innotescat</strong></span> <span class='ocrx_word' id='word_1_381' title='bbox 590 4685 737 4748; x_wconf 90' lang='lat' dir='ltr'><strong>tentatus</strong></span> <span class='ocrx_word' id='word_1_382' title='bbox 748 4677 815 4746; x_wconf 86' lang='lat' dir='ltr'><strong>sibi</strong></span> <span class='ocrx_word' id='word_1_383' title='bbox 827 4678 909 4769; x_wconf 69' lang='lat' dir='ltr'><strong>ipsi,</strong></span> <span class='ocrx_word' id='word_1_384' title='bbox 931 4679 1046 4771; x_wconf 92' lang='lat' dir='ltr'><strong>primo</strong></span> <span class='ocrx_word' id='word_1_385' title='bbox 1061 4680 1163 4748; x_wconf 88' lang='lat' dir='ltr'><strong>modo</strong></span> <span class='ocrx_word' id='word_1_386' title='bbox 1177 4701 1246 4748; x_wconf 93' lang='lat' dir='ltr'><strong>nou</strong></span> <span class='ocrx_word' id='word_1_387' title='bbox 1259 4683 1369 4745; x_wconf 90' lang='lat' dir='ltr'><strong>tentat</strong></span> <span class='ocrx_word' id='word_1_388' title='bbox 1388 4682 1489 4759; x_wconf 83' lang='lat' dir='ltr'><strong>Deus,</strong></span> <span class='ocrx_word' id='word_1_389' title='bbox 1507 4677 1566 4744; x_wconf 88' lang='lat' dir='ltr'><strong>sed</strong></span> <span class='ocrx_word' id='word_1_390' title='bbox 1584 4678 1703 4749; x_wconf 88' lang='lat' dir='ltr'><strong>homo:</strong></span> 
     </span>
     <span class='ocr_line' id='line_1_40' title="bbox 385 4784 1706 4878; baseline 0.001 -26"><span class='ocrx_word' id='word_1_391' title='bbox 385 4786 492 4854; x_wconf 87' lang='lat' dir='ltr'><strong>altero</strong></span> <span class='ocrx_word' id='word_1_392' title='bbox 506 4785 607 4853; x_wconf 93' lang='lat' dir='ltr'><strong>modo</strong></span> <span class='ocrx_word' id='word_1_393' title='bbox 618 4791 728 4854; x_wconf 88' lang='lat' dir='ltr'><strong>tentat</strong></span> <span class='ocrx_word' id='word_1_394' title='bbox 746 4792 833 4855; x_wconf 82' lang='lat' dir='ltr'><strong>[teus</strong></span> <span class='ocrx_word' id='word_1_395' title='bbox 850 4785 964 4853; x_wconf 88' lang='lat' dir='ltr'><strong>virum</strong></span> <span class='ocrx_word' id='word_1_396' title='bbox 984 4785 1175 4878; x_wconf 85' lang='lat' dir='ltr'><strong>perlectum</strong></span> <span class='ocrx_word' id='word_1_397' title='bbox 1192 4786 1237 4854; x_wconf 89' lang='lat' dir='ltr'><strong>ad</strong></span> <span class='ocrx_word' id='word_1_398' title='bbox 1251 4785 1465 4875; x_wconf 73' lang='lat' dir='ltr'><strong>exemplum,</strong></span> <span class='ocrx_word' id='word_1_399' title='bbox 1482 4784 1583 4852; x_wconf 91' lang='lat' dir='ltr'><strong>tertio</strong></span> <span class='ocrx_word' id='word_1_400' title='bbox 1597 4791 1706 4853; x_wconf 89' lang='lat' dir='ltr'><strong>tentat</strong></span> 
     </span>
     <span class='ocr_line' id='line_1_41' title="bbox 382 4890 1703 4984; baseline 0.001 -25"><span class='ocrx_word' id='word_1_401' title='bbox 382 4892 623 4982; x_wconf 77' lang='lat' dir='ltr'><strong>imperfectum</strong></span> <span class='ocrx_word' id='word_1_402' title='bbox 639 4892 683 4960; x_wconf 90' lang='lat' dir='ltr'><strong>ad</strong></span> <span class='ocrx_word' id='word_1_403' title='bbox 698 4890 902 4961; x_wconf 86' lang='lat' dir='ltr'><strong>humilitatis</strong></span> <span class='ocrx_word' id='word_1_404' title='bbox 911 4893 1091 4977; x_wconf 87' lang='lat' dir='ltr'><strong>meritum,</strong></span> <span class='ocrx_word' id='word_1_405' title='bbox 1105 4893 1187 4984; x_wconf 94' lang='lat' dir='ltr'><strong>quia</strong></span> <span class='ocrx_word' id='word_1_406' title='bbox 1198 4891 1525 4974; x_wconf 91' lang='lat' dir='ltr'><strong>homohumiliatur,</strong></span> <span class='ocrx_word' id='word_1_407' title='bbox 1539 4891 1621 4959; x_wconf 91' lang='lat' dir='ltr'><strong>dum</strong></span> <span class='ocrx_word' id='word_1_408' title='bbox 1637 4892 1703 4960; x_wconf 89' lang='lat' dir='ltr'><strong>sibi</strong></span> 
     </span>
    </p>
   </div>
   <div class='ocr_carea' id='block_1_4' title="bbox 0 0 2030 5648">
    <p class='ocr_par' dir='ltr' id='par_1_5' title="bbox 0 0 2030 5648">
     <span class='ocr_line' id='line_1_42' title="bbox 0 0 2030 5648; baseline 0 5"><span class='ocrx_word' id='word_1_409' title='bbox 0 0 2030 5648; x_wconf 95' lang='lat' dir='ltr'><strong> </strong></span> 
     </span>
    </p>
   </div>
  </div>
 </body>
</html>
