4050 5648
328 441 408 544 sssso
666 463 670 470 ’
900 496 984 541 mu.
1007 436 1122 556 rsa-a.

345 633 533 722 pharisaeis
556 637 580 703 i.
602 660 633 704 e.
654 658 675 701 a
704 630 903 718 synedristis
928 630 983 719 (ct.
1015 633 1126 700 ttatth.
1146 635 1264 710 26,t7;
1283 635 1380 696 ltarc.
1406 637 1504 713 tata
1526 637 1672 717 utroque

345 739 419 808 loco
440 745 543 810 etiam
568 741 717 808 seniores
738 739 858 829 populi
878 736 1111 823 nominantur)
1129 739 1220 804 missi
1234 742 1312 803 sunt
1326 736 1476 804 ministri
1496 734 1671 826 synedrii,

343 851 571 939 apparitores,
589 867 734 933 quorum
755 853 827 913 erat
846 849 955 913 lesum
971 854 1111 936 captum
1127 851 1160 910 et
1175 867 1195 911 a
1214 843 1399 923 militibus,
1416 844 1444 908 si
1465 867 1550 933 opus
1568 849 1671 921 esset,

343 956 549 1024 custoditum
577 957 609 1016 et
639 951 833 1030 defensum,
861 951 905 1017 ad
931 953 1136 1041 synedristas
1160 950 1341 1018 adducere.
1372 948 1428 1015 lsti
1453 951 1601 1018 ministri
1621 950 1675 1015 iu-

343 1064 452 1130 stibus
472 1057 598 1148 partim
625 1059 749 1125 armati
773 1065 875 1125 erant
901 1058 1027 1146 (ttatth.
1055 1063 1174 1137 ao,55;
1196 1062 1293 1124 Marc.
1319 1061 1434 1138 rt‚ta;
1455 1060 1533 1121 Luc.
1556 1056 1674 1145 2252)

345 1167 470 1259 partim
506 1166 673 1249 gerebant
706 1167 874 1239 laternas,
914 1173 1094 1250 λαμπάδας,
1127 1186 1208 1232 vasa
1240 1186 1329 1256 quae
1363 1162 1473 1231 lucem
1505 1163 1673 1245 velatam,

347 1280 619 1361 transparentem
637 1273 832 1349 continent,
856 1278 889 1336 ct
910 1272 1015 1352 taces,
1042 1281 1167 1358 φανούς,
1193 1270 1323 1339 taedas.
1349 1275 1428 1337 Erat
1450 1270 1588 1360 quidem
1605 1269 1676 1359 ple-

347 1377 537 1457 nilunium,
562 1386 598 1445 at
618 1400 746 1465 magna
768 1379 928 1443 cautione
947 1385 980 1444 et
999 1377 1303 1465 circumspectione
1317 1398 1390 1445 rem
1407 1375 1672 1463 aggrediuntur.

348 1483 384 1551 Si
403 1484 489 1551 forte
515 1486 624 1552 nubes
645 1484 763 1551 lunam
782 1483 992 1551 occultarent
1010 1484 1064 1551 vel
1084 1483 1119 1549 in
1138 1483 1211 1572 ipso
1232 1484 1334 1549 horto
1359 1487 1451 1550 lesus
1466 1488 1500 1549 et
1516 1482 1677 1572 discipuli

347 1591 384 1657 in
406 1590 556 1658 latibulis
584 1612 657 1657 sese
680 1589 948 1672 absconderent,
974 1591 1062 1657 laces
1084 1612 1197 1657 seeum
1222 1589 1337 1656 lerunt
1357 1594 1390 1656 et
1410 1610 1453 1655 ne
1472 1590 1561 1657 torte
1575 1594 1677 1654 vento

347 1696 481 1764 lumina
513 1697 824 1782 exstinguerentur,
855 1696 961 1762 etiam
991 1698 1137 1763 laternas
1162 1702 1299 1782 gerunt.
1333 1695 1449 1761 Milites
1479 1696 1548 1762 suis
1572 1696 1678 1768 armis

346 1803 511 1871 incedunt
529 1804 697 1868 instructi.
724 1802 922 1869 ttentionem
947 1802 1095 1869 militum
1120 1803 1288 1892 synoptici
1314 1823 1450 1891 quoque
1469 1800 1596 1888 gladiis
1616 1824 1678 1870 no-

347 1909 486 1977 minatis
501 1909 685 1995 ingerunt;
707 1917 867 1976 accurate
884 1909 918 1976 id
936 1914 1077 1976 loannes
1092 1915 1219 1976 narrat.

391 2017 495 2084 tudae
515 2016 685 2096 osculum,
708 2038 747 2082 ex
774 2016 958 2105 synopticis
982 2024 1118 2098 notum,
1143 2017 1198 2082 bic
1222 2015 1401 2082 omittitur,
1426 2019 1493 2081 Hoc
1513 2014 1678 2104 proditio-

348 2123 400 2191 nis
413 2123 513 2210 signo
528 2122 610 2188 dato
626 2123 700 2188 vult
714 2127 804 2189 lesus
819 2129 856 2188 ut
874 2123 926 2189 illi
941 2124 1001 2213 qui
1017 2130 1195 2204 venerant,
1213 2122 1308 2188 inter
1321 2144 1407 2211 quos
1421 2127 1519 2188 erant
1539 2142 1678 2210 quoque

348 2230 522 2320 principes
539 2229 755 2295 sacerdotum
779 2237 812 2296 et
834 2230 1052 2317 magistratus
1072 2229 1191 2319 templi
1208 2234 1243 2295 et
1260 2228 1408 2295 seniores
1429 2227 1520 2316 (Luc.
1538 2229 1675 2315 2252),

282 2352 285 2355 ·
349 2336 464 2429 palam
485 2336 712 2425 profiteantur
732 2358 836 2425 quom
859 2343 1027 2426 quaerant
1042 2343 1075 2403 et
1092 2336 1214 2403 Christi
1230 2336 1449 2425 experiantur
1468 2335 1675 2425 potentiam,

350 2466 390 2510 es
404 2465 472 2532 qua
491 2449 524 2508 et
540 2442 623 2532 ipsis
638 2450 670 2508 et
691 2444 850 2510 omnibus
869 2445 1095 2511 innotesceret
1111 2449 1219 2510 lesum
1235 2465 1269 2509 se
1283 2443 1418 2510 tradere
1437 2441 1629 2509 voluntarie
1646 2445 1680 2507 et

352 2556 471 2639 sponte
491 2571 522 2615 ν.
549 2555 568 2616 t
594 2551 685 2616 Iesus
710 2550 826 2639 itaque
849 2551 957 2617 sciens
976 2551 1093 2617 omnia
1112 2573 1199 2639 qrtae
1215 2562 1358 2616 uenturo
1376 2561 1474 2616 erant
1488 2571 1590 2637 super
1603 2570 1679 2614 erun

352 2656 409 2746 (cl.
436 2662 532 2737 2,25;
570 2658 681 2740 13,3),
716 2657 898 2744 processit,
934 2663 1080 2741 ἐξῆλθεν,
1107 2660 1221 2723 Noarr.
1256 2676 1350 2740 κῆπον
1377 2661 1481 2738 ἐάσας,
1515 2677 1554 2721 ex
1579 2656 1679 2721 horto

351 2785 506 2850 egressus
532 2769 581 2829 est
610 2763 758 2851 (scta),
786 2787 897 2854 neque
925 2771 1040 2831 tamen
1065 2765 1097 2829 id
1128 2763 1356 2831 necessarium
1385 2768 1435 2829 est
1455 2762 1513 2851 (cl.
1545 2785 1576 2829 v.
1603 2764 1677 2848 26),

352 2868 492 2944 sufficit,
514 2877 553 2936 ut
567 2891 724 2956 egressus
739 2893 756 2936 e
772 2871 862 2951 loco,
887 2870 945 2937 ubi
967 2870 1084 2938 aluda
1102 2877 1153 2938 est
1168 2871 1348 2949 salutatus,
1370 2869 1410 2935 iis
1424 2869 1561 2935 obviam
1582 2868 1677 2947 ierit,

351 2997 436 3065 quos
451 2984 527 3064 post
538 2998 573 3041 se
589 2976 687 3042 ludas
700 2977 839 3066 reliquit
854 3000 1035 3044 occurrens
1046 2979 1197 3056 Domino,
1216 2990 1248 3044 et
1263 2975 1354 3042 dixit
1369 2977 1417 3041 eis
1431 2997 1444 3040 .·
1459 2998 1559 3065 quem
1576 2996 1680 3064 quoe·

350 3081 451 3148 ritis?
465 3084 656 3168 interrogat
676 3105 733 3149 eos
760 3083 819 3171 qui
845 3105 971 3169 agmen
987 3083 1171 3160 ducebant,
1190 3083 1261 3150 scil.
1285 3081 1458 3150 ministros
1472 3081 1680 3169 synedrista-

352 3211 447 3271 rum,
472 3188 677 3277 quibuscum
703 3191 808 3283 etiam
834 3190 1046 3277 synedristae
1061 3189 1168 3279 aliqui
1186 3189 1327 3255 admixti
1344 3195 1458 3266 erant,
1486 3188 1610 3255 milites
1624 3210 1681 3255 so·

353 3297 422 3362 lum
448 3296 491 3362 ad
524 3295 713 3362 custodiam
746 3298 916 3363 cautionis
945 3319 1046 3364 causa
1069 3296 1177 3362 additi
1201 3318 1328 3383 agmen
1351 3294 1574 3371 claudebant;
1601 3318 1633 3361 v.
1661 3302 1681 3362 5

352 3399 599 3490 responderunt
618 3401 651 3468 ei
666 3401 717 3466 illi
737 3401 868 3491 priores
893 3426 901 3467 :
922 3404 1032 3469 lesum
1054 3407 1270 3469 Nazarenam
1280 3425 1293 3486 ;
1315 3401 1400 3468 dicit
1419 3403 1465 3468 eis
1484 3403 1577 3468 lesus
1590 3423 1603 3465 .·
1618 3423 1680 3490 eqo

353 3528 452 3590 sarm
471 3530 511 3574 ex
532 3530 601 3597 qua
623 3509 826 3596 quaestione
851 3519 885 3575 et
907 3511 1123 3598 responsione
1150 3515 1280 3576 veteres
1307 3508 1413 3597 aliqui
1439 3507 1682 3574 concluserunt

354 3636 411 3681 eos
432 3613 597 3680 divinitus
618 3614 720 3680 luisse
749 3621 949 3682 excaecatos
967 3617 1015 3682 ita
1035 3623 1071 3682 ut
1092 3638 1208 3696 nemo,
1230 3638 1272 3682 ne
1293 3613 1392 3681 ludas
1411 3609 1570 3705 quidem,
1588 3601 1682 3681 Chri·

353 3727 443 3787 stum
459 3720 641 3816 agnoverit
656 3721 711 3807 (cl.
731 3720 808 3788 Chr.
828 3721 973 3812 theoph.
991 3723 1071 3811 Cpr.
1090 3723 1203 3789 Thom.
1223 3721 1292 3788 Tol.
1312 3720 1450 3807 Mala),
1468 3727 1503 3788 at
1518 3721 1553 3788 id
1570 3742 1680 3811 neque

354 3826 526 3893 indicatur
545 3827 580 3892 in
602 3828 799 3895 narratione
820 3851 930 3918 neque
949 3851 989 3895 ex
1011 3829 1157 3896 narratis
1172 3830 1346 3918 sequitur;
1370 3852 1407 3894 ex
1427 3827 1683 3918 apparitoribus

353 3938 403 4000 sat
420 3933 519 3999 multi
535 3934 675 4000 fortasse
693 3940 801 4001 lesum
820 3958 887 4002 non
903 3943 1154 4022 cognoverunt,
1170 3936 1322 4002 sciebant
1335 3936 1445 4003 solum
1465 3957 1543 4001 eum
1556 3934 1682 4000 debere

353 4039 620 4129 comprehendi,
645 4064 688 4107 ne
717 4041 825 4129 igitur
852 4050 1021 4122 errarent,
1044 4045 1143 4109 ludas
1164 4042 1251 4109 illud
1276 4042 1416 4109 dederat
1445 4041 1600 4127 signum;
1623 4039 1683 4106 sed

353 4146 435 4236 quia
460 4146 574 4227 ludas,
602 4155 639 4212 ut
671 4149 900 4237 proditionem
934 4171 1028 4217 suam
1058 4156 1224 4240 quantum
1254 4155 1368 4238 posset
1394 4149 1537 4230 velaret,
1563 4146 1683 4235 aliqua

353 4253 570 4320 festinatione
598 4263 812 4341 processerat
842 4253 1048 4324 salutaturus
1081 4262 1208 4336 lesum,
1239 4254 1339 4323 facile
1367 4255 1440 4320 lieri
1466 4261 1619 4344 poterat,
1647 4257 1683 4317 ut

354 4359 453 4426 multi
477 4381 544 4425 non
562 4361 652 4426 clarc
673 4361 823 4429 viderint
838 4385 938 4452 quem
960 4365 1096 4430 illorum
1116 4364 1175 4452 qui
1196 4363 1231 4428 in
1252 4364 1351 4428 horto
1366 4361 1499 4429 stabant
1513 4360 1683 4428 osculatus

354 4467 408 4533 sit.
429 4467 526 4532 ludas
537 4465 653 4532 osculo
670 4466 748 4535 dato
766 4492 844 4536 cum
859 4469 1187 4559 rcliquisdiscipulis
1199 4472 1310 4535 lesum
1325 4468 1529 4535 satellitibus
1545 4466 1682 4533 obviam

235 4665 236 4668 Ἴ
356 4580 495 4642 euntem
515 4573 698 4640 comitatus
722 4583 787 4655 est,
817 4579 928 4643 stabat
949 4589 1063 4643 aretem
1084 4589 1117 4643 et
1133 4574 1237 4642 ladas
1256 4577 1318 4667 qui
1341 4574 1495 4642 tradebat
1516 4595 1594 4640 eum
1607 4594 1682 4639 erun

357 4680 455 4771 ipsis,
477 4683 523 4747 ita
539 4681 662 4746 iterum
679 4704 785 4772 prope
799 4687 1012 4773 apparitores
1032 4688 1104 4750 erat
1118 4705 1204 4774 quos
1219 4685 1255 4750 in
1268 4683 1407 4749 hortum
1424 4680 1611 4747 adduxerat
1624 4680 1678 4767 (cl.

356 4787 470 4853 llattb.
495 4794 609 4868 addat.
631 4792 728 4854 tlarc.
756 4795 852 4869 lt,t5
871 4814 877 4858 ε
897 4796 974 4857 Luc.
995 4796 1096 4870 22,ss
1112 4813 1120 4859 :
1138 4790 1431 4858 antecedebateos
1447 4786 1681 4877 etappropin-

357 4894 476 4984 quavit
503 4894 607 4983 lesu);
628 4917 657 4960 r.
688 4901 707 4958 a
735 4907 770 4959 ut
792 4918 870 4986 erqo
890 4897 980 4964 (lixit
998 4897 1045 4964 eis
1061 4921 1073 4964 .·
1088 4920 1151 4988 eqo
1170 4920 1264 4980 sum,
1282 4895 1442 4964 adieramt
1454 4907 1635 4961 retrorsum
1650 4903 1681 4959 et
