4050 5648
198 636 226 665 ’.Ἃ
239 660 242 667 .

198 668 259 763 ⁹5²⁴?
275 696 278 705 ·
367 675 456 753 eius,
479 672 555 741 linis
569 677 604 743 in
619 701 671 760 se,
689 670 882 742 habebatur
895 673 954 762 qui
969 678 1020 739 est
1031 675 1108 745 finis
1123 672 1250 765 operis,
1272 671 1345 738 scil.
1363 677 1596 745 testimonium
1612 696 1694 767 per·

368 778 503 862 hibere,
520 782 597 850 finis
608 784 724 871 utique
739 786 906 862 remotus,
923 781 983 869 qui
997 784 1095 850 estin
1110 781 1236 860 alter'o,
1253 779 1334 846 linis
1348 779 1562 866 intentionis,
1579 781 1695 851 bomi-

212 876 218 900 ’“
243 901 246 908 ’
367 907 451 952 num
466 890 567 980 culpa
586 909 654 955 non
667 890 757 950 totus
773 886 911 955 effectus
925 891 986 952 est.

411 997 493 1063 Cum
504 990 665 1083 ,emphasi
683 992 849 1081 repetitur
863 1017 895 1058 v.
917 998 937 1057 8
952 1015 1021 1060 non
1035 1008 1108 1063 crat
1122 991 1182 1059 ille
1203 995 1263 1060 tur
1277 1005 1311 1063 τὸ
1326 1003 1403 1080 φῶς,
1418 995 1479 1061 sed
1491 1008 1530 1062 ut
1545 974 1694 1063 testimo-

365 1101 464 1168 nium
472 1099 665 1191 perbiberet
679 1097 721 1165 de
731 1098 877 1182 lumine,
894 1099 987 1167 venit
995 1101 1069 1170 scil.
1082 1122 1142 1168 seu
1157 1099 1279 1168 missus
1294 1106 1354 1168 est.
1374 1102 1441 1166 Cur
1455 1107 1525 1168 tam
1539 1102 1693 1188 graviter

364 1210 542 1276 asseritur:
555 1225 624 1269 non
634 1211 707 1273 erat
720 1207 776 1274 ille
785 1220 818 1276 rt
829 1217 905 1294 φῶς,
920 1204 957 1272 id
966 1208 1060 1296 quod
1071 1213 1183 1274 tamen
1195 1215 1271 1295 post
1282 1231 1314 1274 v.
1328 1212 1347 1273 t
1362 1205 1444 1273 satis
1455 1213 1530 1274 erat
1541 1208 1695 1276 clarum?

361 1320 498 1382 Veteres
519 1318 659 1380 monent
681 1313 923 1401 evangelistam
948 1335 1026 1381 cum
1043 1312 1156 1380 varios
1173 1313 1215 1380 de
1238 1308 1366 1385 Ioanne
1381 1334 1516 1403 sparsos
1537 1335 1694 1382 rumores

205 1417 233 1511 ‘i‘-
253 1471 254 1474 ,
361 1422 474 1486 nosset
493 1416 528 1481 id
548 1419 738 1486 necessario
756 1418 965 1486 subiunxisse
986 1419 1097 1510 (Gya.)
1118 1417 1163 1485 ad
1182 1419 1373 1487 tollendam
1390 1418 1633 1509 suspicionem,
1650 1442 1695 1487 ne

362 1523 441 1612 quis
462 1531 598 1613 putarat
619 1525 753 1615 aliquid
773 1525 856 1592 fidei
877 1526 992 1594 verbis
1014 1526 1148 1594 Domini
1166 1525 1212 1592 ab
1232 1548 1272 1593 eo
1288 1527 1372 1606 addi
1391 1527 1499 1615 (etr.)
1521 1530 1697 1593 etcontra

204 1595 248 1706 fif·
264 1641 271 1652 “
363 1631 561 1720 opinionem
579 1653 699 1699 corum
718 1633 777 1721 qui
793 1637 956 1699 loannem
972 1657 1034 1722 pro
1052 1634 1184 1700 Christo
1202 1632 1380 1700 habebant
1397 1636 1498 1724 (Rup.
1523 1635 1601 1700 Bar.
1622 1629 1693 1699 Tol.

213 1758 226 1803 r
238 1757 242 1766 ’
366 1738 442 1806 Coi.
460 1739 574 1828 Lep).
591 1742 702 1827 Atque
714 1759 754 1805 en
768 1738 1017 1807 recentioribus
1031 1760 1167 1830 quoquc
1185 1738 1364 1828 Liqbtsoot
1382 1740 1633 1828 (Dissertations
1649 1760 1696 1805 on

217 1852 225 1886 ·'
365 1847 420 1913 the
439 1843 605 1934 apostolic
617 1864 695 1930 age,
712 1846 851 1912 London
867 1850 965 1923 1892,
978 1870 1013 1936 p.
1029 1847 1107 1935 388)
1123 1853 1239 1912 censet
1251 1845 1398 1912 indicari
1411 1845 1605 1913 narratione
1620 1867 1697 1917 mo·-

198 1959 200 1967 ‘
247 2011 253 2020 .
357 1951 476 2038 doque
495 1949 662 2038 loquendi
680 1949 718 2016 in
737 1953 815 2020 Asia
830 1952 1066 2041 proconsulari
1079 1966 1220 2042 'sparsas
1241 1974 1314 2018 esse
1335 1951 1514 2041 opiniones
1535 1956 1698 2018 Hemero-

198 2054 202 2063 '
269 2101 274 2110 ·
361 2056 608 2144 baptistarum,
627 2057 733 2122 immo
747 2058 909 2126 exstitisse
927 2059 1096 2127 eiusmodi
1109 2064 1224 2126 coetus
1245 2060 1298 2143 (cl.
1323 2058 1428 2126 Clem.
1451 2063 1577 2145 Recog.
1602 2063 1693 2139 1,5t.

364 2170 482 2244 tuom
498 2166 610 2229 Const.
626 2170 736 2252 apost.
753 2170 822 2244 6,6.
840 2165 945 2233 Clam.
963 2166 1084 2232 llomil.
1102 2172 1199 2247 233,
1216 2165 1337 2233 Euseb.
1352 2164 1388 2231 b.
1407 2188 1437 2232 e.
1456 2173 1475 2234 t
1492 2171 1553 2248 22,
1569 2165 1694 2255 Epiph.

363 2272 458 2338 laer.
487 2277 581 2350 1r,1;
603 2273 650 2337 M.
675 2276 987 2361 1‚917.1naaseq.;
1006 2277 1460 2355 a,on;ao,aa1;a1,255-
1474 2271 1601 2362 quibus
1614 2254 1698 2339 addi

362 2383 474 2466 potest
493 2376 633 2463 Vigilius
652 2377 835 2468 tapsensis,
856 2400 887 2446 c.
906 2379 1065 2462 Arianos,
1080 2379 1205 2447 Sabell.
1226 2384 1322 2461 1303
1344 2381 1392 2446 Μ.
1412 2378 1563 2469 talto).
1584 2381 1696 2467 Atque

362 2489 435 2552 Act.
458 2490 533 2564 19,1
556 2485 680 2573 Ephesi
698 2484 823 2552 Paulus
841 2484 1026 2576 discipulos
1043 2487 1178 2554 loannis
1192 2486 1337 2566 invenit,
1354 2507 1467 2575 neque
1482 2492 1595 2552 tamen
1614 2483 1697 2551 inde

362 2591 542 2681 probabile
562 2597 612 2658 est
630 2597 813 2658 sectatores
829 2592 965 2659 loannis
984 2592 1115 2661 diutius
1132 2597 1257 2660 sectam
1278 2592 1454 2682 quandam
1468 2589 1694 2659 constituisse.
1713 2582 1716 2587 ’

232 2709 234 2711 ’
362 2697 537 2764 adnotant
549 2697 659 2763 solum
678 2700 800 2785 negari
818 2703 981 2766 loannem
997 2700 1100 2767 luisse
1115 2711 1148 2768 re
1166 2711 1243 2786 φῶς;
1260 2720 1369 2787 quare
1383 2698 1415 2766 ei
1429 2721 1497 2766 non
1514 2696 1606 2766 demi
1620 2697 1699 2764 lau·

361 2802 439 2869 dem
456 2802 552 2869 illam
566 2805 691 2870 sanctis
705 2804 866 2871 omnibus
880 2827 1115 2888 communem,
1133 2827 1236 2895 quam
1258 2801 1410 2873 Christus
1422 2813 1456 2873 et
1474 2804 1646 2893 apostolus
1661 2803 1698 2869 fi-

362 2909 499 2976 delibus
515 2909 667 2977 tribuant
686 2911 813 2995 (llattb.
829 2918 925 2991 5,1t;
942 2912 1026 3001 pr.
1040 2918 1115 2993 5,8;
1135 2914 1214 3000 Gyr.
1234 2911 1349 2978 Thom.
1365 2911 1439 2978 Gai.
1451 2909 1560 2977 Matri.
1579 2908 1696 2999 Lep).

406 3016 532 3083 Eadem
547 3016 678 3084 ratione
693 3039 763 3106 qua
778 3018 986 3107 praecedens
1000 3017 1035 3084 in
1052 3040 1085 3084 v.
1100 3017 1312 3086 8inductum
1327 3023 1378 3085 est
1392 3019 1585 3086 membrum
1601 3037 1696 3086 :non

363 3128 437 3189 erat
450 3122 510 3189 ille
530 3123 602 3203 lux,
623 3123 846 3210 subiungitur
861 3125 906 3191 ad
920 3124 1167 3191 excludendam
1180 3145 1320 3191 omnem
1334 3123 1588 3191 dubitationem
1602 3127 1637 3190 et
1651 3121 1698 3189 ad

198 3258 217 3279 =·
233 3269 240 3301 ,·
363 3228 517 3318 apertius
526 3228 783 3320 explicandum,
798 3230 973 3318 vquomodo
989 3235 1149 3297 loannem
1161 3230 1285 3297 dixerit
1293 3230 1503 3318 avangelista
1513 3252 1581 3297 non
1593 3229 1698 3296 fuisse

363 3335 475 3402 lucem
495 3334 584 3423 (Alb.
604 3334 675 3403 Tol.
693 3335 802 3424 lans.)
818 3358 851 3404 v.
870 3344 890 3404 9
909 3350 982 3403 erat
1002 3337 1064 3402 lua
1077 3357 1178 3419 oera,·
1191 3337 1266 3426 ipso
1287 3335 1391 3403 modo
1406 3336 1573 3425 loquendi
1585 3336 1698 3423 magis

363 3441 527 3530 explicari
542 3440 678 3508 videtur
692 3442 792 3508 illum
811 3464 879 3508 non
895 3443 997 3509 luisse
1010 3443 1123 3509 lucem
1141 3441 1297 3532 (dissid),
1318 3441 1410 3508 unde
1426 3441 1623 3509 declaratur
1640 3464 1698 3509 ac-

363 3548 530 3626 curatiuS,
544 3547 657 3636 qualis
671 3548 729 3613 lux
742 3547 890 3614 Verbum
905 3548 1007 3615 luerit
1022 3549 1154 3638 (timp),
1168 3548 1221 3615 vel
1236 3548 1350 3638 polius
1362 3547 1409 3615 ob
1424 3571 1456 3616 v.
1475 3555 1531 3616 tt
1552 3547 1699 3638 quaesit

363 3674 443 3720 vera
458 3652 518 3721 lux
537 3653 729 3721 bominum.
747 3654 860 3721 Alium
878 3676 1002 3722 nexum
1017 3655 1165 3723 adstruit
1176 3658 1286 3745 Aua,
1309 3653 1377 3721 dici
1393 3677 1484 3721 nunc
1498 3654 1541 3722 de
1561 3677 1629 3745 quo
1645 3656 1698 3723 lu·

233 3752 236 3755 ⁵
349 3761 456 3827 mine
471 3765 615 3827 loannes
636 3760 869 3828 testimonium
891 3762 1106 3852 perhibuerit
1122 3761 1245 3850 (Gai.);
1260 3768 1295 3828 at
1307 3784 1386 3828 cum
1405 3766 1546 3828 loannes
1565 3783 1638 3827 non
1653 3767 1699 3826 te-

363 3864 774 3933 stimoniumcxhibuerit
784 3868 828 3934 de
837 3866 880 3933 iis
889 3889 1018 3956 quaer.
1032 3875 1111 3935 alo
1122 3868 1353 3966 continentur,
1366 3867 1430 3934 iste
1441 3888 1548 3933 nexus
1562 3867 1699 3934 admitti

239 4001 240 4004 ¹
362 3972 496 4062 nequit.
517 3972 631 4038 Melius
649 3978 699 4038 est
719 3972 812 4062 quod
833 3972 928 4046 Beda
948 3972 1054 4040 habet
1073 3993 1081 4040 :
1103 3973 1336 4040 testimonium
1356 3972 1541 4063 perbibere
1561 3964 1700 4039 loannis

360 4084 452 4161 erat,
472 4078 620 4166 gratiam
640 4100 722 4145 vero
736 4080 822 4147 lucis
837 4079 1033 4169 pectoribus
1048 4079 1248 4161 infundere,
1264 4079 1358 4146 illins
1375 4080 1484 4146 solius
1497 4083 1548 4147 est
1567 4078 1611 4146 de
1628 4100 1699 4168 quo

362 4185 511 4253 dicitur:
530 4197 602 4251 erat
613 4184 676 4252 lun
690 4206 790 4270 vera;
799 4185 904 4254 simili
918 4185 1020 4252 modo
1034 4207 1157 4254 nexum
1170 4172 1389 4253 considerare
1405 4187 1540 4253 videtur
1557 4183 1699 4266 Tbom.;

363 4291 447 4360 dicit
461 4292 555 4360 enim
570 4292 606 4358 in
619 4315 652 4358 v.
669 4298 689 4358 9
704 4299 740 4359 et
761 4299 801 4359 10
816 4292 948 4361 adstrui
967 4293 1203 4360 necessitatem
1220 4293 1486 4374 lucarnationis,
1502 4293 1538 4358 in
1554 4315 1586 4358 v.
1608 4299 1648 4358 11
1667 4297 1701 4358 et

366 4404 407 4464 12
422 4400 495 4466 eius
510 4398 712 4481 utilitatem,
728 4399 764 4464 in
780 4422 812 4466 v.
833 4406 873 4468 1t
889 4401 961 4466 eius
976 4398 1135 4479 modum;
1157 4400 1207 4465 ita
1220 4421 1356 4488 quoque
1370 4398 1446 4466 Alb.
1465 4401 1550 4466 Bon.
1572 4397 1701 4465 Dicitur

362 4504 556 4572 voraturi.
575 4528 604 4573 e.
622 4507 794 4593 genuina,
811 4529 907 4588 vera,
926 4529 993 4573 non
1008 4505 1273 4596 participatione
1284 4507 1357 4587 lux,
1371 4505 1427 4573 sed
1442 4528 1505 4595 per
1519 4506 1698 4573 essentiam

365 4610 497 4700 (Thone.
510 4612 585 4679 Alo.
599 4617 680 4680 Bar.
693 4615 808 4702 Lep),
823 4636 912 4703 quae
922 4612 1069 4703 proinde
1080 4612 1183 4679 simul
1193 4619 1244 4679 est
1255 4635 1392 4679 summa
1402 4612 1471 4693 lux,
1484 4612 1541 4681 cui
1551 4613 1700 4680 maxime

364 4717 505 4807 proprie
515 4741 644 4788 nomen
653 4719 738 4787 lucis
749 4718 945 4808 plenissime
956 4720 1138 4787 conveniat
1151 4719 1259 4809 (Gai.)
1270 4720 1427 4807 adeoque
1438 4741 1517 4786 vera
1530 4718 1598 4785 lux.
1617 4720 1700 4783 Vera

364 4826 421 4891 lux
437 4824 497 4890 illa
510 4830 576 4906 est,
593 4834 631 4892 ut
646 4828 694 4894 ait
708 4829 818 4914 Any„
837 4849 925 4916 quae
941 4827 1117 4893 illuminat
1130 4825 1203 4894 scil.
1221 4849 1284 4917 per
1297 4847 1349 4905 se,
1367 4826 1473 4892 sancti
1488 4831 1606 4892 autem
1621 4844 1700 4908 gra·

364 4932 411 4999 tia
421 4930 609 4998 illuminati
619 4940 690 5001 tum
703 4934 844 5000 demum
854 4934 943 5001 liunt
954 4934 1012 5000 lun
1026 4934 1063 5000 in
1077 4934 1217 5001 Domino
1231 4933 1287 5021 (cl.
1299 4933 1412 4998 Anam.
1428 4938 1493 4999 cat.
1507 4930 1589 5018 Cn).
1607 4929 1701 4998 Eius·
