4050 5648
54 507 191 610 ,s
280 513 319 574 aa
356 485 358 490 ⁸
405 492 409 498 ’
654 505 758 575 ,ουιε
778 516 824 560 sm
845 516 1048 567 aaaaarroms
1063 516 1203 564 runcum.

279 658 409 726 tatione
429 657 550 726 Lazari
566 659 609 738 fit
625 655 764 720 firmum
783 648 1060 740 synedristarum
1071 653 1246 720 decretum
1261 654 1377 721 'caedis
1395 661 1468 721 lesu
1485 652 1601 743 (ίῌιτ

103 839 110 852 ,
125 748 160 821 ³2⁵
222 784 223 787 ’
284 761 371 852 seq.)
395 766 429 830 et
447 764 652 841 declaratur,
675 758 768 845 quod
791 781 830 825 ex
846 761 1032 848 synopticis
1052 779 1120 828 non
1143 757 1234 824 clare
1258 757 1384 847 elucet,
1404 766 1468 829 cur
1481 757 1601 827 turbae

284 875 359 936 lesu
374 869 613 962 praepararint
633 864 879 957 triumphalem
901 863 1104 952 ingressum.
1122 863 1345 932 Simul‘hisce
1365 868 1603 936 manifestatur

282 976 342 1066 qui
361 978 428 1045 sint
446 983 678 1052 contumaces,
700 973 760 1064 qui
779 969 921 1039 credant
934 971 1046 1062 (9,38;
1068 975 1181 1054 1030.
1203 976 1262 1049 213
1282 977 1469 1059 11,a5.5o;
1488 980 1602 1055 1217-

279 1089 300 1150 2
340 1137 348 1151 .
699 1105 702 1112 ,

301 1084 656 1275 0nliudasynopticis
665 1186 849 1253 discrimen
859 1191 909 1250 est
918 1184 955 1253 in
964 1190 1171 1273 argumento
1185 1204 1393 1252 sermonum.
1411 1169 1600 1274 Apudsyn-

278 1299 409 1389 opticos
430 1292 588 1368 Christus
600 1293 706 1360 tradit
729 1289 839 1358 multa
858 1297 1044 1382 praecepta
1066 1291 1331 1373 morum-docet
1349 1293 1468 1357 contra
1487 1289 1600 1358 avari-

276 1407 378 1482 tiam,
405 1399 627 1489 superbiam„
644 1396 857 1494 hypocrisin,
883 1396 1088 1465 traditiones
1098 1396 1290 1465 scribarum
1312 1402 1396 1480 ete.;
1417 1395 1454 1462 in
1477 1402 1600 1486 quarto

277 1505 457 1593 evaugelio
472 1507 545 1573 tere
560 1505 700 1573 unicum
721 1524 918 1598 sermonum
944 1509 1188 1590 argumentum
1209 1509 1258 1591 est
1274 1505 1364 1594 ipse,
1385 1524 1488 1580 suaa
1503 1506 1601 1569 Patre

276 1613 407 1696 missio,
424 1635 487 1682 sua
503 1617 626 1679 natura
643 1611 772 1677 divina.
790 1614 881 1676 Hanc
896 1631 998 1681 suam
1015 1608 1282 1678 affirmationem
1299 1610 1435 1678 ludaeis
1448 1610 1472 1677 i.
1490 1631 1519 1676 e.
1539 1629 1600 1675 no-

101 1702 190 1824 ἰ
276 1719 421 1804 bilibus,
431 1717 578 1800 scribis,
599 1714 802 1806 pharisaeis,
824 1714 1295 1816 sacerdota'bnsqsynodristis
1309 1716 1515 1807 persuadere
1529 1720 1600 1782 stu-

53 1858 84 1912 2
99 1831 114 1920 ᾗ
275 1828 333 1895 det
350 1826 481 1903 verbis,
504 1844 565 1888 suo
587 1821 782 1890 testimonio
799 1826 832 1887 et
849 1822 1029 1912 operibus3
1057 1822 1217 1914 adquae
1232 1844 1339 1913 opera
1357 1812 1535 1912 tamquam
1555 1820 1601 1889 ad

274 1929 507 2021 signaquibus
516 1926 624 1995 verba
635 1950 696 1995 sua
709 1951 731 1996 a
745 1934 811 1995 Dec
823 1929 1094 2020 comprobantur
1105 1929 1477 2023 frequentatprovocat
1491 1928 1597 2015 (5,19.

274 2046 333 2116 36;
354 2042 446 2120 8318.
465 2042 525 2118 5t;
551 2040 662 2115 1025.
685 2041 739 2103 32.
762 2042 821 2118 373
845 2035 1057 2124 12,37).}1ac
1078 2034 1257 2123 signorum
1278 2040 1313 2102 et
1335 2056 1480 2130 operum
1503 2055 1600 2101 men·

79 2190 143 2233 ,
179 2158 185 2194 f
274 2146 367 2212 tione
380 2143 527 2248 repetita
548 2140 652 2208 simul
667 2141 857 2209 ostenditur
871 2147 906 2208 et
923 2143 1160 2210 narrationem
1179 2142 1438 2233 synopticorum
1450 2139 1600 2238 supponi

60 2258 90 2365 st}
169 2261 174 2268 ’
273 2257 307 2319 et
322 2257 430 2318 lesum
446 2248 482 2315 in
497 2247 585 2346 urbe
599 2269 737 2337 quoquc
751 2248 860 2315 multa
876 2253 1028 2337 patrasse
1044 2250 1162 2336 signa,
1179 2248 1222 2315 de
1243 2248 1371 2339 quibus
1387 2245 1601 2334 evangelista

273 2381 341 2425 non
356 2362 485 2425 narrat.
503 2353 701 2433 Quiafidem
716 2354 865 2443 postulat
876 2355 912 2420 in
926 2375 1024 2422 suam
1044 2356 1070 2422 a
1080 2360 1177 2422 Patre
1193 2355 1389 2422 missionem
1401 2360 1434 2421 et
1448 2353 1599 2421 iusuum

273 2464 315 2532 de
336 2487 372 2532 se
387 2461 620 2530 testimonium
639 2467 672 2528 et
690 2466 807 2527 tamen
826 2459 924 2527 nullo
941 2460 1047 2527 modo
1064 2460 1160 2529 illam
1183 2461 1295 2552 explet
1313 2460 1597 2550 exspectationem

63 2609 79 2665 ζ
95 2606 132 2663 ie
153 2631 156 2637 Δ
272 2571 315 2638 de
326 2570 441 2638 Massia
450 2591 556 2659 quam
565 2572 795 2658 conceperant
807 2566 939 2648 ludaei,
951 2568 1066 2635 statim
1078 2567 1187 2636 oritur
1197 2570 1381 2636 vehemens
1393 2567 1598 2635 ludaeorum

58 2658 142 2758 {J-i;··,-
165 2667 184 2724 ἶ
272 2676 441 2768 oppositio
457 2681 492 2742 et
512 2675 744 2765 oppugnatio,
767 2673 912 2764 quaein
935 2671 1239 2764 disceptationibus
1258 2674 1328 2742 illis
1348 2697 1424 2764 cap.
1451 2681 1483 2742 5.
1511 2679 1544 2740 6.
1561 2679 1594 2739 ’1.

69 2766 137 2814 ³
273 2789 354 2866 8,12
373 2803 446 2871 seq.
468 2788 508 2848 10
530 2783 577 2847 ita
594 2780 809 2869 exprimitur,
828 2785 865 2846 ut
879 2786 1007 2848 asserta
1028 2780 1171 2860 Christi,
1191 2781 1395 2849 ludaeorum
1413 2780 1597 2871 impugna-

271 2890 397 2970 tiones,
414 2886 540 2954 Christi
559 2885 603 2952 ad
618 2908 674 2952 eas
688 2908 852 2975 responsa
870 2887 966 2975 quasi
980 2885 1019 2953 in
1040 2891 1140 2953 scena
1161 2908 1276 2954 coram
1292 2887 1442 2977 proponi
1456 2885 1597 2953 videan-

271 3003 338 3064 tur.
361 2994 505 3082 Singula
520 2992 607 3061 adeo
622 2992 866 3075 determinate,
880 2990 966 3059 adeo
985 2993 1126 3083 proprie
1138 2992 1327 3061 efferuntur
1341 3000 1374 3060 et
1392 2993 1438 3060 ad
1453 2993 1596 3060 ludaeo-

271 3124 347 3170 rum
368 3101 520 3185 indolem
541 3104 575 3165 ct
592 3099 767 3186 cogitandi
786 3098 926 3165 modum
942 3098 1218 3184 accommodate,
1235 3107 1273 3168 ut
1288 3100 1386 3189 quasi
1400 3106 1461 3168 tua
1474 3104 1593 3189 sponte

268 3208 417 3277 videaris
433 3205 498 3273 tibi
513 3204 633 3273 audire
648 3209 846 3271 narrantem
856 3204 1026 3272 arbitrum
1041 3207 1206 3273 sermonis
1220 3213 1254 3274 ct
1268 3207 1418 3274 auritum
1436 3211 1559 3273 testem
1569 3206 1591 3272 ¹.

80 3273 148 3307 ἰ
273 3320 404 3384 Suntne
426 3313 466 3380 hi
488 3332 661 3379 sermones
683 3316 716 3377 et
741 3311 801 3378 alii
822 3312 881 3401 qui
901 3312 944 3378 ad
967 3311 1055 3379 solos
1079 3312 1264 3403 discipulos
1284 3312 1485 3400 diriguntur
1500 3312 1590 3401 (cap.

271 3419 390 3508 13-17)
406 3419 450 3486 ad
469 3417 635 3485 historiae
648 3415 751 3483 fidem
764 3417 948 3506 conscripti
964 3425 998 3484 et
1012 3417 1132 3485 relati?

282 3581 285 3586 .
315 3526 352 3593 ld
367 3529 515 3612 negatur
529 3530 562 3589 et
575 3521 677 3589 debet
695 3523 817 3608 negari
832 3523 931 3590 abiis
946 3525 1004 3612 qui
1020 3524 1192 3592 Christum
1205 3531 1316 3593 lesum
1327 3547 1397 3594 esse
1411 3532 1517 3594 Deum
1531 3547 1592 3593 ne·

270 3640 366 3722 gant.
384 3631 450 3699 Sed
463 3635 642 3722 praetcrea
657 3627 826 3696 obiiciunt
839 3651 948 3716 genus
969 3630 1108 3698 dicendi
1118 3632 1263 3700 nimium
1278 3632 1404 3700 distare
1413 3633 1458 3701 ab
1469 3655 1510 3700 eo
1524 3654 1593 3722 quo

107 3694 124 3733 ,.

106 3800 119 3822 ,
177 3742 181 3752 '
269 3741 380 3809 lesum
398 3742 499 3804 usum
517 3758 587 3803 esse
611 3736 834 3826 asyuopticis
854 3735 1052 3820 doceamur3
1070 3737 1162 3827 apud
1183 3760 1239 3806 cos
1263 3740 1356 3807 cerni
1370 3739 1520 3807 formam
1534 3760 1594 3829 po-

268 3846 442 3937 pularem,
455 3841 705 3931 parabolicam,
722 3843 908 3910 sententias
924 3842 1049 3926 claras,
1062 3843 1163 3911 facilc
1174 3844 1425 3932 intelligibilem
1439 3846 1497 3913 hic
1512 3868 1593 3913 vero
1644 3896 1647 3903 -

130 3932 152 3972 ἰ
184 3947 186 3951 ’
268 3950 377 4039 genus
391 3947 581 4018 sublimeet
594 3947 736 4029 subtile,
752 3948 996 4036 allegoricum,
1011 3950 1311 4041 quodanditorum
1326 3951 1592 4041 intelligentiam

75 4045 139 4156 ³2qu
210 4084 213 4090 ·
267 4059 370 4151 plane
392 4055 549 4137 excedat3
567 4054 784 4143 quaestiones
804 4056 927 4142 agitari
949 4078 1037 4146 quae
1058 4057 1168 4125 sulum
1182 4058 1320 4126 ineunte
1332 4060 1467 4127 saeculo
1486 4058 1592 4127 altero

164 4189 177 4259 j
267 4188 288 4233 a
306 4188 398 4233 nova
416 4161 619 4231 ludaeorum
635 4160 755 4228 schola
778 4161 975 4230 Christianis
993 4164 1135 4232 inimica
1154 4165 1307 4233 invectae
1320 4168 1405 4250 sint,
1428 4187 1592 4256 responsa

220 4311 222 4314 ·
268 4271 346 4339 dari
357 4271 402 4338 ad
414 4267 621 4337 abiectiones
633 4290 701 4335 non
716 4269 760 4334 ab
776 4269 977 4358 aequalibus
987 4274 1059 4338 lesu
1072 4277 1196 4353 motas,
1211 4272 1304 4339 seda
1317 4271 1437 4340 schola
1451 4272 1600 4340 ludaeo-

301 4464 322 4508 1.
340 4457 467 4507 audiatur
479 4454 655 4505 wetzsaecker
671 4454 688 4504 l.
702 4469 725 4505 c.
738 4469 762 4520 p.
776 4461 822 4506 526
837 4474 844 4507 ε
860 4458 917 4507 Mau
937 4457 1005 4508 kann
1020 4457 1090 4509 nicht
1107 4457 1231 4520 leuguen,
1243 4457 1400 4515 dassdieser
1413 4460 1593 4512 Messiasstreit

266 4537 312 4589 des
324 4537 507 4601 Evangeliums
520 4532 567 4586 aul
578 4533 628 4584 deu
642 4537 729 4584 ersten
748 4535 818 4586 Blick
836 4541 917 4587 etwas
930 4537 1087 4588 hleudeudcs
1102 4538 1156 4587 hat.
1173 4540 1225 4588 Der
1235 4538 1369 4590 Veriasser
1383 4540 1449 4604 zctgt
1462 4541 1517 4591 sich
1529 4540 1591 4591 iiber

264 4616 383 4684 jadische
398 4617 495 4668 lehren
508 4615 561 4666 und
570 4613 771 4679 vorstelluugcn
786 4617 846 4667 sehr
857 4621 903 4681 gut
916 4619 1083 4669 unterrichtet
1096 4617 1151 4668 und
1167 4632 1224 4669 man
1241 4619 1277 4670 ist
1293 4621 1415 4671 versucht
1424 4620 1503 4671 datin
1518 4621 1590 4671 nicht

267 4713 318 4750 aur
336 4698 410 4748 einen
421 4696 516 4757 tuden,
531 4695 643 4746 sandeta
657 4695 723 4744 auch
736 4695 811 4746 einen
828 4698 1009 4762 ohreuueugen
1027 4698 1071 4749 des
1087 4698 1304 4764 Widerspraches.
1320 4699 1436 4760 welchea
1452 4700 1493 4752 die
1505 4700 1589 4751 Juden

266 4792 344 4846 gagen
356 4778 402 4827 das
421 4776 609 4841 selbstzeoguis
624 4778 701 4825 lesus
712 4774 829 4826 erhobea
845 4777 941 4838 haben,
956 4794 986 4829 zu
1003 4777 1097 4829 tiudcn.
1111 4778 1204 4831 ther...
1222 4779 1264 4831 ein
1281 4780 1373 4841 Streit,
1387 4781 1499 4832 walchen
1515 4783 1589 4832 Jesua

265 4859 346 4921 selbot
355 4856 419 4909 eber
429 4855 501 4907 seiae
515 4857 632 4910 Gottheit
646 4855 708 4907 oder
720 4856 877 4909 Meascbheit
890 4858 1062 4920 martialem
1075 4860 1291 4921 Geechichtsbild,
1304 4860 1350 4913 das
1364 4862 1418 4914 sich
1431 4863 1472 4914 nie
1486 4861 1589 4915 rollzie·

265 4939 410 4992 heutaesst.
1595 4960 1598 4970 ·
