4116 5648
825 511 962 576 toruum
983 503 1151 576 semesisssv
1171 524 1375 572 evincamus.
1720 513 1756 573 Η

294 740 298 762 3
438 659 589 748 33553).
611 665 648 726 ln
672 684 741 752 quo
759 657 955 731 testimonio
973 663 1085 730 notari
1106 662 1240 750 oportet
1259 659 1295 726 id
1314 660 1433 728 reterri
1454 666 1629 746 tamquam
1651 665 1756 731 tradi·

290 835 293 843 ,
337 761 368 824 Q
437 771 564 835 tionem
584 768 774 860 antiquam.
797 769 950 836 Clemens
963 769 1119 836 audierat
1138 769 1362 847 Pantaenum,
1385 768 1445 856 qui
1465 767 1536 856 ipse
1556 765 1757 855 adiscipulo

284 881 308 947 j
334 950 336 954 ¹
437 874 588 965 quodam
612 875 846 967 apostolorum
868 870 1008 943 edoctus
1034 877 1118 942 erat.
1140 872 1234 940 Unde
1255 874 1353 941 facile
1373 874 1431 939 illa
1452 873 1591 941 traditio
1608 873 1758 942 derivari
1858 888 1861 895 '
1883 864 1897 987 Ξ
1928 860 1933 871 ’

439 985 549 1069 potest
560 983 604 1050 ab
620 984 702 1073 ipsis
717 977 893 1080 discipulis
906 981 1155 1070 apostolorum3
1169 1001 1249 1045 nam
1262 979 1464 1064 designatur
1478 1000 1545 1044 non
1558 979 1759 1070 simpliciter

440 1088 763 1179 tamquamtraditio
772 1095 830 1153 τῶν
849 1097 1055 1176 πρεσευτέρων
1074 1083 1111 1173 (i.
1128 1107 1158 1150 e.
1175 1085 1338 1152 Pantaeni
1354 1090 1388 1150 et
1400 1084 1612 1172 aequalium}
1628 1086 1686 1152 sed
1702 1099 1757 1154 τῶν

438 1195 579 1265 ἀνέκαθεν
593 1225 647 1284 πρ.
662 1196 686 1264 i.
701 1216 731 1260 e.
744 1212 863 1258 eorum
877 1195 936 1283 qui
946 1197 1155 1261 Pantaenum
1168 1192 1305 1282 eiusque
1321 1190 1482 1280 aequales
1496 1190 1756 1261 antecedebant.

439 1304 477 1367 ln
498 1301 639 1370 eeclesia
666 1305 811 1366 romana
828 1301 1049 1387 evangelium
1073 1299 1138 1365 hoc
1162 1304 1282 1364 notum
1307 1297 1411 1363 luisse
1431 1304 1574 1364 testatur
1598 1298 1760 1364 circaan-
1825 1348 1830 1358 .

438 1416 599 1476 num170
616 1407 849 1491 fragmentum
863 1406 956 1498 quod
971 1404 1097 1471 dicitur
1112 1405 1401 1484 muratorianum3
1419 1425 1499 1469 nam
1515 1405 1587 1470 sine
1606 1405 1676 1471 ulla
1694 1404 1759 1471 du·
1862 1414 1865 1453 :

438 1514 603 1581 bitatione
622 1515 798 1600 tamquam
813 1534 866 1579 res
884 1517 967 1579 nota
981 1510 1128 1578 refertur
1141 1511 1232 1578 inter
1245 1510 1352 1577 libros
1366 1510 1425 1599 qui
1444 1509 1580 1599 publice
1599 1510 1635 1576 in
1651 1513 1758 1579 eccle-

437 1621 495 1688 siis
519 1615 727 1703 legebantur
749 1618 968 1706 evangelium
994 1622 1175 1705 quartum;
1204 1617 1317 1706 quarti
1342 1615 1600 1703 evangeliorum
1627 1617 1759 1705 (auctor

437 1724 500 1812 est)
515 1727 658 1807 loannes
677 1744 718 1789 ex
736 1722 910 1814 discipulis
925 1722 979 1810 (de
1001 1723 1196 1811 fragmento
1216 1724 1260 1790 cl.
1282 1722 1446 1811 Cornely,
1466 1721 1593 1789 introd.
1619 1727 1630 1788 l
1650 1728 1683 1788 2.
1701 1721 1756 1790 ed.
1850 1723 1852 1727 ’

437 1853 472 1920 p.
496 1832 587 1919 182).
608 1816 713 1896 Porro
731 1829 825 1897 testis
839 1835 890 1897 est
903 1829 1131 1898 Tertullianus
1149 1830 1185 1896 in
1205 1829 1345 1896 eeclesia
1361 1852 1500 1919 quoque
1515 1829 1667 1896 africana
1686 1850 1757 1896 cer-

436 1941 507 2002 tam
531 1935 572 2001 de
596 1940 733 2003 auctore
754 1935 925 2023 evangelii
951 1936 1052 2003 huius
1064 1936 1229 2003 exstitisse
1246 1935 1466 2003 traditionem
1488 1959 1494 2004 :
1524 1965 1539 1996 «
1566 1958 1642 2001 nam
1664 1937 1760 2002 nobis

436 2043 540 2110 fidem
554 2064 595 2110 ex
605 2041 770 2133 apostolis
783 2047 927 2109 loannes
941 2051 975 2110 et
990 2043 1175 2110 Matthaeus
1188 2042 1379 2122 insinuant,
1395 2066 1434 2109 ex
1449 2042 1643 2131 apostolicis
1656 2046 1760 2108 Lucas

437 2153 470 2216 et
490 2154 618 2216 Marcus
633 2151 828 2218 instaurant
846 2176 863 2210 a
882 2150 925 2239 (c.
945 2154 1044 2216 llaro.
1067 2155 1136 2234 td.
1162 2157 1199 2230 5;
1227 2152 1275 2216 M.
1293 2155 1408 2230 9,,363.
1427 2149 1518 2233 367).
1546 2153 1585 2214 Et
1598 2147 1759 2214 ecclesiae

435 2253 659 2323 antiochenae
673 2255 776 2323 fidem
787 2260 934 2323 testatur
946 2255 1172 2345 Theophilus,
1189 2263 1300 2322 sextus
1313 2263 1387 2344 post
1410 2259 1543 2320 Petrum
1560 2254 1634 2322 eius
1653 2255 1760 2321 ecclc·

436 2360 505 2428 siae
520 2361 564 2428 ab
579 2384 670 2430 anno
691 2368 753 2430 163
770 2363 966 2453 episeopus,
984 2363 1044 2452 qui
1062 2362 1175 2452 prima
1190 2362 1362 2450 evangelii
1379 2363 1485 2429 verha
1504 2364 1643 2428 nomine
1664 2365 1760 2427 loan-

436 2468 489 2534 nis
501 2469 656 2558 apposito
669 2469 798 2557 allegat
818 2493 825 2538 :
847 2471 934 2536 haec
954 2491 1016 2536 nos
1035 2469 1157 2536 docent
1176 2469 1370 2559 scripturae
1389 2476 1526 2535 sanctae
1545 2476 1579 2534 et
1593 2473 1761 2556 quotquot

436 2574 606 2665 Spiritus
623 2575 731 2642 afflati
741 2581 855 2655 erant,
872 2576 963 2642 inter
974 2598 1062 2665 quos
1076 2580 1218 2642 loannes
1232 2575 1316 2642 dicit
1333 2599 1340 2642 z
1359 2576 1394 2640 in
1412 2575 1583 2665 principio
1595 2581 1669 2639 erat
1683 2577 1760 2638 Ver-

436 2681 520 2748 bum
543 2680 597 2766 (ad
613 2679 769 2768 autolyc.
787 2686 885 2765 2323
903 2683 950 2748 M.
969 2681 1122 2769 alosa).

480 2787 582 2854 Aliud
595 2786 827 2855 testimonium
846 2786 993 2877 praehet
1006 2787 1138 2854 Tatiani
1152 2787 1380 2867 Diatessaron,
1402 2786 1437 2852 in
1459 2810 1527 2876 quo
1543 2787 1759 2873 evangelium

437 2893 574 2960 loannis
595 2894 762 2961 insertum
782 2893 885 2960 fuisse
911 2915 1012 2960 nemo
1034 2900 1139 2981 negat
1159 2901 1194 2960 et
1212 2916 1251 2959 ex
1276 2894 1522 2960 commentario
1537 2898 1569 2959 S.
1592 2894 1759 2982 Ephraem

284 2984 288 2991 ’
436 3006 522 3067 etex
535 2999 760 3067 arabicaeius
772 3000 929 3067 versione
945 2999 1123 3067 evidenter
1136 3006 1267 3067 constat
1283 3001 1340 3088 (cl.
1360 3000 1497 3078 Ciasce,
1510 2999 1641 3064 Tatiani
1653 3004 1759 3064 Evan-

436 3103 607 3192 geliorum
622 3107 825 3172 Harmoniae
840 3105 994 3187 arabice;
1015 3106 1104 3188 Hill,
1121 3107 1189 3172 The
1208 3108 1420 3172 diatessaron
1443 3107 1480 3171 os
1496 3105 1638 3192 Talion).
1657 3109 1759 3170 Porro

436 3232 514 3277 cum
529 3210 731 3278 lloltzmann
744 3210 818 3300 ipse
839 3211 1007 3278 concedat
1025 3234 1046 3278 a
1063 3218 1218 3300 tempore
1236 3212 1354 3278 tustini
1373 3214 1526 3300 incipere
1545 3232 1641 3278 usum
1657 3234 1761 3277 evan-

436 3316 521 3405 gelii
535 3317 642 3384 nostri
660 3325 694 3383 et
712 3317 879 3385 lustinum
899 3320 966 3399 uti,
988 3320 1049 3384 etsi
1073 3340 1170 3398 raro,
1195 3324 1310 3385 nostro
1330 3319 1509 3403 evangelio
1531 3318 1756 3403 (Einleitung,

397 3426 399 3429 ’
436 3432 469 3490 3.
483 3424 538 3490 ed.
561 3447 596 3514 p.
619 3429 716 3510 tor),
736 3445 804 3491 non
825 3446 911 3513 opus
925 3425 990 3491 erit
1012 3424 1048 3490 id
1063 3424 1228 3514 exemplis
1241 3423 1355 3491 allatis
1373 3424 1618 3490 demonstrare.
1635 3423 1758 3489 Eodem
1917 3486 1919 3491 ,

328 3624 333 3633 ι
436 3528 592 3621 tempore
613 3529 774 3597 Claudius
792 3530 1016 3620 Apollinaris,
1034 3533 1215 3621 episcopus
1234 3531 1520 3620 hierapolitanus
1543 3530 1758 3616 evangelium
1859 3524 1866 3569 ἶ
1938 3546 1941 3584 7

437 3638 504 3704 hoc
526 3636 628 3704 simul
654 3658 732 3703 cum
755 3637 943 3726 synopticis
969 3637 1159 3723 evangeliis
1178 3639 1350 3724 agnoscit,
1378 3637 1426 3702 nti
1452 3643 1546 3725 patet
1566 3660 1604 3702 ex
1626 3635 1760 3702 duobus
1860 3626 1869 3665 ³
1922 3650 1927 3660 ’

437 3743 649 3830 fragmentis,
665 3763 802 3832 quaeex
816 3744 889 3810 eius
902 3743 991 3810 libro
1002 3743 1046 3810 de
1058 3744 1218 3834 paschate
1229 3751 1363 3810 servata
1377 3750 1455 3809 sunt
1472 3745 1525 3826 (cl.
1542 3745 1587 3807 ll.
1606 3744 1756 3828 ataui).

438 3853 475 3915 ln
498 3849 643 3940 epistola
661 3849 821 3917 eeclesiae
839 3850 1039 3917 Viennensis
1052 3851 1224 3938 allegatur
1241 3854 1344 3916 tacito
1370 3851 1487 3938 utiquc
1508 3850 1645 3916 nomine
1666 3854 1756 3914 ioan.

440 3961 529 4035 tea.
546 3959 616 4021 lam
636 3955 766 4023 ostendi
781 3960 907 4046 potest,
925 3955 1008 4044 ipsis
1025 3957 1259 4044 apostolorum
1279 3957 1454 4045 discipulis
1466 3957 1530 4021 hoc
1545 3955 1760 4041 evangelium

438 4067 559 4129 notum
578 4060 691 4127 luisse.
705 4066 755 4128 lta
768 4066 927 4129 Irenaeus
942 4063 1042 4129 affert
1053 4062 1325 4151 explicationem,
1342 4085 1443 4151 quam
1461 4062 1631 4127 dedorunt
1644 4072 1667 4127 οἱ
1686 4090 1761 4146 πρε-

439 4178 572 4256 σόύτεροι
591 4167 757 4256 (delean.
781 4168 872 4257 133)
891 4190 899 4236 :
919 4175 952 4235 et
969 4175 1111 4258 propter
1126 4167 1191 4235 hoc
1211 4168 1334 4235 dixisse
1357 4169 1534 4235 {lominum
1552 4167 1675 4232 multas
1692 4189 1761 4231 csse

439 4274 531 4365 apud
552 4278 683 4341 Patrem
703 4276 895 4341 mansiones
915 4275 957 4363 (c.
984 4275 1078 4342 haer.
1101 4282 1192 4357 5,3o.
1219 4277 1270 4363 2),
1287 4298 1389 4364 quem
1412 4275 1522 4340 locum
1544 4272 1702 4339 Hei-naci
1724 4295 1762 4339 ex

440 4404 543 4471 opere
567 4383 689 4471 Papiae
710 4379 952 4471 depromptum
973 4404 1046 4448 csse
1065 4389 1179 4448 censet
1201 4383 1355 4471 adeoque
1381 4405 1441 4447 nos
1466 4381 1591 4447 habere
1614 4380 1763 4445 testimo-

440 4491 536 4554 nium
552 4488 674 4575 Papiae
689 4486 856 4553 directum
873 4511 936 4579 pro
951 4488 1131 4575 evangelio
1146 4489 1389 4577 (chronologia
1408 4495 1415 4552 Ι
1435 4512 1466 4576 p.
1480 4493 1556 4551 336.
1569 4490 1656 4570 356).
1671 4488 1764 4573 Poly·

441 4615 562 4685 carpus
578 4600 612 4659 et
627 4592 763 4684 PapiaS,
785 4595 922 4661 loannis
943 4594 1119 4684 discipuli,
1134 4595 1280 4682 primam
1310 4595 1445 4661 loannis
1468 4594 1647 4683 epistolam
1673 4603 1763 4657 certe

442 4706 567 4768 norunt
591 4700 646 4788 (el.
675 4700 794 4767 Euseb.
826 4700 861 4766 h.
890 4724 919 4767 e.
952 4709 1048 4784 3,3u;
1077 4701 1252 4790 Polycarp.
1281 4702 1324 4767 ad
1351 4703 1473 4788 Philip.
1497 4708 1514 4763 i
1541 4702 1638 4766 all'ert
1660 4699 1763 4765 rerba

445 4811 571 4875 tloan.
596 4809 665 4888 i,2.
683 4807 730 4895 3).
754 4812 790 4873 ln
808 4807 959 4896 epistolis
979 4809 1104 4896 ignatii
1123 4809 1282 4896 martyris
1304 4809 1402 4896 plura
1424 4808 1597 4892 leguntur,
1620 4829 1707 4896 quae
1725 4828 1763 4869 ex

442 4911 506 4980 hoc
519 4911 696 5000 evangelio
709 4913 913 5003 deprompta
926 4931 996 4982 esse
1009 4916 1115 4982 verba
1125 4917 1198 5006 ipsa
1210 4921 1374 4982 testantur
1387 4941 1393 4983 :
1409 4914 1552 5002 Spiritus
1565 4914 1668 4983 onim.
1686 4933 1763 4977 cum
