4116 5648
1704 507 1744 569 69

416 678 563 745 eaquae
581 681 642 748 per
662 662 774 750 ipsum
793 655 956 728 dicuntur
969 659 1085 748 (Bon.)
1103 678 1134 722 v.
1153 663 1172 723 3
1199 659 1317 726 omnia
1328 681 1394 748 per
1408 657 1521 748 ipsam
1532 656 1630 742 facta
1644 673 1744 744 aaran

416 769 511 831 πάντα
538 765 760 847 omnia,sine
782 764 853 832 ullo
873 767 1165 844 1ἰηιὶίε;τὰπάντα
1191 770 1315 834 cuncta
1341 787 1430 853 quae
1455 764 1618 832 exsistunt
1645 766 1744 850 quasi

415 867 518 935 eimul
532 880 667 961 sumpte
688 870 780 937 etin
805 895 910 939 unum
931 869 1085 937 collecta.
1109 876 1159 938 tta
1180 871 1394 956 distinguere
1417 870 1542 949 solent3
1560 877 1595 937 at
1614 873 1744 936 veteres

415 977 530 1060 graeci
543 975 736 1069 promiscue
750 977 960 1068 loquuntur:
982 986 1012 1042 ἐν
1033 981 1091 1065 γὰρ
1107 990 1148 1064 τῷ
1163 1006 1179 1037 «
1196 983 1292 1044 πάντα
1314 1003 1330 1036 o
1350 980 1432 1042 οὐδέν
1453 984 1529 1042 ἐστιν
1547 982 1561 1041 ὃ
1578 986 1618 1058 μὴ
1637 987 1742 1054 ἐντοῖς

414 1088 499 1152 πᾶσιν
528 1092 629 1172 δρᾶται
649 1086 776 1173 (Cyru).
797 1083 946 1173 Opponit
966 1086 1055 1176 detq.
1081 1083 1217 1150 Arianis
1236 1104 1244 1149 :
1262 1081 1436 1170 quomodo
1463 1085 1573 1168 potest
1596 1080 1689 1159 fieri,
1707 1088 1744 1149 ut

418 1190 564 1257 Verbum
577 1187 633 1254 Dei
649 1189 775 1258 factum
791 1190 849 1268 sit,
867 1190 1007 1276 quando
1023 1194 1109 1257 Deus
1132 1210 1193 1277 per
1209 1188 1356 1254 Verbum
1373 1187 1452 1253 iecit
1468 1187 1602 1253 omnia‘l
1618 1191 1743 1254 Verum

413 1293 464 1363 illi
483 1294 685 1363 insistebant
699 1317 836 1386 quoque
852 1295 934 1384 quia
949 1296 1075 1364 dicitur
1084 1317 1150 1385 per
1165 1295 1295 1384 ipsam,
1312 1298 1370 1376 διὰ,
1385 1292 1434 1358 uti
1447 1294 1504 1360 Or.
1521 1293 1744 1385 iamuconten·

413 1400 487 1468 dit:
505 1402 539 1469 δι’
552 1403 584 1468 οὗ
599 1422 779 1492 nunquam
799 1402 991 1493 principem
1011 1401 1126 1469 locum
1143 1402 1285 1481 habere,
1303 1400 1363 1467 sed
1377 1422 1514 1489 semper
1533 1399 1739 1479 secundum3

415 1507 634 1575 undetriani
652 1507 800 1575 Verbum
820 1530 891 1574 esse
911 1509 1024 1575 miuus
1038 1507 1209 1595 dignitate
1223 1505 1491 1584 concludebant3
1513 1528 1553 1572 ex
1574 1508 1743 1573 recentio-

413 1613 509 1681 ribus
528 1613 703 1704 Sieqsried
721 1614 900 1681 contendit
913 1615 978 1682 hac
997 1637 1135 1706 quoque
1156 1614 1304 1681 dictione
1326 1613 1420 1680 cerni
1439 1612 1655 1701 evangelium
1676 1614 1743 1680 hoc

413 1719 606 1810 dependere
621 1744 642 1789 a
656 1721 799 1789 Philone
810 1723 869 1811 qui
884 1722 1015 1810 pariter
1030 1722 1196 1789 adhibeat
1210 1721 1253 1788 de
1267 1726 1360 1807 Logo
1375 1723 1411 1814 δι’Ι
1427 1725 1533 1801 obtem
1551 1717 1611 1785 sed
1625 1719 1743 1787 utalia

414 1825 564 1909 mittam,
579 1829 675 1894 Philo
694 1829 851 1895 nominat
869 1851 969 1896 suum
988 1836 1081 1916 λέγον
1099 1837 1225 1917 ἕργανον
1241 1838 1321 1907 θεοῦ,
1337 1849 1406 1916 quo
1424 1829 1600 1915 tamquam
1618 1826 1743 1893 instru-

415 1937 531 2001 mento
543 1957 623 2002 usus
641 1935 685 2002 sit
704 1938 790 2002 Deus
808 1938 1012 2024 (gpacdpevoe
1033 1941 1152 2023 ὀργάνῳ
1178 1945 1272 2022 τούτῳ
1291 1935 1334 2001 dc
1351 1932 1482 2001 cherub
1500 1940 1559 2013 35,
1577 1932 1619 1999 de
1635 1933 1737 2019 migr.

411 2038 633 2123 nbr.1;l.c.
653 2064 688 2131 p.
706 2042 799 2131 318),
822 2064 843 2109 a
864 2064 934 2131 qua
952 2044 1093 2109 notione
1118 2041 1224 2109 verba
1245 2040 1476 2129 evangelistae
1497 2040 1621 2106 absunt
1637 2060 1741 2128 quam

410 2144 627 2233 longissime,
646 2147 728 2236 quia
749 2148 820 2215 iam
844 2150 1034 2215 enuntiavit
1059 2149 1207 2215 Verbum
1231 2147 1361 2214 habere
1383 2151 1543 2214 naturam
1570 2145 1737 2212 divinam.

412 2254 535 2319 Contra
558 2253 699 2320 Arianos
724 2264 864 2322 monent
887 2254 964 2322 cer.
996 2258 1076 2342 (lyr.
1096 2264 1158 2322 etc.
1177 2261 1223 2323 διά
1244 2254 1313 2322 dici
1337 2275 1474 2344 quoque
1495 2252 1537 2319 de
1558 2259 1622 2319 Deo
1642 2259 1740 2320 Patre

414 2357 445 2445 (1
461 2361 537 2426 Cor.
554 2367 619 2443 1,9.
634 2365 730 2429 Rom.
751 2368 850 2442 1136
864 2362 945 2450 etc.)
956 2368 990 2428 et
1002 2369 1081 2452 apte
1095 2385 1235 2452 prorsus
1247 2370 1292 2430 διά
1307 2361 1510 2442 adhibetur,
1525 2381 1605 2427 nam
1622 2387 1638 2420 α
1654 2365 1743 2427 Deus

415 2463 503 2532 nihil
519 2474 680 2556 operatur
698 2468 764 2534 nisi
782 2491 844 2556 per
862 2477 1067 2558 conceptum
1087 2469 1140 2535 sui
1160 2469 1350 2536 intellectus
1369 2467 1430 2558 qui
1445 2472 1495 2534 est
1508 2466 1679 2556 sapientia
1695 2465 1750 2534 ab¹

413 2577 551 2639 aeterno
566 2586 744 2663 concepta,
764 2576 836 2642 scil.
861 2576 916 2641 Dei
937 2576 1102 2655 Verbum,
1125 2582 1158 2642 et
1178 2575 1255 2640 ideo
1276 2572 1487 2662 impossibile
1503 2572 1661 2661 estquod
1677 2572 1742 2638 ali·

414 2677 497 2767 quid
510 2679 614 2746 iaciat
633 2680 698 2747 nisi
717 2703 780 2772 per
802 2681 921 2749 Filium
944 2711 959 2741 »
978 2680 1141 2769 (Thone).
1158 2681 1269 2748 Simili
1288 2680 1405 2769 itaque
1430 2679 1561 2746 ratione
1576 2700 1639 2769 per
1659 2684 1741 2746 Ver·

411 2783 494 2852 bum
506 2786 623 2853 omnia
634 2792 732 2854 Pater
742 2789 858 2855 iecisse
869 2789 1005 2870 dicitur,
1018 2788 1107 2855 sicut
1125 2790 1228 2854 bomo
1241 2787 1369 2854 dicitur
1381 2786 1517 2876 operari
1530 2807 1593 2874 per
1606 2787 1740 2874 sapien-

410 2890 510 2973 tiam,
532 2894 652 2960 artifex
676 2917 738 2984 per
761 2902 888 2977 artem;
911 2917 1032 2962 verum
1055 2897 1182 2985 inquo
1209 2895 1253 2961 sit
1276 2893 1461 2960 discrimen
1485 2915 1547 2981 per
1570 2914 1606 2959 se
1632 2897 1739 2981 patet.

411 3002 552 3088 insuper
565 3021 643 3066 cum
662 3001 812 3068 Verbum
832 3003 950 3068 omnia
963 3003 1111 3091 accipiet
1126 3024 1144 3068 a
1161 3007 1258 3068 Patre
1279 3002 1311 3066 vi
1329 2999 1475 3086 originis
1489 3022 1509 3065 a
1525 3003 1639 3080 Patre,
1658 3020 1742 3084 ergo

410 3103 571 3171 virtutem
584 3107 758 3173 efficiendi
774 3109 918 3174 eandem
935 3131 1040 3198 quam
1058 3109 1165 3175 habet
1179 3115 1289 3188 Pater,
1308 3106 1454 3173 Verbum
1475 3104 1574 3194 quasi
1590 3105 1740 3172 medium

411 3216 464 3277 est
476 3209 565 3277 inter
581 3217 686 3279 Deum
702 3219 737 3279 et
751 3220 924 3281 creaturas
938 3237 978 3281 ac
995 3215 1140 3304 proinde
1157 3222 1246 3281 recte
1258 3213 1385 3280 dicitur
1401 3218 1486 3279 Deus
1503 3234 1563 3301 per
1577 3212 1690 3300 ipsum
1706 3216 1743 3277 ut

412 3339 549 3385 causam
574 3319 799 3409 principalem
824 3343 844 3387 a
869 3344 904 3388 se
933 3321 1085 3407 genitam
1107 3321 1216 3410 (car.)
1243 3321 1358 3388 iecisse
1385 3319 1500 3385 omnia
1525 3318 1646 3407 (lans,
1671 3319 1738 3383 Tol.

417 3423 491 3491 Gai.
505 3425 615 3515 Lep).
633 3425 724 3493 ldem
741 3448 879 3516 quoqne
893 3451 932 3494 ex
948 3429 1021 3517 ipsa
1034 3451 1114 3495 voce
1130 3427 1230 3495 Verbi
1244 3427 1431 3513 colligitur
1444 3427 1474 3492 ei
1491 3426 1585 3491 enim
1599 3424 1687 3503 voci,
1706 3429 1743 3489 ut

415 3530 524 3598 Mald.
542 3538 652 3613 notat,
672 3533 793 3600 melius
812 3534 971 3601 convenit
985 3556 1059 3624 per,
1079 3557 1183 3624 quam
1204 3534 1411 3624 praepositio
1428 3552 1473 3616 a‚·
1487 3531 1523 3598 id
1544 3531 1638 3620 quod
1655 3535 1739 3620 Rup.

412 3635 461 3702 ita
479 3639 636 3705 enuntiat
652 3661 660 3705 :
675 3662 737 3728 per
757 3641 903 3707 Verbum
914 3663 998 3727 ergo
1017 3642 1106 3708 sacta
1124 3648 1204 3708 sunt
1219 3643 1300 3731 quia
1314 3639 1461 3707 dicendo
1475 3639 1673 3714 factasunt,
1689 3636 1742 3703 di-

415 3742 523 3809 cendo
538 3767 609 3811 non
623 3746 821 3812 elementali
835 3769 935 3829 sono,
953 3749 1068 3815 sedeo
1084 3748 1186 3815 modo
1202 3746 1383 3837 loquendi,
1400 3768 1469 3834 quo
1484 3744 1600 3811 anima
1619 3751 1678 3810 tua
1692 3751 1742 3809 ta·

415 3850 518 3916 citam
535 3873 611 3918 eum
632 3851 717 3920 libet
735 3855 861 3919 formet
878 3855 1066 3941 loquelam,
1085 3863 1119 3921 et
1134 3855 1292 3921 similiter
1306 3858 1396 3942 Auq.
1412 3851 1547 3919 :Verbo
1562 3850 1626 3916 tibi
1645 3872 1742 3917 coae-

415 3960 514 4023 terno
532 3957 683 4025 simulet
699 3961 904 4049 sempiterne
922 3961 1009 4028 dicis
1027 3963 1144 4028 omnia
1158 3983 1248 4049 quae
1261 3961 1345 4028 dicis
1363 3965 1398 4026 et
1410 3959 1448 4024 fit
1462 3955 1633 4047 quidquid
1647 3956 1742 4038 dieis,

420 4067 458 4127 ut
473 4060 534 4128 fiat
553 4084 615 4129 nec
632 4063 733 4130 aliter
752 4088 855 4154 quam
880 4066 1027 4133 dicendo
1049 4067 1133 4133 iacis
1153 4066 1260 4154 (Cont.
1283 4064 1543 4152 11,·1,9.Bon.).
1564 4062 1745 4128 Considera

417 4166 708 4256 pulchritudinem
723 4194 843 4238 eorum
856 4196 943 4262 quae
956 4173 1047 4240 iacta
1061 4181 1155 4255 sunt,
1171 4172 1359 4238 visibilium
1370 4178 1402 4237 et
1411 4167 1655 4246 invisibilium,
1676 4189 1746 4232 mo·

416 4277 569 4364 netltup.
583 4282 616 4343 et
630 4277 732 4344 corde
745 4285 778 4344 et
793 4301 851 4346 ore
869 4280 1057 4363 conclama,
1077 4301 1246 4366 magnum
1259 4284 1363 4367 atque
1379 4275 1563 4365 pulchrum
1575 4294 1646 4340 esse
1665 4272 1747 4338 arti·

417 4380 489 4447 ficis
512 4382 569 4448 Dei
594 4384 788 4472 ingenium,
811 4387 902 4473 quod
926 4409 990 4452 non
1017 4393 1066 4452 est
1085 4386 1182 4452 aliud
1205 4384 1269 4451 nisi
1287 4386 1352 4451 hoc
1377 4382 1543 4460 Verbum,
1568 4402 1630 4469 per
1653 4377 1746 4467 quod

419 4492 530 4570 tanta,
548 4496 615 4556 tam
631 4491 778 4580 pulchra
790 4491 878 4559 iacta
893 4502 981 4560 sunt.

461 4597 638 4685 Emphasis
655 4604 688 4663 et
711 4598 978 4666 confirmationis
997 4622 1099 4666 causa
1119 4600 1259 4667 additur
1282 4621 1344 4689 per
1363 4597 1505 4663 modum
1524 4590 1748 4682 parallelismi

417 4703 610 4770 antithetici
630 4725 638 4768 ε
656 4717 688 4770 ct
703 4706 777 4771 sine
786 4705 859 4794 ipso
872 4707 1005 4792 laceram
1019 4720 1069 4773 est
1083 4706 1174 4771 nibil
1192 4713 1257 4774 οῦέὲ
1274 4712 1304 4773 ἓν
1320 4728 1363 4772 ne
1379 4723 1485 4770 unum
1499 4700 1640 4788 quidem
1655 4697 1744 4787 (cai.

384 4867 391 4881 ,
418 4809 510 4876 lans.
531 4809 599 4876 Tol.
620 4813 730 4900 Lep),
748 4812 841 4902 qaod
854 4813 990 4899 factum
1005 4829 1074 4899 est,‘
1087 4813 1193 4879 habet
1206 4816 1268 4880 iste
1293 4812 1415 4880 modus
1426 4808 1559 4899 pondus
1571 4806 1748 4896 quoddam

418 4935 459 4980 ac
487 4918 690 5001 grauitatem
715 4919 932 5000 affirmandi3
956 4929 1108 4989 ceterum
1134 4919 1368 4988 Hebraeorum
1397 4936 1529 4983 morem
1558 4935 1628 4980 esse
1655 4915 1749 4979 notat
