4116 5648
342 520 401 576 lll
905 533 987 580 roan.
1008 522 1109 595 tuis.

341 667 503 759 loquetur
517 680 549 739 et
565 693 652 762 quae
671 687 766 732 meae
787 667 967 736 voluntatis
986 676 1065 739 sunt
1081 665 1300 734 annuntiabit
1317 666 1444 758 (θρα).
1466 674 1549 738 Nota
1564 690 1669 758 quam
1754 704 1757 708 >

341 773 500 846 distincte
514 785 548 845 ot
561 779 719 843 accurate
732 772 767 839 in
788 775 850 839 isto
866 795 1024 844 sermone
1043 774 1242 860 mysterium
1255 772 1427 839 Trinitatis
1444 777 1642 845 enuntietur
1659 799 1666 842 :

343 889 410 951 tres
429 886 501 952 scil.
525 900 690 971 personae
710 881 799 947 inter
817 902 852 946 se
872 879 1051 951 distinctae
1073 903 1080 947 :
1100 873 1210 964 Pater,
1228 880 1331 947 Filius
1350 879 1411 969 qui
1436 883 1540 950 mittit
1561 882 1670 973 Spiri-

341 997 414 1058 tum
436 997 469 1055 et
484 986 619 1075 proina
638 988 765 1075 Spiritu
786 986 1008 1074 distinguitur
1030 994 1067 1054 ut
1089 987 1226 1054 mittens
1240 1011 1260 1054 a
1276 987 1377 1053 misso
1392 985 1450 1073 (ci.
1478 994 1589 1067 luis.
1607 995 1667 1068 263

344 1095 472 1181 luit),
494 1115 560 1159 una
583 1099 707 1160 natura
730 1092 846 1160 divina
868 1096 976 1161 tribus
997 1092 1151 1184 personis
1172 1094 1364 1161 communis
1386 1093 1514 1181 (iuis)
1541 1118 1629 1184 quae
1650 1118 1671 1162 a

341 1206 438 1267 Patre
462 1200 738 1266 communicatur
763 1197 859 1280 Filio,
888 1223 908 1267 a
932 1206 1030 1267 Patre
1055 1203 1090 1264 et
1116 1198 1198 1265 Filio
1227 1200 1501 1267 communicatur
1527 1200 1672 1288 Spiritui

271 1300 276 1309 ’
340 1310 455 1372 sancto
476 1309 605 1400 (15363
630 1311 719 1387 iau.
746 1305 997 1393 istrionum
1022 1326 1099 1371 cum
1115 1304 1250 1373 dicatur
1277 1327 1284 1372 :
1312 1305 1428 1372 omnia
1454 1327 1542 1395 quae
1564 1306 1671 1372 Patris

341 1418 419 1478 sunt
434 1433 509 1478 meo
532 1425 631 1496 suul;
643 1423 825 1501 propterea
848 1418 912 1480 etc.
931 1411 1032 1478 ctiam
1050 1419 1193 1502 apparet
1206 1434 1310 1501 quam
1331 1412 1498 1480 absonum
1513 1411 1557 1479 sit
1577 1412 1672 1502 quod

342 1518 457 1604 graeei
471 1518 676 1586 schismatici
692 1523 824 1584 tentant
839 1519 882 1585 ad
896 1518 1118 1586 evertendum
1130 1527 1393 1606 argumentum,
1409 1519 1482 1585 scil.
1500 1518 1672 1609 explicare

342 1634 376 1692 ἐκ
390 1642 440 1694 τοῦ
456 1636 527 1711 ἐμοῦ
543 1626 566 1692 i.
589 1648 618 1691 e.
643 1647 682 1690 ex
700 1629 796 1692 Patre
817 1647 891 1692 meo
913 1625 969 1713 (ct.
994 1625 1114 1714 Cart).
1133 1626 1284 1692 Christus
1301 1631 1350 1692 est
1365 1638 1383 1709 ἡ
1399 1628 1526 1708 ἀλήθεια
1542 1625 1668 1714 (itu),

342 1753 382 1797 ex
393 1732 459 1799 hac
473 1735 616 1799 veritate
629 1730 775 1820 Spiritus
789 1731 1022 1813 annuntiabit;
1040 1733 1142 1821 proin
1162 1732 1226 1798 hoe
1242 1752 1381 1820 quoquc
1403 1752 1502 1797 sensu
1517 1737 1606 1798 recte
1622 1730 1672 1798 di·

343 1838 584 1905 citurdemeo.

549 2080 567 2146 tt
584 2080 775 2143 Discipulos
790 2081 911 2132 iterum
926 2081 1062 2132 visuros
1077 2092 1152 2132 assa
1168 2081 1277 2131 lesum
1295 2080 1465 2144 ists-33.

272 2259 276 2267 '
352 2256 982 2331 '16.lti.Modicumetiamnonvldebitisme;
1073 2267 1161 2327 iulo.
1176 2263 1271 2333 Μικρὸν
1291 2263 1423 2317 calciatu
1438 2265 1552 2334 θεωρεῖτέ
1571 2264 1675 2335 μι,καί

341 2363 369 2409 et
384 2360 484 2409 iterum
497 2358 647 2416 modicum,
659 2366 688 2408 et
699 2358 830 2408 videbitis
845 2371 890 2409 me
898 2360 984 2422 ;quia
1033 2352 1109 2406 πάλιν
1136 2353 1223 2423 μικρὸν
1254 2352 1296 2404 καὶ
1339 2353 1425 2424 discit
1462 2372 1508 2423 με,
1545 2354 1592 2419 (ὅτι
1622 2351 1674 2423 ἐγὼ

340 2447 413 2497 vado
437 2446 473 2496 ad
495 2447 617 2498 Patrem.
643 2448 683 2497 ll.
710 2448 845 2498 Dixerunt
865 2460 934 2512 ergo
949 2460 984 2497 ex
1033 2442 1121 2514 ὑπάγω
1145 2443 1203 2512 πρὸς
1233 2442 1277 2494 τὸν
1306 2446 1420 2512 πατέρα).
1455 2446 1494 2511 ll.
1524 2439 1610 2494 Εἶπαν
1629 2437 1673 2494 οὖν

341 2535 487 2599 discipulis
497 2538 558 2586 eius
570 2536 605 2586 ad
622 2538 741 2587 invicem
754 2551 760 2584 ι
774 2536 846 2595 Quid
859 2540 905 2587 cst
920 2537 982 2596 hoc,

340 2625 415 2689 quod
429 2624 496 2675 dicit
511 2625 592 2674 nobis
609 2639 614 2672 :
632 2610 781 2685 Modicum,
798 2633 827 2675 el
838 2638 894 2674 non
910 2624 984 2674 vide-

341 2714 405 2764 bitis
421 2726 478 2773 me;
494 2722 521 2763 ot
541 2714 642 2763 iterum
664 2715 817 2772 modicum,
834 2720 861 2765 et
876 2714 983 2764 videbi-

340 2805 376 2855 tis
392 2815 451 2867 me3
472 2806 500 2852 et
513 2803 580 2866 quia
595 2802 668 2853 vado
682 2803 717 2852 ad
734 2803 863 2852 Patrem?
880 2802 921 2852 18.
938 2802 985 2852 Dl-

342 2893 443 2943 cebant
462 2904 549 2955 ergo:
567 2891 640 2950 Quid
660 2896 702 2941 est
712 2892 779 2945 hoc.
801 2891 876 2955 quod
887 2890 955 2942 dicit
977 2903 983 2937 :

342 2980 497 3033 Modicum?
522 2982 662 3031 nescimus
686 2981 753 3044 quid
780 2981 913 3043 loquitur.
939 2980 980 3030 19.

343 3070 482 3134 Cognovit
498 3079 591 3119 autem
602 3057 683 3120 I'esus
695 3072 762 3133 quia
774 3071 906 3120 volebant
917 3082 982 3119 euin

343 3162 530 3224 interrogare,
548 3166 575 3208 et
587 3159 657 3208 dixit
667 3161 709 3209 eis
725 3173 731 3207 :
748 3158 789 3209 De
805 3160 858 3208 hoc
873 3160 985 3223 quaeri-

343 3251 378 3298 tis
394 3251 466 3298 inter
480 3261 540 3308 vos,
558 3250 624 3311 quia
638 3247 696 3297 dixi
709 3262 714 3296 :
728 3247 877 3308 Modicum.
890 3255 918 3299 el
928 3261 985 3298 non

342 3337 474 3389 ridebitis
490 3350 547 3395 ine;
565 3343 593 3387 et
610 3338 710 3387 iterum
731 3337 885 3397 modicum,
899 3343 927 3387 el
941 3339 985 3385 vi·

342 3425 446 3477 debitis
465 3439 519 3476 me.
537 3425 581 3475 ¹20.
597 3428 700 3485 Amen,
717 3438 798 3476 airaon
814 3424 984 3484 (linerolis,

343 3515 563 3580 quiaplorabitis
578 3521 606 3565 et
616 3512 720 3565 flebitis
729 3527 790 3572 vos,
802 3513 921 3565 mundus
934 3528 984 3564 au-

344 3610 398 3655 tem
413 3604 546 3667 gaudebit
559 3618 564 3651 :
575 3610 727 3654 vosautem
740 3604 983 3664 contristabimini,

343 3693 394 3744 sed
414 3695 526 3742 tristitia
545 3699 639 3743 vestra
658 3698 783 3742 vertetur
795 3695 823 3742 in
837 3695 982 3756 gaudium.

342 3782 386 3831 tt.
404 3782 502 3832 Mulier
518 3795 603 3845 quum
624 3785 710 3844 parit,
728 3783 868 3831 tristitiam
883 3783 982 3842 habel,

342 3872 408 3935 quia
424 3873 501 3920 venit
517 3872 586 3921 hora
600 3872 678 3930 εἰμες
696 3884 781 3934 quum
792 3880 885 3920 atatem
901 3883 984 3934 pepe·

1034 2529 1061 2583 ἔκ
1079 2536 1129 2584 τῶν
1150 2533 1266 2601 μαθητῶν
1295 2530 1371 2584 αίιτσῦ
1399 2533 1458 2600 πρὸς
1486 2529 1624 2610 ἀλλήλους,
1644 2531 1675 2583 Τί

1035 2620 1193 2673 ἔστιντοῦτο
1220 2621 1235 2672 θ
1260 2619 1328 2692 λέγει
1354 2619 1432 2689 ἡμῖν,
1458 2619 1553 2690 Μικρὸν
1579 2621 1621 2672 καὶ
1645 2619 1674 2672 αὖ

1035 2710 1149 2779 θεωρεῖτέ
1170 2728 1215 2778 με,
1243 2709 1284 2760 καί
1311 2708 1386 2761 πάλιν
1407 2708 1493 2778 μικρὸν
1522 2708 1564 2760 καί
1587 2709 1674 2780 ὄψεσθέ

1036 2816 1066 2868 με
1074 2816 1080 2862 ;
1102 2798 1157 2861 καὶ,
1179 2797 1236 2850 Ὅτε
1255 2797 1343 2868 ίιιειίγω
1362 2798 1421 2868 πρὸς
1439 2797 1482 2851 τ’σν
1506 2799 1611 2868 πατέραγ
1632 2801 1674 2852 is.

1036 2887 1123 2958 ἔλεγον
1153 2881 1210 2951 οὖν,
1240 2887 1263 2938 τί
1292 2885 1357 2939 ἔστιν
1386 2891 1459 2940 τοῦτο
1490 2889 1505 2939 ὃ
1533 2886 1618 2958 λέγει,
1646 2887 1674 2940 τὸ

1037 2977 1139 3047 μικρόν,
1160 2975 1204 3028 οὐκ
1228 2975 1331 3046 οἴδαμεν
1357 2976 1392 3044 (τί
1414 2976 1515 3043 λαλεῖ),
1547 2979 1589 3032 19.
1610 2975 1676 3047 ἔγνω

1040 3064 1135 3133 Ἰησοῦς
1153 3067 1192 3117 ὅτι
1211 3065 1300 3130 ἤθελον
1320 3064 1395 3118 αὐτὸν
1415 3065 1526 3136 ἐρωτᾷν,
1545 3065 1586 3117 καὶ
1606 3062 1675 3118 εἶπεν

1036 3154 1134 3223 αὗτσῖς,
1154 3155 1213 3225 Περὶ
1232 3154 1318 3207 τούτου
1337 3157 1436 3221 ζητεῖτε
1461 3156 1515 3226 μετ’
1539 3153 1675 3221 ἀλλήλων,

1037 3245 1075 3297 tu
1094 3241 1181 3311 είιιθν,
1201 3244 1299 3311 Μικρὸν
1319 3245 1360 3297 καὶ
1382 3243 1411 3297 οὗ
1435 3245 1550 3314 θεωρεῖτέ
1569 3263 1615 3314 με,
1635 3243 1678 3296 καί

1035 3333 1111 3386 auo
1137 3333 1224 3403 piprv
1249 3327 1294 3384 ἰιι
1326 3334 1413 3404 utare
1450 3353 1495 3403 μη
1526 3337 1570 3387 ro.
1609 3315 1688 3403 aaut

1037 3421 1104 3490 ἀμὴν
1122 3425 1188 3493 λέγω
1211 3422 1286 3491 ίιμῖν,
1317 3424 1355 3475 dtr
1383 3421 1502 3475 κλαύσετε
1521 3421 1563 3474 καί
1582 3422 1675 3492 θρηνή-

1036 3530 1090 3565 σετε
1113 3511 1197 3582 ὑμεῖς,
1223 3511 1237 3564 d
1265 3511 1291 3564 δὲ
1318 3515 1410 3582 κόσμος
1435 3511 1581 3584 χαρήσεταν
1606 3510 1678 3581 ίιμεῖς

1035 3600 1221 3667 λυπηθήσεσθε,
1241 3598 1304 3652 ἀλλ’
1327 3599 1426 3667 ήλὺκη
1446 3599 1515 3671 ὑμῶν
1540 3599 1573 3662 είς
1595 3599 1676 3670 χαρὰν

1035 3690 1174 3760 γενήσεται.
1196 3693 1239 3742 Ἡ.
1264 3688 1280 3755 ί)
1309 3687 1372 3759 γυνή
1399 3690 1459 3743 ὅταν
1484 3689 1570 3760 τίκεη,
1597 3687 1677 3746 λύπην

1035 3779 1102 3852 ἔχει,
1126 3780 1165 3831 ὅτι
1183 3773 1294 3844 ήλθενίγ
1318 3780 1372 3849 ὥρα
1391 3779 1475 3844 αὐτῆς·
1496 3779 1557 3830 θεαν
1576 3777 1602 3831 di
1622 3797 1679 3841 γεν·

1035 3867 1097 3939 νήση
1128 3868 1156 3920 τὸ
1192 3868 1304 3932 παιδίαν,
1338 3867 1419 3922 σῦκίτι
1459 3867 1608 3938 μνημονεθει
1636 3871 1680 3934 τῆς

343 3962 410 4010 rerit
425 3972 553 4023 puerum,
569 3961 623 4009 iarn
635 3973 691 4009 non
701 3961 827 4009 meminit
837 3972 984 4022 pressurae
1035 3957 1152 4028 θλίψεως,
1182 3957 1223 4008 διὰ
1256 3955 1302 4021 τήν
1345 3955 1442 4027 χαρὰν,
1478 3958 1517 4009 ὅτι
1555 3956 1677 4026 ἐγεννήθη

343 4053 457 4114 propter
475 4048 623 4111 gaudium,
645 4050 710 4111 quia
737 4053 818 4097 natus
838 4052 880 4098 est
899 4049 984 4099 homo
1034 4046 1162 4117 ἄνθρωπος
1189 4045 1223 4109 εἰς
1252 4046 1297 4099 τ’σν
1323 4047 1430 4115 κόσμον.
1460 4049 1504 4099 tl.
1538 4045 1580 4096 καί
1607 4045 1678 4115 ὑμεῖς

345 4142 372 4188 in
393 4139 535 4188 mundum.
553 4137 596 4186 lt.
615 4137 647 4186 Et
661 4151 713 4187 vos
732 4138 817 4199 igitur
832 4151 906 4187 nunc
920 4139 984 4200 qui·
1034 4129 1078 4187 oto
1099 4139 1140 4187 νῦν
1161 4134 1205 4206 μὲν
1230 4135 1311 4201 λίιαην
1338 4135 1418 4205 ίχετε·
1449 4134 1523 4187 πάλιν
1542 4134 1568 4187 δὲ
1587 4135 1679 4206 ὄψομαι

345 4229 408 4278 dom
424 4229 563 4276 tristitiam
580 4226 702 4285 habelis;
720 4229 820 4276 iturum
835 4230 928 4276 autem
941 4227 984 4275 vi·
1035 4224 1111 4295 ὑμᾶς,
1131 4225 1175 4276 καί
1193 4225 1330 4297 χαρήσεται
1348 4223 1420 4294 ὑμῶν
1432 4222 1447 4290 ἡ
1459 4223 1560 4293 καρδία,
1576 4224 1619 4276 καί
1634 4223 1680 4289 τήν

346 4317 418 4368 debo
438 4329 503 4374 vos,
525 4318 552 4365 ct
574 4316 707 4377 gaudebit
728 4328 775 4364 cor
801 4320 940 4376 vestrum,
957 4321 984 4366 et
1034 4312 1115 4384 χαρὰν
1134 4312 1203 4385 ίιμῶν
1222 4312 1301 4375 οὐδεὶς
1325 4312 1383 4384 ἀρεῖ
1406 4313 1446 4384 ἀρ’
1464 4312 1546 4384 ὑμῶν·
1573 4317 1617 4367 tl.
1639 4313 1681 4365 καὶ

347 4406 479 4469 gaudium
492 4406 614 4454 restrum
631 4417 712 4454 neruo
723 4404 926 4454 totletavobis.
939 4404 983 4455 is.
1036 4402 1060 4455 ἐν
1081 4401 1162 4474 ἐκείνη
1181 4405 1213 4474 τῇ
1237 4401 1318 4474 ἡμέρᾳ
1342 4402 1384 4474 ἐμὲ
1412 4402 1456 4456 σὺν.
1483 4401 1619 4472 ἐρωτήσετε
1639 4401 1681 4454 σθ·

348 4496 381 4545 El
395 4499 422 4544 in
437 4495 590 4545 illodieiuc
603 4506 659 4543 non
674 4495 809 4558 rogabitis
820 4493 982 4558 quidquam.
1035 4493 1087 4546 δέν.
1107 4490 1190 4562 Ἀμὴν
1210 4491 1276 4563 ἀμὴν
1296 4491 1471 4563 λέγωθμῖν,
1498 4492 1527 4543 ἄν
1558 4510 1581 4544 τι
1611 4489 1680 4557 αἰτή·

347 4585 452 4644 Αιιιειι,
469 4597 551 4634 amen
566 4582 629 4634 dico
644 4584 736 4637 vobis;
753 4587 776 4633 si
792 4582 858 4646 quid
871 4585 986 4647 potieri·
1036 4601 1094 4649 σηιε
1114 4581 1157 4634 τὸν
1181 4583 1287 4652 πατέρα,
1307 4583 1380 4634 δώσει
1398 4582 1457 4652 tati
1478 4580 1502 4633 ἔν
1522 4586 1557 4651 τῷ
1575 4579 1682 4651 ὀνόματί

348 4675 383 4724 lis
399 4674 509 4725 Patrem
531 4677 557 4722 in
577 4675 690 4722 nominc
709 4685 785 4730 inco,
802 4672 983 4723 dabltvobis.
1037 4691 1094 4741 μου.
1122 4675 1165 4724 ti.
1196 4672 1242 4734 ἕως
1270 4672 1326 4741 ἄρτι
1353 4671 1398 4723 οὐκ
1426 4669 1535 4742 ᾐτήσατε
1565 4668 1635 4723 atati
1655 4669 1680 4722 lu

347 4763 391 4814 ri.
415 4763 509 4827 Usque
529 4762 612 4813 modo
631 4775 687 4811 nou
706 4765 814 4825 petistis
833 4762 985 4826 quidquam
1037 4766 1073 4832 τῷ
1087 4759 1193 4831 ὀνόματί
1212 4775 1269 4832 μου·
1289 4759 1399 4825 αἰτεῖτε,
1419 4759 1462 4811 καὶ
1480 4758 1616 4831 λήμψεσθε,
1637 4760 1681 4810 ἵνα

349 4855 505 4902 innomine
521 4865 583 4902 meo
600 4867 606 4898 :
623 4853 723 4915 petite,
740 4852 937 4916 circumlatis,
954 4858 987 4901 ut
1036 4848 1052 4916 ή
1071 4849 1137 4921 χαρὰ
1156 4849 1227 4921 ὑμῶν
1248 4846 1262 4922 ί,
1284 4847 1476 4918 πεπληρωμένη.

349 4941 481 5006 gaudium
496 4949 620 4992 vostrum
634 4943 669 4991 sit
684 4941 808 5003 plenum.
1075 4944 1119 4996 25.
1139 4944 1215 4993 uita
1247 4940 1272 4991 ἐν
1298 4938 1445 5009 παροιμίαις
1463 4938 1592 5006 λελάληκα
1609 4937 1680 5008 ὑμῖν.
