4050 5648
354 668 388 723 et
408 677 538 746 pecora
561 661 653 743 eius,
679 665 835 741 θρέμματα
857 676 1006 743 eaquae
1033 659 1189 733 aluntur3
1205 675 1283 722 oves
1307 655 1462 747 intellige
1490 666 1526 728 et
1548 665 1683 748 capras.

400 768 594 843 Quaestioni
614 767 661 830 ite
676 762 860 848 respondet
873 766 978 843 lesus,
994 770 1033 830 ut
1049 793 1065 825 «
1077 787 1099 831 a
1111 768 1236 828 natura
1250 760 1332 828 doni
1344 786 1572 852 personarum
1589 764 1685 834 diffe-

356 874 503 939 rentiam
518 895 580 962 per
595 888 779 935 munerum
797 866 980 935 discrimen
994 869 1143 938 declaret
1163 875 1197 933 et
1216 889 1313 936 suam
1331 889 1437 959 supra
1451 874 1686 964 patriarchum

356 978 592 1047 excellentiam
614 1001 630 1034 »
649 974 759 1063 (Chr.)
781 999 812 1044 v.
837 982 877 1042 13
898 976 1073 1063 respondit
1091 976 1185 1042 Iesus·
1204 991 1237 1041 et
1251 974 1386 1043 dieite·
1400 979 1538 1046 :omnis
1556 979 1686 1070 quibi-

356 1087 443 1154 oeric
465 1107 508 1150 er
528 1103 623 1169 aqua
637 1080 714 1164 huc,
730 1083 822 1150 sitiet
838 1081 961 1147 iterum
966 1101 982 1164 ,·
1000 1085 1061 1174 qui
1074 1093 1189 1150 autem
1206 1083 1376 1165 biberitee
1387 1105 1480 1173 aqua
1499 1109 1605 1175 quam
1622 1108 1686 1177 eqo

356 1192 445 1260 dabo
455 1188 500 1270 ei,
511 1209 582 1253 non
594 1187 689 1256 sitiet
702 1191 739 1257 in
746 1201 945 1270 aeternum,
958 1189 1001 1257 cl.
1018 1197 1115 1272 6,35;
1130 1215 1147 1247 «
1165 1210 1255 1277 uque
1268 1189 1454 1256 materialis
1463 1212 1535 1259 non
1544 1199 1595 1259 est
1607 1216 1687 1283 per-

357 1302 461 1386 petua
479 1315 543 1360 nec
561 1318 702 1365 oausam
724 1297 828 1363 habet
847 1301 1052 1383 perpetuam
1064 1348 1073 1377 ,
1087 1293 1148 1360 sed
1167 1294 1402 1375 deficientem,
1418 1317 1605 1386 aquavero
1616 1298 1687 1389 spi·

290 1435 293 1442 ,
357 1400 492 1468 rituelis
506 1424 644 1471 eausam
658 1409 862 1493 perpetuam
877 1400 999 1485 habet,
1015 1403 1088 1469 scil.
1105 1400 1268 1490 Spiritum
1282 1409 1450 1486 sunctum,
1468 1401 1531 1492 qui
1544 1409 1596 1470 est
1608 1406 1687 1471 fons

358 1507 449 1575 vitae
464 1530 644 1600 nunquam
657 1509 837 1588 deficiens,
848 1514 882 1572 et
896 1506 972 1576 ideo
988 1507 1095 1599 quiex
1103 1529 1144 1574 ea
1159 1507 1247 1576 bibit
1253 1532 1324 1577 non
1335 1510 1427 1579 sitiet
1438 1509 1477 1577 in
1492 1514 1684 1585 oeternum,

247 1710 250 1716 ἢ
357 1614 446 1684 siout
464 1618 525 1706 qui
545 1613 689 1682 heberet
710 1616 748 1681 in
763 1621 881 1681 ventre
899 1613 1029 1681 fontem
1044 1635 1155 1703 aquae
1170 1615 1267 1682 rivae
1282 1637 1353 1684 non
1369 1618 1481 1686 sitiret
1493 1637 1649 1706 unquam
1668 1643 1685 1676 »

360 1721 529 1811 (Tlom.);
546 1743 578 1787 v.
603 1727 643 1788 lb
658 1719 824 1810 sedeque
842 1741 946 1809 quum
960 1743 1024 1811 eqo
1040 1718 1127 1787 dabo
1145 1721 1195 1804 ei,
1209 1721 1270 1811 fiet
1288 1722 1327 1789 in
1347 1744 1386 1790 eo
1399 1725 1484 1812 sons
1504 1745 1619 1815 aquae
1633 1744 1688 1789 sa-

358 1828 474 1896 lientis
488 1827 526 1893 in
545 1826 652 1893 vitam
665 1839 859 1909 retentam,
877 1848 919 1893 en
939 1829 1041 1908 ratio,
1059 1849 1121 1895 eur
1134 1849 1205 1894 non
1219 1829 1313 1895 sitiat
1334 1851 1508 1920 unquam,
1525 1831 1610 1919 quie
1628 1829 1688 1897 ba·

358 1935 417 2001 bet
434 1933 472 1999 in
482 1954 519 1999 se
532 1932 663 1999 iontem
678 1956 790 2024 oquae
802 1939 874 2001 tam
888 1933 958 2000 alte
972 1934 1168 2016 salientem
1187 1961 1203 1995 «
1223 1934 1428 2024 metaphora
1441 1940 1492 2002 est
1505 1957 1527 2002 e
1537 1935 1689 2002 lontibus

357 2045 496 2130 sumptu
516 2039 586 2107 ulte
602 2062 729 2128 nquam
749 2039 1015 2124 eiaculantibus;
1037 2041 1086 2108 sic
1104 2042 1197 2108 enim
1216 2041 1277 2132 qui
1296 2041 1461 2131 Spiritum
1480 2048 1637 2108 sanctum
1651 2041 1687 2107 in

358 2145 532 2227 sehabet,
554 2147 683 2213 fontem
696 2146 802 2214 hebet
820 2169 926 2237 usque
941 2145 985 2213 ad
1000 2147 1135 2214 coelum
1152 2147 1330 2215 salientem
1350 2176 1367 2209 »
1385 2146 1538 2237 (Mad).
1558 2146 1689 2214 Descri-

359 2252 453 2320 bitur
464 2254 582 2343 itaque
593 2253 707 2340 gretie
720 2253 867 2343 Spiritus
879 2253 1003 2335 saneti,
1022 2275 1111 2343 quae
1125 2254 1160 2320 in
1175 2276 1211 2320 se
1225 2259 1277 2321 est
1291 2253 1582 2344 incorruptibilis,
1599 2255 1690 2321 iner-

358 2360 501 2442 heusta,
520 2366 688 2450 perpetuo
703 2359 797 2427 sitim
810 2359 932 2427 sedens
950 2366 984 2428 et
1002 2359 1047 2427 ad
1070 2360 1178 2428 vitam
1192 2368 1368 2429 aeternam
1382 2360 1567 2429 sufficiens.
1586 2359 1689 2428 simi-

359 2466 439 2534 liter
459 2466 487 2533 si
511 2465 663 2534 Christus
684 2465 768 2534 dicit
790 2490 797 2534 :
818 2489 885 2554 ego
906 2488 982 2534 sum
1005 2466 1100 2550 vitis,
1122 2489 1183 2535 vos
1203 2467 1364 2558 palmites
1377 2557 1379 2561 ἶ
1392 2469 1517 2559 (15,5),
1540 2467 1691 2535 ostendit

359 2580 527 2664 perpetuo
549 2574 750 2664 palmitibus
771 2574 937 2664 quamdiu
960 2573 1094 2640 suntin
1115 2573 1185 2641 vite
1203 2574 1345 2652 affluere
1364 2580 1398 2642 et
1416 2574 1535 2663 edesse
1554 2597 1596 2642 ex
1620 2575 1690 2641 vite

359 2700 480 2746 sucum
499 2685 534 2746 et
549 2681 705 2767 vigorem
725 2702 837 2769 neque
856 2704 914 2748 eos
932 2680 1002 2749 alie
1020 2703 1056 2748 re
1070 2679 1245 2767 indigere;
1261 2681 1405 2771 proinde
1425 2664 1606 2771 pulmitem
1619 2702 1691 2747 non

361 2784 489 2852 hebere
505 2784 598 2874 quod
612 2786 701 2853 ultra
719 2785 901 2854 desideret.
919 2792 1028 2865 Quare
1046 2788 1169 2854 eodem
1190 2786 1292 2854 modo
1314 2788 1371 2854 hic
1385 2786 1469 2854 dicit
1491 2809 1499 2854 :
1517 2809 1586 2854 non
1599 2785 1691 2853 sitiet

360 2890 398 2959 in
415 2898 607 2959 ueternum.
631 2897 746 2983 Neque
769 2893 882 2961 obstet
899 2892 1142 2984 quod'dicitur
1163 2892 1265 2960 Eccli.
1284 2899 1386 2974 wll
1404 2916 1412 2958 :
1433 2894 1494 2983 qui
1510 2893 1619 2960 edunt
1635 2914 1691 2960 me

361 2997 478 3067 adbuc
494 2999 661 3082 esurient3
679 3001 787 3091 etqui
805 2999 932 3068 bibunt
949 3021 1003 3068 me
1018 2999 1132 3067 udhuo
1147 3000 1279 3081 sitient;
1296 3022 1379 3067 narn
1391 2999 1441 3066 ibi
1455 3021 1568 3066 sermo
1580 3004 1630 3067 est
1648 2998 1691 3066 de

361 3105 532 3174 desiderio
544 3107 732 3196 sapientiae
747 3113 781 3174 et
795 3107 1000 3195 cognitionis
1015 3106 1169 3186 divinoe,
1191 3128 1296 3196 quum
1314 3106 1343 3173 si
1360 3107 1436 3197 quis
1450 3105 1642 3193 gustaverit
1655 3105 1693 3172 iu

361 3234 403 3279 ea
426 3212 560 3280 maiore
577 3236 617 3280 ac
642 3214 743 3303 plura
763 3235 898 3281 summa
915 3214 1090 3303 voluptate
1110 3200 1284 3303 percipere
1303 3218 1338 3280 et
1356 3212 1554 3300 intelligere
1569 3213 1689 3300 gestit,

362 3324 418 3386 est
428 3319 502 3385 scil.
517 3321 645 3387 esuries
660 3326 693 3386 et
706 3320 793 3402 sitis,
810 3342 881 3387 non
894 3321 1100 3402 molestiam,
1113 3318 1174 3386 sed
1183 3319 1446 3387 delectationem
1463 3319 1621 3387 afferens.

407 3426 536 3507 Mulier,
559 3425 648 3492 sicut
665 3427 735 3493 iem
754 3427 790 3493 in
811 3450 842 3493 v.
866 3435 920 3495 11.
943 3434 984 3493 12
1003 3426 1166 3494 eximiam
1185 3425 1228 3492 de
1251 3430 1324 3494 lesu
1339 3426 1540 3516 opinionem
1556 3447 1593 3493 se
1608 3448 1692 3492 con·

363 3532 492 3620 cepisse
505 3532 653 3598 ostendit
673 3533 812 3623 (Iam),
834 3533 883 3600 itu
898 3532 1047 3600 sermoni
1069 3532 1150 3599 huic
1170 3532 1363 3622 simplicem
1377 3533 1523 3600 adhibet
1540 3532 1644 3600 fidem
1659 3537 1694 3598 et

363 3638 544 3706 recordata
563 3638 660 3706 verbi
680 3641 752 3706 eius
773 3645 836 3707 :tu
855 3641 995 3730 petisses
1012 3644 1079 3707 etc.
1098 3661 1131 3706 v.
1157 3646 1198 3705 10
1216 3661 1351 3706 summa
1370 3661 1510 3729 quoque
1527 3638 1693 3729 simplici-

363 3749 433 3812 tate
448 3746 536 3834 petit
550 3768 582 3811 v.
604 3752 644 3812 15
660 3745 745 3812 dicit
763 3746 811 3813 ad
824 3769 902 3814 eum
921 3745 1071 3812 muilier:
1089 3746 1251 3827 Domine,
1266 3743 1311 3812 da
1333 3745 1420 3812 milti
1438 3747 1528 3813 banc
1541 3768 1691 3837 aquom,

364 3863 402 3918 ut
416 3874 484 3918 non
504 3852 623 3918 sitiam
642 3875 753 3942 neque
770 3855 908 3920 veniam
927 3853 993 3920 huc
1015 3853 1176 3940 haurire,·
1188 3877 1209 3920 a
1230 3852 1362 3944 duplici
1383 3852 1537 3919 molestia
1562 3853 1636 3919 vult
1651 3852 1695 3919 li-

364 3958 479 4025 berari
499 3962 532 4024 et
551 3959 652 4047 quale
673 3958 881 4026 beneficium
905 3959 971 4026 sibi
993 3961 1149 4027 futurum
1173 3961 1216 4027 sit
1234 3958 1401 4046 agnoscit.
1425 3963 1545 4048 Neque
1567 3959 1694 4025 mirum

364 4070 414 4133 est
428 4087 503 4132 eam
523 4064 635 4131 solum
658 4066 701 4132 de
724 4088 816 4156 aqua
843 4065 1017 4155 corporali
1043 4065 1215 4152 cogitere;
1238 4087 1318 4132 nam
1337 4064 1423 4132 illud
1443 4064 1479 4130 in
1496 4077 1691 4147 aeternum,

364 4173 402 4239 in
427 4173 537 4240 vitam
562 4185 738 4239 aeternam
763 4171 933 4240 intellexit
959 4173 1003 4240 de
1032 4172 1142 4262 spatio
1165 4174 1254 4240 vitoe
1275 4171 1488 4241 indefinito:
1515 4195 1584 4240 non
1604 4172 1695 4242 sitiet

364 4298 537 4370 unquam;
556 4280 599 4345 el.
618 4278 714 4346 hebr.
734 4268 809 4374 ubit
826 4285 859 4347 et
878 4301 886 4347 ε
902 4302 960 4346 rex
973 4279 1010 4347 in
1025 4285 1205 4347 ueternum
1221 4279 1295 4346 vive
1312 4280 1410 4368 (Neh.
1426 4279 1513 4368 23).

601 4547 622 4615 et
638 4551 733 4602 Iesus
749 4566 824 4604 sese
838 4551 1033 4604 manifestat
1047 4550 1286 4604 Samaritanae
1302 4550 1455 4612 4,16·26.

401 4754 474 4814 nlo.
496 4756 569 4805 Dicit
592 4759 618 4807 el
643 4757 739 4806 lesus:
763 4756 855 4817 Vade,
875 4767 944 4806 voca
962 4759 1004 4806 vl·
1085 4756 1161 4819 tto,
1185 4755 1256 4821 Λέγει
1283 4750 1346 4824 αὗτῇ
1376 4752 1401 4823 (d
1433 4752 1555 4821 Ἰησοῦς),
1584 4751 1694 4822 Ὕπαγε,

363 4846 538 4904 sumtuum,
561 4850 588 4894 et
608 4847 673 4896 veni
694 4845 757 4896 bue.
786 4846 828 4897 17.
850 4845 1004 4907 Respondit
1045 4843 1160 4913 φώνησόν
1185 4859 1229 4892 σου
1252 4840 1295 4894 τὸν
1320 4841 1413 4913 ἄνδρα,
1434 4842 1477 4893 ael
1509 4840 1566 4894 llll
1589 4839 1689 4898 letter.

363 4933 473 4989 mulier,
490 4934 518 4981 et
533 4933 705 4984 dixittNon
720 4935 919 4987 habeovirum.
931 4934 1005 4985 Dicit
1050 4936 1090 4986 17.
1113 4929 1267 5002 ἀπεκρίθηῆ
1294 4930 1357 5002 γυνὴ
1386 4931 1428 4984 ml
1446 4927 1516 4984 εἶπεν
1536 4930 1616 5002 αὐτῷ,
1638 4929 1692 4982 Οὔκ
