4116 5648
1470 144 1541 182 ‘a
1543 110 1694 191 wi

293 125 826 265 ·³r4ffisssff'³
823 132 1194 252 mama*
1165 119 1410 227 Qff

788 208 1306 323 „ffatvffiamfflewa
1268 173 1392 271 ’Ἰν
1355 220 1525 299 wopan
1524 210 1776 292 domama„

967 547 1055 594 roan.
1078 535 1160 608 hal.
1672 539 1730 599 lit

402 701 467 754 res,
489 687 696 749 ascendentes
712 683 792 744 dum
807 685 960 747 sublimia
974 686 1170 764 proponant,
1189 671 1442 757 descendentes,⁸
1451 683 1530 745 dum
1543 682 1583 746 ad
1597 683 1728 762 captum

401 782 636 862 simpliciorum
656 781 825 866 simplicia
838 784 1012 863 loquantur
1031 782 1116 861 (sim.
1133 777 1246 861 Beda).
1264 780 1327 841 iiii
1347 779 1379 838 in
1398 783 1520 842 cunctis
1534 781 1725 844 miraculiaa

401 880 524 944 Christo
541 880 674 962 patratis
697 881 793 943 verba
815 881 871 943 iila
894 879 1030 956 exprimi
1054 877 1264 952 arbitrantur3
1281 876 1344 937 dici
1362 876 1431 938 scil.
1444 879 1572 957 angelos
1593 881 1725 961 figurata

403 978 536 1042 virtutes
551 977 706 1061 coelestes
718 984 751 1040 et
765 995 861 1056 saepe
875 993 983 1039 revera
996 970 1224 1057 (alias'saltem)
1240 974 1394 1036 miracula
1409 975 1526 1053 patrari
1544 976 1583 1037 ab
1602 979 1723 1056 angelis

402 1075 525 1155 (Matth.
549 1075 632 1147 982.
654 1074 739 1138 loan.
760 1079 823 1147 M·
845 1078 914 1137 het.
937 1076 1021 1154 izi)
1048 1072 1098 1134 vel
1122 1071 1267 1151 prodigia
1288 1072 1407 1153 angelis
1428 1072 1557 1135 attribui
1582 1070 1723 1153 (Beelen,

402 1172 524 1254 Maior).
538 1172 697 1235 Declarari
712 1172 1008 1235 reconciliationem
1024 1189 1096 1234 cum
1113 1172 1178 1232 Deo
1195 1174 1228 1231 et
1242 1169 1472 1232 commercium
1487 1170 1569 1232 inter
1580 1173 1682 1234 Deum
1698 1176 1729 1234 et

403 1270 549 1333 Messiam
564 1275 596 1332 et
609 1272 756 1335 homines
770 1269 973 1351 pergratiam
992 1269 1130 1350 Spiritus
1146 1268 1261 1342 sancti;
1279 1268 1406 1349 angelos
1421 1266 1561 1331 exhiberi
1578 1270 1636 1332 Dei
1649 1289 1732 1334 uun·

403 1369 464 1429 tius
477 1367 518 1429 ad
529 1370 679 1431 mandata
691 1368 762 1429 eius
773 1366 977 1447 perferenda,
992 1368 1031 1429 ad
1045 1366 1180 1429 salutem
1192 1367 1441 1447 promovendam
1451 1363 1552 1448 (Scir.
1567 1367 1627 1453 sim
1640 1365 1731 1449 aa).

775 1617 797 1687 ι)
817 1620 968 1674 Primum
989 1621 1067 1690 Iesu
1087 1619 1221 1684 signum
1239 1620 1368 1687 a,1·11.
1432 1584 1435 1590 .

441 1799 496 1860 i,i.
510 1797 544 1848 Et
558 1797 605 1848 dle
619 1798 701 1848 tertia
715 1797 830 1860 nuptiae
840 1796 932 1848 iactae
942 1801 1007 1848 aunt
1020 1799 1047 1847 ln
1128 1797 1185 1856 zi.
1205 1793 1253 1846 itai
1275 1798 1307 1866 τῇ
1329 1795 1398 1868 τρίτηΙ
1420 1793 1500 1868 ἡμέρα
1527 1780 1607 1869 γέμος
1632 1798 1730 1871 έγένιτο

406 1889 484 1939 Caua
498 1885 641 1938 Galilaeae
659 1899 665 1934 :
681 1890 711 1937 et
731 1889 793 1937 erat
806 1890 898 1936 mator
918 1885 981 1937 lecu
999 1885 1047 1936 ibi.
1091 1881 1116 1936 έν
1138 1881 1207 1936 hasla
1224 1886 1268 1950 τῆς
1286 1883 1431 1948 Γαλιλαίας·
1449 1885 1492 1940 καί
1508 1881 1568 1955 lvii
1588 1887 1670 1960 μητηρ
1683 1894 1727 1944 τοῦ

407 1978 432 2030 t.
448 1977 572 2027 Vocatus
586 1981 630 2026 eat
642 1980 737 2025 autem
755 1977 785 2026 et
806 1974 900 2036 laeua,
917 1977 946 2026 et
964 1974 1049 2026 disci·
1094 1969 1178 2039 ’ίησοθ
1196 1975 1261 2030 laet.
1281 1976 1308 2028 2.
1328 1971 1421 2041 ίιληθη
1439 1973 1467 2028 tl
1484 1975 1526 2028 ναί
1542 1975 1557 2029 θ
1578 1974 1673 2046 Ἰησοῦς
1689 1979 1732 2033 καί

406 2065 465 2132 pull
477 2052 717 2127 eihsadnuptiaa.
729 2063 754 2114 3.
767 2063 802 2114 at
811 2061 960 2116 deliciante
970 2065 1047 2126 vino,
1090 2061 1115 2113 οί
1146 2061 1255 2134 μαθηταί
1282 2062 1358 2116 abach
1385 2061 1419 2126 τίς
1445 2063 1489 2117 τθν
1513 2066 1609 2137 γέμον.
1634 2071 1660 2122 3.
1687 2067 1731 2122 καθ

407 2155 473 2207 dicit
491 2156 580 2206 mater
601 2154 665 2204 lesu
689 2152 724 2204 ad
748 2165 814 2204 aum
836 2166 844 2203 :
868 2153 972 2204 Vinum
992 2166 1050 2204 non
1090 2150 1269 2221 θστιρήσαντος
1300 2150 1384 2218 οίνου,
1413 2152 1482 2224 λέγιι
1516 2151 1533 2221 ἡ
1570 2155 1653 2227 μητηρ
1688 2161 1731 2210 τοῦ

407 2244 521 2296 habant.
541 2242 566 2292 i.
584 2242 618 2292 at
638 2242 705 2293 dicit
725 2244 751 2292 ei
769 2243 874 2294 ieaua:
893 2241 967 2302 Quid
982 2243 1050 2292 mihi
1095 2237 1179 2307 Ἰησοῦ
1203 2240 1262 2311 προς
1289 2240 1378 2306 ababa,
1398 2238 1476 2295 Οἶνον
1499 2241 1544 2296 oda
1566 2243 1675 2316 έχουσιν.
1706 2251 1732 2302 l.

408 2329 504 2399 attibi
521 2336 578 2393 eat,
598 2330 714 2382 mulieri
736 2330 862 2382 nondum
883 2332 961 2381 venit
980 2332 1051 2382 hora
1092 2329 1134 2382 καί
1151 2329 1221 2401 λέγει
1240 2328 1302 2403 αὕτη
1321 2329 1336 2383 θ
1357 2328 1466 2398 Ἰησοῦς,
1485 2331 1516 2385 Τί
1538 2331 1595 2404 έμοί
1616 2336 1658 2387 ναί
1675 2336 1729 2402 σοί,

408 2435 480 2474 mea.
494 2423 518 2472 5.
531 2421 605 2472 Dicit
617 2426 707 2473 mater
719 2421 780 2472 eius
790 2419 1050 2480 miniatrlatouod·
1091 2418 1179 2489 γένος
1204 2417 1273 2473 οὕτω
1300 2419 1355 2485 baar
1381 2419 1397 2487 ί]
1423 2421 1477 2492 ὥρα
1502 2441 1558 2492 μου.
1581 2428 1606 2478 5.
1625 2422 1692 2495 λέγοι
1713 2422 1729 2492 η

408 2523 528 2576 cumque
542 2511 645 2561 dixerit
658 2510 753 2572 vobis,
769 2509 861 2561 tacite.
946 2547 949 2553 .
1036 2546 1038 2551 ·
1093 2507 1176 2580 μήτηρ
1198 2507 1274 2562 abacti
1292 2511 1344 2572 τοῖς
1366 2509 1499 2575 διατόνοις,
1519 2509 1553 2563 '0
1571 2531 1595 2564 τι
1615 2512 1646 2565 έν
1670 2512 1732 2587 λέγγΙ

446 2600 472 2652 6.
484 2600 570 2651 Erant
580 2603 674 2651 autem
684 2600 723 2650 ibi
732 2599 862 2665 lapideae
872 2599 990 2662 hydriae
1001 2611 1051 2650 aex
1091 2597 1163 2668 ipio,
1178 2598 1309 2665 τοιηοατι.

410 2692 518 2755 positae
529 2689 682 2741 secundum
697 2687 1053 2754 puriiicationemludaeo·
1129 2690 1155 2741 6.
1176 2685 1260 2739 Ἦσαν
1283 2685 1310 2740 ai
1335 2685 1500 2741 tuillium
1524 2688 1604 2761 θθρίαι
1625 2689 1651 2754 lt
1667 2691 1731 2747 ιιατθ

411 2793 486 2841 rum,
508 2781 651 2848 capientes
670 2777 800 2843 singulae
813 2780 949 2829 metretas
971 2777 1053 2827 hlnaa
1093 2775 1136 2829 r'ov
1176 2775 1328 2848 καθαρισμὸν
1365 2782 1414 2830 τῶν
1450 2775 1576 2832 Ἰουδαίων
1606 2781 1731 2854 κείμεναι,

411 2869 455 2919 vel
475 2872 580 2922 ternae.
599 2869 626 2918 ῖ.
650 2867 723 2918 Dicit
744 2868 787 2919 ela
806 2868 909 2918 lesus:
935 2867 1052 2931 implete
1093 2868 1222 2936 χωροῦσαι
1245 2863 1293 2918 aaa
1312 2864 1433 2938 μιτρητθς
1451 2866 1495 2919 aba
1513 2868 1528 2934 η
1547 2871 1621 2938 τριές.
1642 2873 1668 2924 i.
1688 2868 1732 2924 λέ·

411 2958 525 3021 hydrias
538 2970 623 3022 aqua.
639 2957 673 3007 Et
692 2957 879 3021 impleverunt
900 2968 949 3007 eaa
963 2967 1054 3019 usqua
1093 2973 1133 3025 γιι
1157 2952 1241 3017 αθτοῖς
1262 2953 1277 3007 θ
1309 2952 1417 3023 Ἰησοῦς,
1437 2954 1556 3026 Γιμίσατι
1582 2955 1625 3020 τὰς
1650 2957 1733 3030 θθρθας

411 3047 642 3099 adsummuma.
652 3046 687 3101 Et
694 3045 761 3096 dicit
770 3045 811 3098 als
822 3045 904 3097 iesus
917 3059 924 3096 :
937 3045 1054 3095 Haurite
1094 3043 1192 3106 ὕδατος.
1212 3043 1255 3096 καί
1273 3041 1389 3114 ἐγέμισαν
1408 3042 1482 3107 abab<
1500 3046 1545 3107 ίως
1563 3046 1625 3102 dvo.
1646 3051 1672 3102 8.
1692 3048 1735 3102 καί

412 3149 500 3197 nunc,
520 3137 549 3186 et
562 3134 633 3185 terte
652 3135 852 3188 architriclino.
869 3134 904 3184 Et
919 3134 1052 3185 tulerunt.
1094 3132 1164 3203 λέγει
1182 3131 1277 3196 αθτοές,
1292 3131 1443 3198 Ἀντλήσατε
1463 3137 1516 3202 νῦν,
1536 3135 1579 3188 καί
1595 3136 1678 3206 ρίριτι
1696 3141 1734 3209 τῷ

412 3227 439 3276 θ.
451 3225 591 3276 Utautem
600 3225 725 3288 gustavit
735 3223 942 3277 architriclinus
952 3234 1054 3285 aquam
1096 3220 1285 3293 ἀρχιτρικλίνῳ.
1304 3221 1329 3274 οἶ
1346 3221 1373 3275 ai
1390 3220 1507 3293 ἦνιγτιαν.
1524 3227 1550 3278 θ.
1564 3223 1598 3287 ὣς
1616 3224 1642 3278 bt
1660 3225 1734 3298 θγνθ·

412 3317 507 3365 vinum
522 3314 623 3365 iactam
638 3315 666 3363 et
681 3326 737 3362 non
751 3312 857 3368 ”tabat
871 3312 946 3362 unde
964 3313 1054 3372 στερη
1097 3329 1158 3362 οατο
1176 3309 1191 3363 θ
1210 3309 1389 3384 ἀρχιτρίκλινος
1406 3311 1435 3364 τ“ο
1457 3311 1521 3382 θθιορ
1540 3310 1609 3366 οἶνον
1627 3333 1735 3387 γιγινη-

412 3404 531 3454 ministri
554 3407 648 3453 autem
668 3401 811 3462 sciebant,
832 3401 881 3473 qul
904 3401 1057 3450 hauserant
1098 3399 1187 3471 μένον,
1208 3398 1250 3452 ιιαί
1271 3398 1317 3452 οὖν
1339 3400 1393 3472 ,ηὸτι
1414 3400 1488 3454 πθθιν
1507 3400 1582 3455 ίστίν·
1602 3402 1624 3456 τί
1642 3403 1668 3458 δέ
1685 3404 1738 3459 tad·

413 3505 531 3557 aquam,
558 3496 640 3542 vocat
668 3503 802 3554 sponsum
832 3489 1054 3563 architriclinus,
1098 3507 1168 3540 νονοι
1186 3488 1286 3560 ᾔδεισαν
1309 3488 1334 3541 οέ
1352 3487 1501 3556 ἠντληκότες
1525 3491 1553 3544 τὸ
1571 3490 1646 3565 θθιορ·
1661 3497 1743 3565 puori

417 3581 459 3632 io.
475 3581 509 3631 at
524 3581 591 3632 dicit
602 3579 758 3630 ei:0mnia
772 3581 858 3629 homo
870 3577 1057 3643 primumbo-
1098 3576 1142 3630 τὸν
1166 3577 1268 3648 νυμφίον
1291 3576 1306 3629 ὁ
1333 3577 1528 3649 έρριτρίιλινος,
1552 3584 1592 3636 io.
1612 3582 1655 3635 καί
1671 3582 1741 3655 λέγιι

415 3683 481 3721 num
504 3672 601 3732 uinum
626 3670 719 3732 ponit,
746 3672 791 3729 et
813 3680 900 3731 quum
927 3666 1059 3721 inebriati
1099 3664 1183 3737 αὐτῷ,
1199 3665 1250 3728 [Ιας
1264 3665 1393 3737 ένθροινιος
1410 3668 1541 3739 πρῶτον
1519 3687 1563 3722 τον
1577 3669 1655 3724 ιιαλθν
1669 3669 1741 3726 οἶνον

414 3760 532 3819 luerint,
545 3758 652 3810 tuncld
666 3757 741 3822 quod
754 3756 880 3808 daterlua
893 3757 951 3816 eat,·
967 3757 1058 3807 biau-
1100 3755 1197 3822 τίθησιν
1224 3754 1267 3808 καί
1289 3756 1350 3808 θταν
1374 3756 1537 3828 μεθυσθῶσιν,
1560 3758 1604 3812 τθν
1630 3759 1741 3832 tiam

416 3851 471 3900 tem
486 3848 605 3899 servasii
618 3847 724 3897 bonum
738 3848 834 3896 vinum
849 3857 941 3909 usque
954 3844 1057 3895 adhuc.
1101 3844 1132 3896 ab
1151 3844 1286 3915 τιτηρηιιας
1309 3863 1352 3897 τον
1371 3845 1448 3899 ιιαλθν
1467 3845 1573 3900 οἶνον
1558 3867 1604 3911 ιως
1622 3848 1686 3920 έρτι

455 3938 496 3988 ll.
519 3937 579 3988 lloc
600 3936 664 3986 lacit
684 3936 794 3986 initium
811 3935 957 3998 signorum
980 3933 1059 3984 Iesus
1142 3936 1183 3988 ll.
1203 3933 1300 4001 Ταύτην
1324 3932 1436 4001 lactucas
1460 3933 1540 4007 ὀργὴν
1564 3943 1612 3990 τῶν
1630 3939 1740 4010 σημιθιον

417 4027 533 4078 incana
542 4025 685 4076 Galilaeae
692 4026 735 4084 ;et
745 4021 1060 4086 maulieatavrtgloriam
1102 4021 1116 4073 θ
1134 4020 1231 4088 Ἰησους
1249 4021 1275 4075 έν
1300 4018 1416 4075 Kana
1386 4042 1430 4090 της
1451 4023 1600 4090 Γαλιλαίας,
1619 4027 1661 4080 ναὶ
1684 4027 1742 4100 θρα·

417 4130 510 4176 suam,
534 4121 561 4166 et
586 4113 765 4164 crediderunt
786 4114 816 4163 ln
841 4125 907 4164 eum
930 4109 1060 4173 discipuli
1103 4110 1207 4180 νέρωσιν
1226 4108 1273 4176 τὴν
1290 4110 1364 4173 δόξαν
1383 4110 1467 4164 abaci·
1489 4113 1530 4165 ναί
1547 4113 1689 4170 ίιιίοτιυσαν
1707 4116 1741 4181 ιίς

419 4208 489 4257 elus.
1104 4197 1180 4252 attae
1199 4198 1223 4252 οθ
1243 4200 1352 4272 μαθηταί
1369 4199 1452 4254 αθτοῦ.

456 4405 488 4455 ln
503 4417 530 4453 ν.
549 4405 557 4453 i
577 4401 657 4453 codd.
679 4402 763 4465 longe
777 4397 840 4463 pler
855 4399 943 4448 ίινιέο.
960 4399 992 4449 ln
1013 4411 1040 4446 ν.
1059 4397 1073 4447 3
1089 4403 1149 4449 vett
1163 4399 1201 4462 pl.
1219 4399 1323 4451 habent
1343 4413 1349 4449 :
1370 4407 1398 4452 et
1416 4403 1512 4453 vinum
1534 4417 1589 4454 non
1611 4405 1751 4459 habebant

422 4495 555 4558 quoniam
573 4493 794 4542 consummatum
810 4485 931 4555 (linitum
945 4488 963 4538 b
983 4484 1005 4552 r)
1026 4488 1087 4537 arat
1101 4488 1197 4537 vinum
1213 4490 1372 4553 nuptiarum
1386 4497 1414 4541 et
1429 4490 1496 4541 dicit
1516 4497 1604 4543 mater
1618 4493 1697 4556 Iesu,·
1712 4498 1751 4547 ita

422 4596 533 4647 quoquo
548 4581 580 4631 Ti
595 4580 748 4631 secuudum
763 4576 804 4634 κ’.
822 4576 854 4626 lu
868 4576 926 4625 at
946 4576 996 4627 tibi
1016 4581 1044 4628 et
1063 4576 1132 4625 mihi
1151 4589 1197 4626 am
1216 4577 1272 4627 dun
1291 4576 1350 4627 iuld
1368 4577 1423 4629 hub
1437 4577 1501 4630 med
1515 4587 1542 4630 st
1555 4579 1622 4632 lind.
1639 4583 1671 4634 ln
1690 4597 1717 4635 ν.
1734 4585 1751 4637 9

422 4671 478 4721 add
492 4687 508 4722 a
524 4672 541 4722 b
556 4684 570 4721 r
584 4674 613 4720 et
625 4668 753 4719 videntes
767 4666 869 4717 lactum
882 4665 1064 4715 mirabantur.

469 4864 565 4943 Quod
581 4859 791 4962 euangelista
808 4864 887 4943 1,st
900 4863 1094 4925 asseruerat
1109 4878 1118 4926 τ
1134 4855 1281 4926 vidimus
1295 4857 1443 4947 gloriam
1456 4859 1544 4946 eius,
1560 4863 1629 4931 iam
1643 4863 1754 4936 decla·

430 4993 507 5041 rare
523 4969 656 5062 incipit.
673 4970 739 5034 Cur
757 4967 849 5034 enim
873 4966 963 5033 hanc
983 4964 1106 5034 allerat
1128 4966 1377 5052 narrationem,
1399 4967 1488 5037 clare
1508 4970 1645 5060 exponit
1662 4973 1700 5042 in
1718 4998 1752 5042 ν.

1780 122 1902 163 αγιίι

1562 162 1701 231 σοι
1712 165 1768 207 ''·<·
