4116 5648
699 384 783 430 rom.
810 367 964 435 raro-eo.
1185 343 1188 347 ’
1439 365 1497 427 roe

165 538 277 598 secro,
294 515 467 586 victimam
484 537 538 582 me
558 516 669 584 efficio
684 518 728 584 ad
744 517 780 584 id
797 518 1009 583 exorandum
1025 536 1163 605 quoque
1183 514 1276 605 quod
1292 535 1385 581 nunc
1400 537 1496 602 rogo,

168 624 346 712 meipsum
361 645 521 692 consecro
537 623 684 691 hostiam
700 621 866 691 sacrificio
884 620 1150 698 immolandam3
1174 651 1190 681 α
1211 622 1361 711 quidest
1380 645 1387 689 :
1405 634 1500 688 sanc-

115 765 120 778 ·
169 730 261 798 rifico
281 751 334 797 me
358 732 490 823 ipsum?
511 743 668 818 προσφέρω
689 760 733 797 aa
759 739 874 811 tortam
896 729 1064 796 sacrificia
1080 750 1159 794 voro
1180 731 1296 794 omnia
1311 735 1427 796 sancta
1446 728 1498 794 di-

77 914 78 917 *
170 843 295 904 cuntur
319 845 352 905 et
379 837 518 928 proprie
538 847 654 904 sancta
678 860 765 924 quae
787 841 852 901 Deo
884 842 1080 902 consecrata
1104 842 1183 900 sunt
1212 863 1228 894 ι»
1258 833 1382 922 (Clau).
1406 834 1499 912 Quod

172 942 279 1011 Mald.
297 944 379 1011 dicit
399 965 407 1010 :
432 972 447 1003 ι(
470 966 589 1010 omnes
604 964 744 1030 prorsus
763 949 916 1009 auctores
931 964 1017 1030 quos
1030 964 1094 1026 ego
1114 941 1256 1026 legerim
1272 943 1500 1030 interpretan-

170 1056 226 1119 tur
243 1074 251 1121 :
267 1051 392 1143 procis
414 1071 467 1116 me
484 1049 521 1118 in
536 1048 742 1117 sacrificium
757 1050 880 1128 offero,
899 1071 962 1115 nco
975 1048 1119 1115 dubium
1136 1054 1189 1114 est
1203 1048 1287 1136 quin
1303 1048 1338 1114 id
1359 1048 1500 1115 verbum

173 1157 345 1248 significet
361 1185 395 1238 a,
417 1157 557 1224 omnino
574 1157 854 1223 retinendumest
871 1157 927 1242 (cf.
949 1157 1027 1243 Cpr.
1053 1158 1078 1220 Τ
1077 1155 1196 1244 heoplt.
1216 1155 1319 1221 Ereta.
1338 1158 1416 1221 Bar.
1435 1161 1498 1222 etc.

168 1269 260 1333 etex
283 1263 528 1330 recentioribus
556 1265 650 1329 Patr.
685 1264 773 1329 Cor-l.
797 1263 900 1351 Scqu.
924 1261 1024 1329 Setae.
1051 1262 1117 1328 Fit.
1145 1265 1227 1350 Kep.
1250 1261 1336 1343 Keil,
1367 1264 1499 1350 ll·⁵'er'ss).

168 1369 478 1460 Namsunctificare
494 1392 557 1435 vox
577 1375 628 1435 est
651 1369 826 1436 sollemnis
850 1370 891 1435 de
914 1371 953 1434 iis
968 1392 1057 1457 quae
1073 1392 1136 1458 pro
1158 1374 1223 1433 Deo
1243 1368 1448 1455 seliguntur,
1466 1376 1503 1435 ut

168 1477 200 1545 ei
214 1484 465 1558 consecrentur,
483 1479 517 1542 in
537 1477 745 1544 sacrificium
760 1477 964 1554 offerentum
983 1477 1061 1542 ride
1079 1481 1133 1542 Ex.
1162 1482 1255 1557 ¹333
1273 1482 1385 1556 2838.
1406 1482 1499 1542 Deut.

172 1590 288 1666 15‚19;
307 1590 385 1667 229
401 1589 465 1651 etc.
489 1588 594 1651 Suum
609 1584 726 1673 itaque
741 1583 947 1650 sacrificium
965 1583 1060 1671 quod
1078 1582 1115 1649 in
1131 1605 1230 1648 cruce
1245 1582 1344 1648 offert
1359 1587 1501 1649 mortem

170 1690 305 1774 obiens,
322 1690 387 1757 hoc
410 1692 561 1779 pretium
586 1712 740 1757 summae
763 1689 1012 1757 aestimationis
1032 1712 1094 1779 pro
1122 1688 1316 1777 discipulis;
1334 1691 1369 1754 in
1385 1711 1502 1755 eorum

170 1796 353 1864 utilitatem
372 1803 405 1864 et
416 1797 632 1862 commodum
648 1797 705 1883 (ct.
721 1804 817 1877 &523
836 1803 946 1876 10,11.
969 1804 1025 1874 15;
1048 1804 1157 1874 1513.
1177 1805 1188 1860 1
1209 1799 1503 1882 loan.3,16),Pa·

170 1904 215 1971 tri
234 1907 472 1993 repraesentat
493 1909 526 1969 et
546 1904 637 1969 hanc
660 1903 712 1969 sui
733 1903 1004 1969 immolationem
1023 1909 1056 1969 ot
1075 1902 1284 1968 oblationem
1302 1902 1403 1968 etiam
1419 1903 1456 1969 in
1471 1903 1506 1969 id

169 2009 281 2101 accipi
306 2019 339 2076 et
357 2010 470 2076 valere
489 2011 576 2091 vult,
602 2022 639 2075 ut
655 2010 726 2075 sint
745 2023 777 2076 et
802 2010 868 2099 ipsi
887 2009 1097 2098 sanctificati
1112 2010 1148 2074 in
1167 2010 1325 2088 ueritate,
1344 2031 1414 2075 non
1433 2009 1505 2075 sine

171 2137 298 2203 magna
317 2115 472 2205 emphasi
493 2123 526 2184 et
548 2117 696 2183 instante
718 2118 914 2206 precatione
934 2117 1057 2205 repetit
1077 2115 1171 2204 quod
1192 2115 1260 2181 iam
1282 2114 1317 2180 in
1333 2139 1364 2180 v.
1390 2123 1429 2181 17
1450 2138 1506 2181 ro-

171 2228 329 2310 gaverat,
360 2222 418 2289 sed
450 2223 591 2313 repetit,
631 2231 811 2312 postquam
838 2229 1044 2308 argumento
1074 2222 1324 2304 efficacissimo,
1352 2245 1413 2289 sua
1432 2223 1502 2289 soil.

171 2330 405 2397 immolatione
422 2337 457 2397 et
470 2330 650 2408 sacrificio,
669 2332 870 2420 petitionem
882 2332 972 2397 Patri
987 2329 1252 2396 commendavit.
1267 2328 1452 2409 Desiderat,
1471 2336 1508 2395 ut

172 2435 315 2527 apostoli
332 2459 471 2525 quoque
496 2437 598 2527 plane
619 2442 685 2504 Deo
702 2437 892 2505 consecrati
908 2438 944 2502 in
962 2459 1066 2526 opere
1089 2435 1276 2520 evangelii,
1295 2436 1332 2502 in
1350 2436 1505 2517 veritate,

174 2547 241 2611 Deo
261 2545 357 2634 quasi
376 2544 584 2611 sacrificium
604 2551 639 2610 et
659 2545 870 2611 oblationem
891 2545 1051 2622 oller-ant,
1077 2549 1110 2608 et
1130 2542 1194 2630 ipsi
1210 2542 1306 2631 quasi
1323 2565 1363 2608 eo
1379 2543 1414 2609 in
1430 2565 1505 2608 mu-

172 2671 255 2718 nere
273 2649 478 2718 sacrificium
499 2650 669 2728 evadant3
690 2652 767 2718 vido
789 2652 876 2716 Phil.
903 2658 981 2728 2,st
1004 2673 1011 2717 :
1039 2648 1096 2715 sed
1121 2659 1155 2715 et
1180 2650 1207 2714 si
1228 2649 1386 2715 immolor
1405 2672 1507 2738 supra

173 2755 377 2824 sacrificium
396 2762 430 2823 et
448 2757 650 2845 obsequium
667 2758 747 2823 fidei
766 2765 912 2836 restrae,
931 2755 1084 2842 gaudem
1103 2756 1146 2821 ot.
1170 2760 1263 2820 ltom.
1287 2763 1397 2833 15,16.
1420 2755 1505 2821 111υά

174 2862 212 2929 in
234 2862 392 2944 veritate,
420 2885 492 2929 non
519 2865 708 2953 opponitur
735 2865 827 2952 typis
851 2870 883 2929 et
906 2862 1026 2949 figuris
1051 2863 1175 2927 veteris
1200 2861 1365 2943 foederis,
1394 2883 1505 2950 neque

173 2970 314 3059 ponitur
333 2970 407 3036 loco
426 2969 582 3036 adverbii
607 2975 746 3054 ἀληθῶς,
770 2992 882 3060 neque
902 2970 985 3036 dicit
999 2971 1156 3050 veritate,
1179 2990 1242 3058 per
1257 2968 1434 3035 veritatem
1449 2991 1505 3034 eos

172 3075 396 3156 sanctificari,
420 3077 476 3142 sed
505 3077 613 3166 accipi
638 3077 755 3157 debet,
780 3083 817 3142 ut
844 3077 879 3142 in
902 3099 933 3142 r.
959 3082 1010 3153 17,
1035 3076 1077 3142 dc
1103 3098 1245 3143 munere
1269 3075 1422 3142 veritatis
1447 3098 1505 3141 an-

174 3181 401 3263 nuntiandae,
419 3182 535 3271 inquo
551 3184 726 3250 constituti
742 3189 808 3249 [teo
825 3184 1010 3249 consecrati
1024 3191 1116 3249 sunt.

220 3290 381 3356 ltentionc
404 3289 493 3355 taeta
514 3293 666 3356 muneris
690 3290 887 3380 apostolici,
907 3313 975 3378 quo
999 3297 1174 3379 tamquam
1195 3296 1362 3376 λειτουργοὶ
1384 3288 1506 3356 Christi

173 3394 435 3463 sanctificabunt
450 3396 687 3482 evangelium,
709 3405 745 3463 ut
762 3397 820 3463 liat
834 3396 963 3464 oblatio
980 3395 1186 3486 populorum
1205 3383 1343 3485 accepta
1359 3403 1391 3463 et
1406 3418 1504 3462 sanc·

176 3500 303 3568 tifieata
321 3501 430 3590 (Rom.
457 3504 580 3589 15,1o),
602 3505 753 3570 Christus
777 3527 839 3593 pro
861 3526 921 3571 suo
942 3505 977 3569 in
995 3525 1116 3569 omnes
1135 3525 1251 3569 amore
1274 3505 1506 3592 precationem

176 3607 280 3675 etiam
294 3607 330 3674 in
353 3629 470 3675 omnes
492 3609 640 3676 extendit
657 3634 688 3677 v.
712 3618 754 3677 ⁴20
771 3633 840 3676 uon
862 3633 925 3699 pro
941 3611 989 3676 eis
1009 3625 1122 3677 autem
1139 3632 1221 3697 rapo
1238 3621 1383 3692 tantam,
1401 3610 1460 3675 sed
1473 3623 1506 3675 et

173 3735 237 3805 pro
255 3713 303 3781 eis
314 3713 386 3804 qui
403 3714 569 3781 credituri
583 3732 664 3783 surr!
679 3740 741 3806 per
763 3721 898 3783 eerlrrmr
915 3740 1032 3782 eoramr
1055 3717 1091 3782 in
1112 3739 1185 3799 me,·
1203 3717 1370 3783 sententia
1385 3738 1503 3782 conso-

176 3820 305 3888 latione
333 3820 435 3911 plena
458 3845 519 3911 pro
543 3824 704 3890 omnibus
732 3824 846 3905 nobis3
875 3825 1027 3890 Christus
1049 3846 1110 3912 pro
1132 3823 1233 3889 nobis
1253 3824 1312 3911 qui
1334 3822 1506 3890 credimus

177 3934 253 3994 orat
276 3926 441 4023 nobisque
469 3929 634 4015 efflagitat
658 3931 751 4020 apud
772 3937 919 4003 Patrem.
948 3938 984 3997 ut
1007 3934 1138 3996 l'ructus
1159 3930 1211 3995 sui
1231 3930 1387 3997 sacrificii
1406 3929 1506 3996 nobis

177 4033 347 4101 obveniat.
371 4036 551 4101 Attendere
569 4044 702 4124 oportet
719 4037 821 4104 fidem
842 4037 878 4102 in
902 4038 1070 4104 Christum
1089 4039 1276 4127 propagari
1294 4039 1505 4124 perverbum

178 4141 426 4230 apostolorum3
446 4142 528 4208 tides
547 4143 638 4209 enim
660 4151 709 4209 est
722 4167 761 4209 ex
777 4143 898 4209 auditu
915 4150 1026 4230 (ltom.
1046 4147 1178 4227 10,1t);
1198 4143 1288 4209 unde
1303 4166 1365 4232 per
1380 4143 1505 4229 magis-

179 4247 302 4315 terium
325 4248 439 4312 vivum
464 4248 547 4315 fides
572 4250 606 4315 in
631 4251 804 4316 Christum
823 4251 970 4336 singulis
989 4250 1186 4330 inrroteseit3
1210 4278 1225 4310 «
1245 4249 1395 4315 ostendit
1413 4251 1505 4317 enim

180 4353 331 4422 Christus
347 4376 407 4443 per
423 4377 539 4420 eorum
565 4357 857 4444 praedicationem
880 4359 1045 4445 (κήρυγμα)
1061 4357 1148 4423 alios
1163 4379 1299 4447 quoque
1316 4356 1389 4423 sieri
1405 4357 1506 4423 disci-

180 4458 308 4550 pulos»
327 4460 472 4548 (lizath).
496 4462 575 4527 llira
591 4470 641 4529 est
653 4464 822 4531 sententia
838 4465 881 4530 ab
894 4465 1083 4554 interprete
1098 4464 1289 4531 acatholico
1306 4465 1508 4552 (llengsten-

180 4565 280 4654 berg)
305 4568 492 4657 proposita,
511 4569 682 4636 Christum
701 4572 770 4637 inm
791 4572 981 4661 descriptis
1005 4570 1237 4660 apostolorum
1254 4573 1339 4639 haee
1353 4593 1506 4661 pronun-

182 4672 291 4739 tiasse.
319 4672 466 4741 Christus
493 4685 591 4762 rogat
621 4701 682 4766 pro
708 4679 883 4758 omnibus;
911 4669 1020 4768 noque
1048 4679 1141 4744 enim
1166 4677 1269 4743 verba
1293 4678 1335 4744 de
1362 4677 1402 4743 iis
1427 4678 1508 4743 solis

180 4777 422 4867 intelliguntur
437 4784 496 4870 qui
509 4784 599 4873 ipsos
610 4786 782 4873 apostolos
794 4786 980 4853 audierunt
990 4795 1023 4853 et
1035 4786 1205 4866 viderunt,
1219 4784 1278 4851 sed
1294 4784 1336 4850 de
1351 4784 1509 4852 omnibus
