4116 5648
454 675 489 734 ἐκ
502 665 616 748 itaque
626 664 755 754 cxplica
772 665 869 756 prius
879 660 922 728 de
934 661 1080 752 origine,
1098 667 1179 735 dein
1193 664 1237 731 de
1250 684 1292 730 eo
1305 686 1327 731 a
1338 686 1407 754 quc
1422 663 1506 754 quid
1520 662 1679 753 pendeat,
1694 689 1777 756 quo·

453 789 528 836 cum
550 788 741 839 connexum
759 772 804 840 sit
822 774 858 836 et
873 769 970 838 cuius
988 772 1140 842 indolem
1152 770 1289 838 referat.
1311 776 1362 838 lta
1376 793 1416 839 ex
1431 771 1526 839 sario
1542 791 1603 838 usu
1621 787 1671 838 τοῦ
1694 781 1729 839 ἐκ
1742 778 1776 840 et
1872 864 1875 869 Ι
1904 755 1907 761 ’

418 927 420 930 .
451 871 605 958 notione,
623 879 723 946 lacile
743 874 935 962 tautologia
949 879 1108 946 evitatur.
1130 874 1224 945 Unde
1242 875 1350 945 dixit:
1372 878 1485 967 qualis
1503 879 1618 964 origo,
1637 877 1712 943 talis
1729 884 1778 944 cst

452 985 591 1065 natura,
608 984 745 1052 indoles
763 1003 827 1070 per
842 1003 888 1050 se.
906 989 988 1053 llam
1002 989 1118 1052 autem
1136 983 1294 1071 sequitur
1307 983 1480 1072 operatio,
1497 984 1669 1071 cognitio:
1688 982 1777 1050 etde

453 1099 543 1154 terro
560 1088 734 1181 loquitur,·
748 1088 792 1154 de
808 1109 931 1159 senon
951 1090 1057 1158 habet
1074 1090 1182 1158 alium
1196 1089 1328 1167 fontem
1342 1110 1383 1155 ex
1401 1110 1470 1177 quo
1487 1110 1584 1155 suam
1598 1088 1776 1178 depromat

423 1236 426 1240 -
451 1193 628 1264 scientiam
642 1203 676 1264 et
691 1194 900 1280 doctrinam,
918 1196 984 1263 nisi
998 1207 1141 1283 terram,
1159 1217 1212 1262 res
1227 1200 1376 1278 creatas,
1391 1216 1432 1262 ex
1446 1194 1571 1284 quibus
1584 1195 1702 1285 utique
1717 1219 1774 1263 co·
1850 1279 1851 1283 Ἰ
1906 1212 1921 1244 “·“-

452 1303 561 1385 gnitio
571 1303 630 1370 llei
642 1308 677 1369 et
687 1321 824 1393 summa
833 1302 983 1371 hominis
992 1301 1104 1370 cilicia
1114 1301 1246 1369 hauriri
1255 1306 1400 1392 possunt
1410 1301 1467 1390 (cl.
1480 1305 1557 1388 Sap.
1570 1308 1660 1382 13,1.
1675 1306 1770 1370 Rom.

453 1415 530 1489 1,19
544 1431 615 1498 seq.
632 1407 741 1494 ἓως
755 1413 798 1474 lt
811 1410 895 1499 quid
909 1413 988 1476 sunt
1005 1409 1107 1492 haec,
1121 1408 1151 1475 si
1163 1409 1388 1476 conterantur
1400 1407 1534 1478 cumiis
1550 1430 1638 1498 quae
1650 1409 1773 1476 dooere

450 1521 560 1604 potest
576 1513 652 1593 ille;
669 1513 733 1603 qui
751 1514 795 1582 de
813 1513 907 1583 coelo
926 1514 1034 1601 verrit,
1052 1537 1154 1607 super
1173 1536 1289 1582 omnes
1303 1526 1354 1582 est
1367 1536 1400 1580 v.
1422 1520 1465 1581 32
1477 1526 1510 1580 et
1528 1513 1622 1604 quod
1638 1513 1725 1581 vidit
1741 1528 1774 1584 et

451 1619 604 1700 audivit,
621 1618 682 1686 loc
693 1632 860 1707 testatur;
874 1621 1065 1689 certissima
1078 1629 1113 1689 et
1125 1621 1314 1689 clarissima
1326 1621 1522 1708 cognitione
1538 1642 1577 1688 ea
1593 1621 1775 1689 asserimus

427 1720 429 1728 ’
452 1748 539 1817 quae
554 1724 712 1794 videmus
725 1733 761 1795 et
773 1727 950 1806 audimus;
965 1727 1059 1797 unde
1072 1729 1138 1796 ista
1152 1727 1304 1796 dictione
1314 1726 1516 1818 exprimitur
1530 1734 1621 1795 certa
1637 1735 1670 1795 et
1682 1729 1775 1796 clara

450 1831 609 1915 scientia;
624 1861 640 1895 (ι
649 1832 726 1922 ¹duo
739 1834 841 1901 nobis
850 1839 930 1901 sunt
938 1856 1067 1918 sensus,
1082 1834 1209 1924 quibus
1218 1834 1435 1925 potissimum
1447 1833 1594 1901 solemus
1605 1833 1648 1901 de
1659 1855 1774 1902 rerum

451 1938 594 2007 veritate
612 1939 688 2023 fieri
707 1940 886 2022 certiores,
905 1936 995 2008 visus
1008 1948 1044 2009 et
1058 1941 1211 2022 auditus;
1233 1962 1322 2032 quae
1337 1939 1429 2008 enim
1448 1939 1641 2008 audivimus
1658 1940 1723 2031 ipsi
1742 1946 1776 2008 et

452 2046 613 2128 vidimus,
631 2046 674 2114 de
689 2048 732 2114 iis
742 2054 836 2114 certo
851 2052 886 2114 et
899 2047 1092 2116 indubitate
1103 2048 1279 2138 loquimur
1295 2075 1312 2110 a
1328 2048 1426 2138 (ΟΨ.
1444 2046 1521 2114 Chr.
1537 2045 1668 2134 som).
1685 2046 1776 2114 Nihil

450 2154 542 2219 cnim
558 2152 654 2221 aliud
673 2159 723 2221 est
739 2153 865 2221 vidisse
880 2160 914 2221 et
933 2154 1067 2222 audisse
1089 2175 1194 2244 quam
1210 2175 1264 2221 res
1283 2153 1418 2222 divinas
1435 2157 1608 2243 tamquam
1627 2153 1695 2220 sibi
1712 2154 1775 2221 do·

451 2258 603 2326 mesticas
617 2282 772 2350 quasque
784 2282 887 2351 saepe
900 2261 1097 2329 tractaverit
1108 2261 1265 2348 cognitas
1275 2261 1404 2328 habere
1416 2259 1537 2350 (Mald.
1552 2260 1673 2346 loom).
1690 2264 1775 2329 Sunt

450 2371 566 2432 tamen
586 2366 645 2455 qui
663 2365 787 2434 audire
809 2367 979 2457 explicent
995 2389 1035 2434 ac
1054 2367 1084 2434 si
1103 2367 1290 2449 diceretur,
1315 2371 1425 2436 lesum
1449 2367 1616 2456 accepisse
1637 2390 1659 2434 a
1680 2371 1774 2435 Patre

449 2470 626 2539 scientiam
636 2473 797 2540 etomnia
807 2495 948 2564 prorsus
962 2495 1032 2541 una
1045 2496 1122 2542 cum
1133 2480 1258 2542 natura
1269 2473 1389 2542 divina
1399 2473 1456 2563 (ct.
1472 2475 1555 2540 Bon.
1572 2475 1682 2541 Tironi.
1701 2473 1770 2539 Tol.

450 2580 541 2645 lons.
566 2579 640 2647 Coi.
657 2579 798 2669 Mala).

493 2688 577 2752 Cum
590 2686 669 2753 talis
684 2689 730 2753 sit
746 2687 807 2776 qui
820 2692 975 2770 testetur,
992 2687 1142 2778 baptista
1155 2708 1227 2755 non
1242 2692 1354 2776 potest
1365 2707 1435 2753 non
1450 2686 1565 2754 dolere
1579 2693 1614 2755 et
1629 2687 1746 2754 mirari
1762 2706 1770 2752 :

451 2805 485 2858 et
496 2792 731 2860 testimonium
742 2793 815 2860 eius
825 2793 1080 2884 nemoaccipit;
1090 2793 1125 2861 id
1133 2792 1219 2861 dicit
1227 2792 1271 2860 ad
1284 2792 1717 2883 discipulosconquerentes
1730 2794 1773 2861 de

450 2904 539 2981 lesu,
552 2921 638 2989 quos
651 2901 927 2989 itaperstringit3
945 2900 1036 2969 exiis
1048 2900 1275 2990 utiquenemo
1291 2899 1523 2968 testimonium
1538 2904 1610 2966 lesu
1626 2922 1773 2989 eousque

452 3004 520 3072 fide
538 3007 714 3096 amplexus
734 3013 795 3074 est.
818 3009 914 3075 Unde
936 3008 964 3075 si
983 3008 1092 3076 verba
1108 3007 1154 3075 ad
1172 3027 1232 3075 eos
1254 3007 1460 3087 referuntur,
1482 3006 1579 3073 nulla
1598 3013 1648 3073 est
1668 3007 1705 3072 in
1727 3006 1775 3073 eis

400 3197 402 3201 y
432 3111 644 3179 difficultas.
668 3117 796 3181 Tamen
816 3116 986 3182 sententia
1008 3113 1163 3202 generali
1180 3134 1320 3204 quoque
1342 3112 1444 3179 niodo
1468 3113 1607 3179 fortasse
1625 3112 1775 3200 intelligi

449 3223 577 3306 potest,
594 3219 649 3285 vel
663 3220 746 3308 quia
762 3241 864 3286 nemo
878 3221 1029 3309 perfecte
1045 3220 1279 3288 testimonium
1297 3220 1370 3286 eius
1383 3218 1572 3309 accipiebat
1590 3219 1685 3286 nullo
1701 3240 1773 3286 cre-

449 3325 550 3392 dente
563 3347 640 3392 eum
654 3347 725 3392 esse
734 3328 885 3392 llessiam
897 3332 932 3394 et
942 3331 1065 3412 Deum,
1077 3326 1132 3394 vel
1139 3326 1222 3415 quia
1232 3324 1453 3415 hyperbolice
1460 3325 1569 3392 solum
1581 3325 1773 3411 significare

450 3433 522 3498 vult
536 3454 664 3521 paucos
678 3433 709 3499 ei
724 3455 801 3501 cum
818 3432 887 3501 tide
900 3433 1090 3502 adhaerere
1106 3435 1163 3522 (cf.
1180 3433 1284 3521 Cot).
1302 3432 1369 3500 Sed
1378 3432 1493 3499 statim
1502 3432 1632 3513 subdit,
1646 3439 1775 3522 quanta

451 3538 497 3604 sit
516 3541 698 3606 necessitas
722 3541 956 3607 testimonium
980 3540 1054 3609 eius
1076 3538 1321 3630 amplectendi.
1351 3542 1456 3617 Quam
1478 3538 1707 3606 necessitatem
1733 3562 1773 3606 ex

454 3643 591 3734 duplice
605 3645 717 3734 capite
733 3645 949 3735 potissimum
968 3646 1130 3730 ostendit,
1148 3646 1221 3714 scil.
1239 3646 1371 3713 ratione
1390 3644 1507 3712 habita
1526 3645 1584 3712 Dei
1604 3651 1638 3712 et
1656 3645 1774 3712 salutis

451 3751 610 3841 propriae
624 3775 683 3820 seu
696 3755 787 3819 vitae
801 3760 972 3821 aeternae.
989 3754 1177 3822 Necessitas
1188 3751 1360 3820 incumbit
1374 3760 1514 3842 propter
1528 3758 1633 3820 Deum
1650 3751 1710 3841 qui
1724 3757 1774 3818 te-

453 3859 521 3924 lem
535 3858 688 3944 legatum
704 3860 797 3926 misit
813 3879 821 3927 :
839 3881 871 3928 v.
889 3867 931 3928 33
947 3858 1010 3950 qui
1023 3860 1237 3950 occepiteius
1247 3858 1499 3939 testimonium,
1510 3859 1678 3948 siqnooit,
1690 3858 1774 3947 quio

453 3967 541 4031 Deus
558 3986 661 4031 verae
675 3977 744 4051 est‚·
758 3965 860 4056 proin
875 3965 936 4056 qui
950 3986 1022 4058 non
1036 3965 1176 4055 accipit,
1197 3970 1264 4032 Deo
1279 3965 1462 4032 maximam
1476 3965 1583 4032 infert
1595 3964 1772 4042 iniuriam3

458 4098 473 4132 α
489 4093 543 4137 eos
559 4076 705 4138 exterret
720 4074 902 4141 ostendens
916 4094 996 4140 eum
1010 4074 1071 4163 qui
1089 4072 1221 4139 Christo
1239 4093 1309 4139 non
1326 4071 1449 4153 credit,
1467 4094 1511 4138 ne
1530 4071 1620 4138 Patri
1636 4071 1774 4161 quidem

454 4177 591 4244 credere
604 4205 619 4236 a
635 4177 763 4265 (clau
777 4188 962 4270 propterea
970 4178 1068 4247 addit
1077 4202 1109 4244 v.
1122 4185 1165 4247 3t
1174 4199 1275 4269 quem
1287 4177 1378 4245 enim
1389 4177 1483 4243 misit
1492 4181 1594 4257 Deus,
1607 4177 1705 4244 cerba
1715 4176 1777 4244 Dei

452 4284 627 4374 loquitur;
637 4284 808 4379 proinqui
820 4288 851 4353 ei
862 4285 983 4368 credit,
995 4307 1036 4352 eo
1047 4286 1121 4376 ipso
1131 4285 1344 4352 demonstrat
1354 4284 1511 4351 sollemni
1523 4284 1623 4351 modo
1634 4292 1668 4350 et
1681 4283 1777 4372 quasi

455 4391 570 4479 sigillo
582 4391 738 4482 apposito
757 4392 939 4460 confirmat
954 4392 1093 4483 (ἔδειξεν,
1112 4400 1303 4476 ἑὸεὸαίωσεν,
1324 4391 1469 4482 Theopb.
1486 4390 1589 4457 Ezctlz.
1608 4390 1655 4455 ita
1672 4389 1777 4478 expli·

454 4502 531 4563 cant
546 4499 732 4588 ἐσφράγισεν)
744 4551 752 4579 ,
766 4502 872 4565 Deum
882 4522 953 4567 esse
964 4521 1133 4567 veracem.
1147 4503 1186 4567 Et
1196 4522 1258 4566 cur
1268 4499 1373 4565 verba
1384 4498 1442 4564 Dei
1453 4497 1614 4586 loquatur
1628 4501 1661 4561 et
1671 4517 1775 4562 novas

457 4603 675 4671 revelationes
689 4613 722 4671 et
743 4603 918 4672 doctrinas
936 4606 1060 4674 docere
1082 4605 1189 4694 possit
1209 4605 1301 4672 ultra
1320 4604 1382 4670 illa
1402 4603 1506 4669 verba
1529 4602 1587 4669 llei
1609 4625 1695 4691 quae
1716 4601 1774 4669 alii

451 4712 637 4800 prophetae
647 4712 762 4802 etipse
771 4710 933 4801 baptista,
945 4715 1050 4781 etiam
1061 4711 1153 4779 missi
1166 4734 1188 4778 a
1200 4718 1278 4793 lieo,
1294 4710 1400 4776 locuti
1414 4716 1504 4789 sunt,
1520 4709 1606 4775 ratio
1621 4709 1775 4776 redditur

452 4819 619 4885 sententia
632 4819 789 4903 generali
801 4840 809 4888 :
822 4841 893 4885 non
902 4819 996 4887 enim
1005 4818 1054 4889 ad
1063 4840 1261 4887 mensuram
1275 4815 1336 4884 dot
1348 4820 1436 4884 Deus
1445 4816 1603 4908 spiritum
1618 4826 1652 4884 ἐν.
1665 4827 1771 4902 μέτρω

452 4921 475 4987 i.
492 4944 521 4992 e.
542 4955 557 4987 u
572 4947 643 4992 non
656 4924 743 4992 solet
755 4932 847 4995 certa
860 4926 979 5016 aliqua
992 4934 1026 4996 et
1040 4925 1183 4995 definita
1192 4945 1355 4993 mensura
1370 4930 1457 4992 Deus
1469 4922 1624 5011 spiritum
1638 4921 1768 5010 largiri,
