4050 5648
480 550 540 610 lot
1029 562 1114 609 roxa.
1137 548 1256 619 {aaa

481 704 590 780 Quare
607 704 638 769 si
652 722 721 767 non
739 697 852 762 lavero
873 706 920 778 te,
940 718 1010 763 non
1026 699 1171 787 accipies
1189 691 1281 784 quod
1297 693 1361 760 hac
1382 714 1459 761 mea
1482 695 1613 763 actione
1628 701 1662 763 et
1675 692 1805 782 signifi·

479 815 577 877 catur
597 815 631 876 ct
652 801 816 871 tribuitur
831 800 876 889 (v.
903 809 955 870 10.
983 810 1024 870 ta
1040 803 1130 892 seq.)
1146 808 1181 870 et
1194 806 1441 889 consequenter
1453 807 1523 866 noh
1542 799 1648 870 habes
1665 820 1805 871 consor-

478 916 565 982 tium
585 930 735 984 mecum,
751 916 883 997 partem
898 910 993 976 illam
1007 909 1216 995 singularem
1229 912 1262 972 et
1276 907 1435 974 eximiam
1450 907 1603 995 inopere
1618 910 1802 990 messiano,

476 1023 512 1089 in
536 1019 705 1103 dignitate
724 1015 942 1104 apostolatus.
970 1013 1119 1082 Christus
1140 1014 1255 1100 itaque
1279 1014 1379 1080 minis
1402 1011 1567 1102 appositis
1588 1015 1678 1081 Petri
1692 1015 1803 1082 zelum
1855 997 1858 1003 ¹

476 1124 698 1193 indiscretum
711 1129 744 1188 et
764 1122 999 1189 inordinatum
1020 1118 1166 1208 (Thone.)
1187 1118 1336 1187 cohibet.
1349 1124 1498 1187 llecusat
1514 1118 1635 1208 utique
1651 1141 1691 1186 ex
1708 1142 1803 1188 reve-

423 1267 424 1270 *
476 1228 586 1297 rcutia
608 1229 755 1310 Domini,
780 1247 902 1295 verum
924 1230 999 1314 post
1019 1226 1142 1293 Christi
1157 1245 1355 1313 responsum
1370 1249 1405 1293 v.
1423 1233 1443 1291 7
1463 1225 1583 1292 debuit
1597 1246 1805 1311 cognoscere

476 1336 511 1402 id
527 1334 602 1400 lieri
620 1334 762 1402 consilio
781 1331 962 1413 altissimo,
985 1330 1105 1399 debuit
1118 1352 1241 1421 parere
1260 1331 1405 1416 dicenti,
1422 1354 1465 1400 ne
1487 1338 1594 1399 lesum
1611 1330 1710 1420 quasi
1730 1354 1805 1399 rem

474 1441 633 1508 inutilem
646 1442 773 1509 laceret
784 1443 818 1505 ct
833 1435 973 1503 minime
987 1444 1252 1505 consentaneam
1265 1460 1424 1506 accusare
1438 1438 1614 1506 videretur
1631 1437 1689 1525 (cf.
1714 1437 1802 1525 On).

521 1628 741 1693 Communiter
757 1625 913 1703 explicant
928 1624 986 1695 ita,
1005 1630 1040 1686 ut
1056 1643 1122 1687 non
1136 1625 1205 1702 ipsa
1219 1626 1300 1687 actio
1314 1625 1429 1687 Christi
1444 1625 1567 1687 dicatur
1577 1627 1695 1688 habere
1713 1626 1807 1688 ellec-

471 1733 540 1791 tum
558 1728 731 1789 salutarem
746 1722 796 1783 vel
815 1722 1028 1784 necessarium
1043 1740 1100 1802 pro
1116 1724 1223 1790 Petro,
1243 1722 1299 1783 sed
1315 1730 1349 1784 ut
1363 1723 1487 1784 dicatur
1500 1724 1611 1785 Petrus
1626 1722 1774 1786 excidere
1786 1742 1807 1785 a

471 1824 685 1886 familiaritate
700 1827 733 1882 et
747 1821 848 1900 gratia
861 1819 992 1890 Christi,
1010 1819 1037 1879 si
1053 1821 1203 1899 persistat
1220 1837 1288 1881 esse
1304 1820 1492 1882 inobediens
1507 1837 1563 1881 seu
1582 1820 1727 1895 rebellis;
1745 1845 1761 1876 «
1777 1822 1805 1882 si

471 1923 586 1984 nonin
607 1920 666 1981 hac
684 1935 718 1979 re
739 1935 836 1997 quam
858 1935 916 1996 ego
935 1921 969 1978 ut
986 1922 1173 1996 praeceptor
1194 1921 1226 1978 et
1240 1918 1427 1979 Dominusa
1446 1922 1476 1979 te
1491 1917 1635 1997 postulo,
1649 1918 1730 1979 mihi
1750 1935 1805 1980 ac·

471 2018 648 2098 quieveris,
663 2016 740 2078 illud
755 2015 814 2077 tibi
835 2014 988 2075 denuntio
1004 2014 1091 2092 quod
1107 2013 1139 2074 in
1159 2030 1293 2092 poenam
1318 2020 1390 2076 tuae
1414 2015 1646 2077 inobedientiae
1668 2016 1707 2078 de
1731 2033 1805 2079 meo

468 2116 601 2195 collegio
616 2117 660 2175 sis
672 2112 851 2175 eiiciendus
864 2118 1052 2191 partemque
1068 2111 1157 2171 illam
1173 2112 1282 2173 beatae
1294 2112 1513 2173 retributionis
1528 2118 1561 2175 et
1576 2113 1737 2175 felicitatis
1752 2130 1806 2177 ao·

470 2220 576 2276 ternae
592 2229 686 2291 quam
710 2228 770 2290 ego
791 2228 855 2272 una
874 2227 949 2271 cum
964 2210 1047 2270 meis
1061 2209 1214 2288 accipiam
1235 2210 1269 2270 in
1283 2227 1381 2290 regno
1394 2210 1497 2271 Patris
1517 2212 1598 2284 mei,
1615 2227 1674 2273 non
1690 2212 1735 2273 sis
1750 2229 1805 2273 ac-

473 2318 625 2391 cepturus
650 2335 664 2364 »
689 2308 784 2389 (lans.
803 2309 874 2369 sim.
895 2305 961 2368 Tol.
978 2305 1058 2387 Lup.
1077 2305 1151 2366 Bar.
1168 2304 1243 2367 Ναί.
1268 2304 1352 2367 Cori.
1369 2305 1457 2388 Fit).
1474 2309 1560 2380 Quae
1580 2314 1689 2370 tamen
1708 2309 1807 2389 expli·

469 2411 551 2471 catio
566 2408 672 2469 verbis
687 2424 754 2468 non
768 2421 941 2484 congruere
956 2405 1100 2478 videtur;
1125 2408 1361 2483 exspectaretur
1380 2405 1466 2467 enim
1483 2423 1490 2465 :
1508 2407 1534 2467 si
1553 2424 1619 2468 non
1633 2407 1804 2479 obedieris,

469 2526 534 2569 non
547 2508 643 2567 hahes
662 2509 788 2583 partem
804 2520 946 2576 mecum;
962 2519 1067 2580 neque
1089 2503 1153 2563 ulla
1176 2503 1318 2564 cernitur
1337 2505 1434 2576 ratio,
1451 2521 1508 2565 cur
1528 2505 1673 2567 Christus
1695 2505 1803 2567 dicat:
1842 2556 1844 2559 .

468 2607 496 2664 si
508 2624 570 2665 non
586 2602 689 2664 lavero
706 2610 748 2677 te,
763 2601 813 2663 vel
828 2618 885 2663 cur
906 2619 944 2662 ex
963 2601 1018 2661 tali
1039 2600 1239 2661 recusatione
1262 2618 1343 2678 quae
1364 2606 1431 2662 tota
1448 2619 1557 2663 amore
1572 2621 1608 2664 ac
1626 2603 1806 2665 reverentia

469 2703 624 2763 innitatur
638 2700 813 2761 maximum
829 2699 908 2760 illud
932 2698 1162 2759 detrimentum
1185 2705 1218 2759 et
1238 2700 1435 2777 supplicium
1454 2705 1676 2779 consequatur.
1692 2700 1806 2762 Sermo

469 2801 585 2863 Christi
602 2799 645 2860 ita
661 2802 708 2859 est
720 2797 951 2869 conformatus,
969 2801 1004 2858 ut
1018 2797 1087 2874 ipsa
1105 2796 1230 2857 actione
1243 2795 1358 2857 Christi
1380 2798 1503 2859 honum
1518 2798 1656 2859 conferri
1672 2798 1805 2872 dicatur,

469 2905 506 2960 ut
520 2899 588 2977 ipsa
610 2895 786 2957 omissione
801 2893 896 2954 huius
916 2893 1052 2954 actionis
1073 2893 1205 2953 exsistat
1219 2893 1391 2968 damnum,
1405 2912 1470 2954 non
1485 2895 1704 2956 inobedientia
1724 2896 1805 2958 alte-

469 2998 545 3058 rius·
564 2998 629 3056 Hoc
652 2992 789 3054 sensisse
810 2991 861 3051 alii
877 2991 1038 3060 videntur,
1054 2989 1122 3049 scil.
1146 2991 1192 3049 rei
1207 2990 1369 3051 cardinem
1388 2992 1469 3052 verti
1485 2993 1519 3053 in
1535 2991 1590 3053 illo
1607 3011 1614 3052 z
1631 2994 1659 3053 si
1681 3010 1744 3056 non
1759 2994 1806 3055 la·

468 3111 544 3155 vero
559 3097 601 3153 te.
617 3091 679 3152 Sed
692 3106 766 3150 cum
779 3087 907 3148 difficile
923 3088 1098 3159 videretur,
1115 3087 1277 3164 quomodo
1293 3088 1413 3148 lotione
1429 3090 1548 3168 pedum
1564 3090 1682 3151 omissa
1694 3092 1805 3155 Petrus

469 3190 695 3252 excluderetur
707 3204 726 3247 a
739 3186 853 3248 Christi
869 3186 1045 3257 consortio,
1063 3184 1216 3244 lotionem
1232 3185 1336 3245 statim
1352 3186 1585 3248 transtulerunt
1598 3188 1637 3249 ad
1651 3187 1805 3252 lotionem

469 3289 568 3350 animi
592 3303 671 3365 quae
694 3284 847 3362 sanguine
865 3282 980 3343 Christi
1003 3283 1073 3356 tiat;
1093 3306 1108 3336 α
1123 3299 1195 3342 vere
1216 3282 1301 3343 enim
1321 3283 1382 3344 nisi
1408 3283 1552 3345 Christus
1573 3285 1708 3348 dilectos
1730 3304 1806 3348 suos

469 3387 601 3447 lavisset
620 3380 918 3460 apeccatiseorum
934 3379 1136 3458 insanguine
1152 3396 1226 3450 suo,
1244 3396 1303 3440 nec
1322 3380 1440 3442 Petrus
1452 3399 1513 3443 nec
1530 3381 1700 3462 quisquam
1722 3389 1805 3446 cete·

468 3500 578 3545 rorum
602 3480 770 3542 hominum
792 3481 914 3556 partem
938 3478 1101 3537 habuisset
1125 3493 1198 3536 cum
1220 3477 1274 3537 illo
1291 3501 1305 3532 η
1323 3476 1418 3559 (Bup.
1434 3480 1506 3539 sim.
1524 3477 1597 3561 Cyr.
1618 3477 1686 3542 Coi.
1700 3479 1802 3542 Mcld.

471 3579 569 3642 Calin.
586 3578 702 3655 Pata).
719 3578 835 3637 Verum
847 3574 926 3634 haec
941 3574 1111 3653 explicatio
1128 3573 1226 3634 nimis
1242 3575 1363 3635 recedit
1375 3577 1415 3636 ab
1432 3576 1500 3655 ipsa
1514 3578 1694 3639 narratione
1710 3584 1743 3640 et
1757 3580 1805 3641 lo-

469 3678 609 3740 cutionis
624 3676 738 3736 forma.
754 3672 898 3735 Christus
917 3671 1003 3732 enim
1025 3670 1154 3732 adstans
1169 3687 1241 3732 cum
1257 3672 1342 3750 pelvi
1364 3691 1449 3750 aqua
1461 3676 1555 3753 plena
1572 3680 1605 3736 et
1622 3675 1723 3738 linteo
1736 3677 1806 3738 vult

470 3776 568 3856 pedes
587 3773 671 3834 Petri
686 3771 831 3843 abluere;
848 3769 875 3828 si
890 3770 955 3830 iam
976 3769 1055 3829 dicit
1073 3769 1117 3826 ἐαν
1132 3766 1170 3844 μὴ
1184 3768 1252 3848 νίψω
1266 3791 1311 3842 σε,
1326 3788 1389 3831 non
1404 3776 1510 3850 potest
1526 3770 1607 3833 velle
1625 3774 1804 3853 significare

470 3871 692 3936 remissionem
707 3872 912 3947 peccatorum
931 3868 1022 3926 Petro
1036 3867 1097 3926 iam
1113 3883 1294 3927 concessam
1310 3870 1423 3930 merito
1439 3870 1603 3949 sanguinis
1618 3889 1714 3949 quem
1728 3873 1804 3934 etiu-

471 3988 565 4032 surus
585 3968 643 4040 sit,
659 3967 753 4026 itaut
773 3964 871 4024 verba
891 3964 945 4024 illa
963 3964 1092 4024 dicant:
1118 3964 1144 4023 si
1165 3981 1229 4024 non
1245 3965 1395 4026 lavissem
1411 3973 1441 4027 te
1463 3968 1686 4047 spiritualiter,
1707 3970 1758 4031 vel
1777 3971 1805 4030 si
1853 3990 1856 3994 ’

472 4087 536 4132 non
563 4068 693 4127 lusurus
716 4079 820 4122 essem
847 4061 1032 4139 sanguinem
1058 4066 1117 4122 etc.
1142 4096 1180 4104 —
1207 4062 1308 4132 Quare
1333 4081 1401 4124 rem
1428 4064 1473 4125 ita
1497 4066 1634 4145 explico,
1662 4069 1806 4130 utactio

472 4166 587 4229 Christi
615 4163 646 4223 id
670 4159 755 4238 quod
777 4177 815 4219 ex
836 4176 864 4216 v.
881 4160 928 4220 10.
953 4160 990 4219 13
1015 4176 1082 4238 seq.
1098 4159 1254 4238 significat
1276 4161 1373 4222 etiam
1393 4163 1425 4222 in
1444 4164 1596 4242 apostolis
1613 4165 1742 4226 mundis
1759 4166 1806 4246 (in

472 4268 557 4325 statu
572 4257 702 4342 gratiae)
718 4254 850 4327 efficiat,
868 4272 929 4332 quo
946 4255 1059 4316 ellectu
1080 4256 1260 4317 sortiuntur
1281 4257 1358 4319 illud
1374 4261 1568 4322 consortium
1590 4280 1664 4324 cum
1680 4263 1804 4326 Christo

473 4362 557 4440 quod
571 4376 637 4420 non
652 4356 715 4416 sint
729 4352 889 4415 amissuri.

519 4559 535 4589 «
563 4526 649 4607 Quid
668 4546 750 4612 crgo
766 4523 901 4589 fervens
918 4521 977 4588 illc
994 4522 1186 4612 ardensque
1207 4525 1260 4590 vir
1284 4554 1298 4584 »
1326 4526 1437 4615 (Chr.)
1457 4529 1522 4594 hac
1537 4531 1802 4599 comminatione

481 4635 620 4703 audita?
635 4656 667 4699 v.
683 4637 703 4697 9
717 4629 801 4696 dicit
818 4628 851 4694 ei
866 4627 988 4695 Simon
1005 4630 1128 4696 Petrus
1148 4653 1159 4696 :
1176 4630 1330 4717 Domine,
1346 4656 1416 4699 non
1432 4647 1568 4701 tenerem
1575 4635 1682 4725 pedes
1697 4661 1801 4721 mcor,

474 4742 536 4809 sed
560 4755 591 4808 et
614 4761 737 4807 munus
756 4750 787 4803 et
805 4745 928 4824 caprtt‚·
952 4756 1031 4800 ecce
1054 4757 1137 4804 vera
1157 4739 1245 4804 Petri
1272 4738 1421 4807 indoles!
1441 4741 1625 4810 vehemens
1645 4745 1680 4811 in
1704 4768 1804 4814 rccu-

475 4849 599 4930 sendo,
619 4844 858 4913 vehementior
870 4842 906 4908 in
926 4839 1146 4909 concedendo
1161 4850 1211 4911 est
1226 4844 1353 4933 (Chr.);
1370 4868 1433 4936 pro
1448 4849 1557 4915 animi
1572 4852 1803 4942 praecipitan-

475 4958 523 5022 tia
546 4954 591 5020 ab
610 4974 680 5020 una
705 4948 1030 5038 exaggerationem
1056 4949 1198 5021 alteram
1231 4954 1439 5020 contrariam
1472 4958 1611 5041 transit;
1629 4958 1803 5049 simulque
