4116 5648
999 379 1092 437 roan.
1116 358 1200 432 ΞΜ.
1638 396 1641 402 ,
1714 363 1771 424 ¹23

366 530 372 544 ¹
442 498 639 594 ediderunt}
663 512 707 580 de
726 507 821 577 nullo
851 513 967 580 tanam
994 512 1125 580 dictum
1153 513 1203 575 est
1223 509 1372 598 gloriam
1396 530 1494 577 suam
1520 508 1769 593 manifestasse,
1881 496 1885 511 ’

440 616 608 707 quianon
629 627 807 705 tamquam
821 618 952 687 domini
973 620 1230 698 creaturarum,
1253 613 1314 682 sed
1336 622 1373 682 ut
1387 616 1535 684 ministri
1555 616 1718 684 creatoris
1735 618 1773 685 in

441 720 544 792 rebus
559 721 729 794 miracula
742 722 932 805 faciehant;
949 723 1066 812 itaque
1087 742 1159 787 non
1177 741 1275 789 suam
1297 719 1364 804 illi,
1384 720 1444 786 sed
1464 722 1523 789 uei
1537 722 1687 808 gloriam
1703 742 1773 788 ma·

440 830 647 900 niiestabant
665 829 816 919 (Multi).
834 833 917 896 uam
935 831 1053 917 itaque
1073 828 1223 894 ostendit
1237 827 1439 917 potentiam,
1459 828 1690 913 maiestatem,
1709 828 1772 896 do·
1875 844 1879 926 μ’

440 937 664 1006 minationem
683 936 718 1004 in
739 934 944 1026 resqualem
962 933 1091 1002 habere
1110 936 1209 1002 decet
1223 932 1443 1020 Unigenitum
1459 955 1479 1000 a
1498 937 1594 1001 Patre
1612 934 1772 1023 (1,1t)et

441 1064 510 1134 quo
529 1042 676 1111 consilio
692 1048 726 1111 et
742 1042 779 1109 in
795 1062 899 1131 quern
919 1042 1024 1109 finem
1045 1042 1134 1108 hanc
1152 1039 1217 1108 sibi
1238 1039 1382 1128 elegerit
1400 1041 1614 1110 occasionem
1631 1039 1773 1109 additur
1823 1049 1825 1052 ‘
1864 1083 1869 1090 -

439 1161 472 1244 at
486 1146 706 1218 crediderunt
720 1149 757 1214 in
772 1168 850 1214 eum
868 1146 1035 1236 discipuli
1047 1147 1139 1230 aium
1155 1147 1177 1213 i.
1188 1167 1219 1213 e.
1234 1155 1405 1235 προσθήκην
1422 1146 1640 1235 (Ammonius
1652 1148 1689 1214 in
1702 1152 1769 1216 cat.
1882 1130 1895 1199 f:

440 1253 509 1347 Cr.)
531 1262 758 1346 augmentum
777 1252 858 1322 fidei
878 1259 913 1322 et
932 1254 1234 1321 ‘confirmationem
1249 1259 1471 1342 acceperunt;
1499 1253 1602 1320 fidem
1624 1254 1771 1345 amplio-
1885 1256 1894 1327 ἴ

439 1384 512 1431 rem
530 1386 571 1432 ac
589 1359 781 1430 firmiorem
797 1365 1021 1452 acceperuut;
1038 1358 1262 1427 crediderunt
1276 1366 1392 1441 antea,
1409 1358 1470 1427 sed
1487 1381 1558 1425 non
1576 1365 1645 1427 tam
1665 1360 1771 1427 tirmi-

438 1467 643 1559 terliano).
659 1471 784 1536 Curam
795 1466 913 1559 itaque
929 1465 1179 1557 discipulorum
1195 1466 1316 1548 habet,
1338 1487 1396 1533 eos
1415 1465 1553 1548 docere,
1574 1472 1612 1533 ut
1626 1467 1772 1535 firmiter
1828 1489 1831 1498 ⁴

437 1574 507 1644 sibi
524 1573 737 1642 adhaereant
755 1579 790 1641 et
809 1575 847 1642 in
866 1572 934 1641 fide
953 1572 1087 1640 llessiae
1107 1573 1217 1660 magis
1235 1571 1495 1654 confirmentur,
1512 1573 1632 1640 sedulo
1648 1575 1722 1641 vult
1737 1578 1771 1640 et
1876 1568 1893 1638 ’ἰ

437 1680 563 1750 studet.
586 1685 695 1759 Quam
716 1680 947 1749 necessarium
972 1679 1038 1746 hoc
1058 1679 1179 1761 suerit,
1205 1678 1286 1746 inde
1308 1678 1507 1770 concipitur,
1536 1679 1621 1770 quia
1642 1680 1680 1746 in
1698 1679 1771 1747 dies
1815 1675 1819 1682 ’

436 1788 550 1876 magis
566 1770 741 1879 experturi
754 1792 854 1854 erant
869 1787 1020 1854 Messium
1039 1787 1133 1854 huuc
1147 1786 1253 1872 longe
1268 1784 1369 1853 aliter
1386 1807 1489 1873 agere
1509 1793 1612 1876 atque
1631 1786 1697 1878 ipsi
1711 1808 1769 1853 ex·
1843 1840 1848 1849 .

436 1887 901 1985 spectabantllagnaigitur
911 1893 1131 1983 persuasione
1143 1899 1327 1982 opuserat,
1342 1898 1508 1959 utcontra
1519 1892 1662 1982 spemin
1673 1914 1769 1982 spem

435 2002 641 2069 messianum
670 1999 854 2068 crederent
874 2021 987 2089 neque
1012 1999 1116 2089 plane
1143 1998 1265 2066 animis
1291 1999 1468 2080 caderent,
1496 2021 1574 2065 cum
1601 1999 1769 2067 contraria
1842 2048 1845 2052 Α
1882 1992 1895 2039 .:

436 2107 541 2198 plane
554 2107 622 2174 illis
633 2106 830 2175 acciderent
845 2127 933 2197 quae
945 2106 989 2172 ab
1001 2106 1163 2174 omnibus
1175 2105 1471 2196 exspectabantur.
1486 2108 1578 2182 Quae
1588 2107 1681 2174 enim
1695 2127 1772 2196 spes

436 2219 471 2281 ‘et
485 2213 689 2303 exspectatio
702 2210 871 2281 messiano
885 2211 931 2280 ab
941 2210 1103 2279 omnibus
1117 2213 1285 2296 foveatur,
1303 2212 1381 2278 vido
1398 2212 1432 2277 iu
1448 2216 1639 2281 Comment.
1654 2212 1768 2280 llatth.

344 2385 345 2388 ,
434 2319 506 2412 lp.
526 2327 652 2410 10seq.

476 2527 606 2588 Veteres
619 2525 714 2587 multi
727 2528 803 2586 sunt
814 2525 848 2584 in
861 2524 1031 2603 allegorica
1046 2528 1078 2584 et
1091 2524 1268 2602 symbolica
1283 2524 1381 2585 huius
1394 2530 1526 2586 eventus
1542 2525 1768 2604 explicatione;
1884 2592 1887 2598 <

437 2623 481 2686 ita
505 2621 580 2706 Cyr.
600 2622 681 2705 Aup.
698 2620 802 2700 Beda,
827 2618 1183 2703 Theopluaadenuas
1205 2620 1313 2699 (serm.
1335 2624 1365 2691 8,
1387 2622 1427 2683 de
1450 2623 1613 2701 Evangelii
1633 2623 1768 2683 lectione
1882 2655 1884 2660 ·

437 2720 528 2796 1311.
543 2721 656 2794 uuum
670 2719 754 2800 seq.)
768 2724 827 2781 etc.
841 2719 955 2797 Utique
968 2735 1034 2779 non
1044 2721 1131 2780 caret
1144 2718 1296 2798 mysterio
1310 2717 1457 2779 Messiam
1471 2737 1627 2797 sponsum
1643 2720 1768 2782 venisse

341 2899 345 2906 Ι
434 2818 475 2879 'ad
495 2818 624 2898 nuptias
645 2818 755 2896 ibique
775 2817 918 2878 convivis
939 2817 1031 2878 laetis
1050 2816 1209 2895 optimum
1232 2817 1490 2877 subministrasse
1510 2818 1629 2878 vinum.
1647 2819 1767 2896 Moyses

436 2914 567 2977 iubente
581 2917 647 2976 Deo
662 2932 779 2994 aquam
797 2915 831 2975 iu
846 2914 973 2976 deserto
990 2914 1109 2993 populo
1125 2914 1278 2974 sitientia
1294 2931 1371 2992 rupe
1387 2913 1492 2987 dedit,
1511 2939 1526 2969 «
1537 2915 1598 2976 hoc
1612 2915 1767 2978 miraculo

436 3013 579 3075 Christus
592 3013 692 3073 veluti
708 3018 784 3092 typo
798 3012 938 3090 quodam
956 3012 1050 3073 nobis
1064 3011 1267 3073 adumbravit
1282 3011 1314 3072 id
1329 3012 1415 3089 quod
1432 3012 1682 3092 aggrediebatur.
1700 3015 1766 3074 lam

433 3103 522 3173 ¹euim
542 3115 670 3190 tempus
688 3115 756 3172 erat
772 3117 806 3171 ut
822 3125 880 3188 pro
901 3109 1042 3188 insipida
1058 3127 1095 3169 ac
1116 3109 1217 3170 diluta
1239 3109 1320 3186 legis
1339 3111 1496 3170 mosaicae
1516 3110 1621 3172 littera
1640 3112 1765 3173 bibere-

434 3226 508 3270 mus
531 3211 721 3289 generos'um
748 3206 827 3268 illud
851 3207 964 3268 vinum
990 3206 1193 3286 evangelicae
1217 3206 1394 3279 doctrinae,
1421 3207 1544 3268 Christo
1566 3209 1714 3270 videlicet
1733 3209 1765 3270 id

435 3293 520 3387 quod
542 3311 610 3369 crat
631 3304 743 3368 inutile
764 3305 857 3366 uobis
877 3309 910 3365 et
932 3304 1077 3365 inefficax
1098 3309 1242 3365 vertente
1268 3305 1301 3364 in
1320 3305 1448 3367 melius.
1471 3305 1654 3367 Secundum
1674 3307 1765 3369 cuius

432 3405 578 3486 'mysterii
593 3405 646 3466 bic
659 3403 831 3484 significati
850 3402 1042 3481 exigentiam
1058 3402 1167 3464 licebit
1186 3407 1217 3463 et
1231 3406 1337 3488 totam
1352 3403 1434 3464 banc
1449 3404 1615 3465 historiam
1634 3407 1765 3485 mystice

437 3502 650 3582 interpretari.
664 3498 854 3580 Spiritualcs
868 3500 977 3578 itaque
992 3499 1148 3577 quaedam
1162 3504 1237 3560 sunt
1249 3501 1397 3578 nuptiae,
1412 3501 1529 3578 quibus
1542 3502 1610 3563 scil.
1627 3502 1766 3565 humana

435 3602 546 3662 natura
560 3599 688 3661 divinae
707 3597 911 3660 reconciliata
931 3603 980 3658 est
995 3601 1026 3658 et
1045 3597 1247 3658 coniuncta»
1266 3603 1327 3658 etc.
1346 3597 1467 3677 (lans).
1486 3602 1594 3677 Neque
1614 3601 1766 3662 omittunt

435 3714 580 3770 monere,
595 3714 669 3759 eum
692 3695 748 3774 qui
763 3711 881 3773 aquam
902 3694 1041 3755 mutavit
1057 3694 1089 3754 in
1104 3694 1216 3757 vinum
1239 3696 1330 3773 quasi
1350 3696 1534 3775 praeludere
1556 3697 1647 3757 alteri
1667 3704 1767 3759 muta-

434 3794 534 3869 tioni,
550 3811 612 3875 qua
630 3793 742 3855 vinum
759 3793 791 3853 in
811 3791 998 3871 sanguinem
1015 3789 1113 3853 suum
1135 3793 1300 3853 convertit.
1320 3795 1386 3854 Hoc
1405 3794 1475 3854 loco
1496 3794 1560 3854 iarn
1580 3812 1614 3855 se
1632 3795 1765 3856 demon-

371 3941 377 3952 .
435 3879 514 3954 strat
533 3909 607 3954 eum
623 3891 678 3969 qui
699 3891 814 3951 transit
834 3888 1082 3962 benefaciendo,
1101 3891 1157 3968 qui
1178 3890 1294 3968 insigni
1317 3891 1537 3952 misericordia
1556 3892 1763 3954 abundantis·

435 3977 517 4051 sime
534 3989 618 4051 bona
632 4006 692 4049 sua
705 3987 891 4049 hominibus
907 3986 1070 4065 largiatur.

475 4087 701 4149 Rationalistae
721 4085 844 4165 priores
864 4083 984 4163 aliquid
1004 4084 1050 4145 rei
1069 4089 1178 4164 gestae
1198 4085 1335 4146 retinere
1351 4086 1494 4146 volentes
1516 4086 1601 4162 quod
1625 4091 1764 4165 postmo-

435 4185 515 4246 dum
530 4189 716 4246 exornatum
733 4183 775 4243 sit
795 4187 828 4243 et
847 4183 886 4243 ad
902 4183 1060 4243 rationem
1080 4182 1227 4243 miraculi
1248 4189 1411 4254 evectum,
1429 4188 1607 4244 statuerunt
1626 4184 1763 4246 delectui

434 4282 499 4344 viui
518 4298 687 4344 occursum
710 4297 780 4341 csse
800 4278 884 4340 dono
907 4278 1048 4358 quodam
1069 4278 1253 4358 inopinato,
1272 4280 1358 4358 quod
1379 4297 1495 4358 sponso
1516 4281 1652 4342 missum
1672 4282 1713 4342 sit
1732 4289 1764 4344 et

436 4384 613 4461 opportune
634 4377 813 4452 advenerit,
834 4378 899 4450 vel,
919 4384 954 4438 ut
975 4376 1047 4436 aliis
1074 4376 1210 4455 placuit,
1232 4379 1337 4438 lesum
1360 4378 1404 4438 ita
1430 4383 1552 4439 mentes
1574 4379 1762 4460 animosque

436 4477 673 4541 convivantium
694 4474 896 4538 sermonibus
916 4476 981 4536 suis
1001 4475 1196 4546 oblectasse,
1213 4480 1249 4535 ul
1262 4477 1327 4534 vini
1344 4475 1501 4538 delectum
1518 4494 1581 4536 non
1596 4478 1759 4540 sentirent.

435 4578 550 4638 Postea
564 4574 603 4636 ad
620 4576 766 4652 mythum
785 4572 1037 4650 confugiebatur,
1055 4573 1111 4651 qui
1128 4573 1196 4633 scil.
1213 4574 1399 4633 efformatus
1413 4575 1453 4634 sit
1467 4575 1497 4632 in
1511 4576 1710 4652 oppositione
1722 4578 1761 4639 ad

433 4662 637 4754 largitionem
648 4673 791 4750 aquaein
801 4671 998 4744 deserto;vel
1008 4670 1234 4750 evangelistam
1245 4670 1386 4747 aliquam
1395 4671 1578 4750 parabolam
1589 4675 1760 4751 lesuquam

435 4773 518 4833 male
541 4772 740 4834 intellexerat
759 4776 920 4848 tamquam
944 4786 1012 4830 rem
1032 4772 1154 4856 gestam
1178 4770 1391 4846 proposuisse.
1415 4771 1591 4832 Recentiori
1618 4775 1760 4852 tempore
