4050 5648
706 504 765 552 cult
785 499 962 550 romssuwtl
985 500 1104 548 resurr
1125 498 1452 548 ronunuu'tnucrounu.

253 663 255 673 ’
324 710 327 715 ,
416 643 483 719 tur,
500 633 662 725 q'uiaiam
675 634 898 727 asynopticis
916 632 1015 700 relati
1027 643 1119 704 sunt.
1131 639 1247 722 Neque
1257 641 1373 703 tamen
1387 634 1449 701 iste
1463 632 1631 699 adventus
1643 637 1747 724 plane

417 746 564 826 taeetur;
581 744 839 829 ride.532'1-29;
859 747 950 821 ato.
973 780 1016 790 —
1035 749 1158 812 Verum
1175 746 1225 806 est
1245 762 1368 810 nomen
1387 739 1579 808 antichristi
1592 739 1629 805 in
1645 762 1746 828 apoc.

417 870 487 915 non
499 848 584 938 legi;
594 858 633 919 'at
646 855 763 919 nonne
772 850 848 937 ipsa
863 869 931 929 res,
944 853 1190 936 puguacontra
1205 845 1324 913 fideles
1334 854 1367 914 et
1377 848 1529 915 seductio
1545 846 1743 928 multorum,

418 976 504 1045 opus
513 956 631 1048 itaque
643 953 835 1025 antichristi
849 953 974 1021 iterum
990 956 1182 1042 iterumque
1192 954 1266 1020 [use
1279 950 1503 1020 describitur?
1513 955 1589 1020 Etsi
1602 975 1663 1021 nos
1678 974 1747 1019 non

417 1064 588 1152 possimus
602 1062 852 1143 determinare,
869 1061 956 1128 sitne
972 1061 1192 1129 antichristus
1206 1060 1315 1127 bestia
1332 1058 1517 1126 ascendens
1531 1080 1552 1126 a
1570 1062 1656 1126 mari
1673 1061 1743 1148 (13,

415 1176 440 1238 <1
452 1176 636 1262 seqr1r‚s;
651 1168 768 1257 20,19)
784 1168 839 1234 vel
849 1167 1097 1236 bestiahabens
1111 1165 1180 1233 dno
1192 1188 1336 1248 cornua,
1354 1165 1656 1256 pseudopropheta
1672 1165 1740 1254 (13,

419 1283 466 1346 11·
474 1277 680 1368 seq-2040)
691 1326 699 1357 ,
712 1275 778 1341 hae
793 1280 907 1342 nostra
919 1274 1137 1360 ignoratione
1153 1277 1346 1371 tamennon
1361 1272 1509 1339 eflicitur
1523 1270 1745 1339 contrarietas

411 1382 596 1452 doetrinae
615 1384 705 1448 inter
725 1402 824 1472 apoc.
849 1386 883 1449 et
904 1381 1135 1468 evangelium.
1157 1379 1281 1458 Quodsi
1301 1378 1409 1467 aliqui
1430 1384 1551 1467 putant
1572 1378 1689 1447 doceri
1709 1377 1745 1445 in

419 1511 523 1579 apoc·
538 1487 688 1578 primam
709 1487 993 1556 resurrectionem
1015 1508 1197 1575 corporum
1220 1507 1308 1575 qnae
1327 1486 1432 1571 longo
1451 1486 1615 1574 temporis
1636 1485 1746 1575 spatio

410 1592 602 1685 praecedat
616 1596 697 1660 ante
715 1613 932 1662 communem
951 1593 1104 1660 omnium
1126 1591 1171 1658 ad
1189 1593 1292 1660 vitam
1314 1590 1621 1672 resuscitationem,
1637 1591 1679 1658 iis
1693 1592 1747 1658 di·

408 1698 569 1768 ·cendum
583 1706 648 1784 est',
664 1706 702 1795 nt
715 1699 855 1768 videant
868 1721 912 1766 ne
922 1699 988 1789 ipsi
1000 1703 1115 1767 errent
1130 1698 1334 1788 interpretes
1346 1698 1466 1765 falsam
1479 1697 1610 1765 auctori
1624 1697 1749 1787 impin-

418 1809 538 1893 gentes
552 1805 759 1873 do'ctrinam.
776 1813 882 1874 Pnrrn
894 1804 1128 1896 quodspectat
1141 1806 1284 1873 ludaeos
1296 1812 1330 1871 et
1342 1811 1462 1891 gentes
1476 1810 1509 1871 et
1520 1804 1701 1871 amborum
1711 1804 1748 1870 in

408 1913 640 2000 regnumssllei
653 1911 863 2000 ingressum,
876 1911 913 1979 id
922 1911 1113 2002 inutraque
1126 1933 1231 2001 opere
1243 1933 1383 2002 prorsus
1395 1912 1515 1978 eadem
1526 1911 1658 1979 ratione
1671 1933 1750 2001 pro

410 2018 569 2111 ponitur.
584 2022 669 2087 Nam
682 2018 720 2086 in
733 2018 914 2107 evangelio
926 2024 1015 2085 lesus
1028 2017 1180 2108 loquitur
1194 2039 1202 2084 :
1217 2024 1252 2084 et
1262 2019 1347 2085 alias
1361 2040 1440 2084 oves
1455 2018 1565 2085 habeo
1578 2040 1666 2107 quae
1678 2039 1750 2084 non

409 2132 498 2194 'sunt
512 2148 553 2194 ex
562 2126 634 2194 hoc
653 2124 737 2194 ovili
755 2131 790 2192 et
805 2124 882 2192 illas
901 2130 1033 2214 oportet
1052 2147 1107 2191 me
1126 2125 1298 2192 adducere
1315 2125 1462 2214 (10‚16);
1485 2125 1575 2190 nude
1595 2124 1684 2191 ovile
1701 2124 1746 2191 ad

419 2230 515 2321 quod
528 2231 615 2300 aliae
630 2253 710 2299 oves
723 2232 748 2299 i.
764 2254 795 2298 e.
811 2237 930 2319 gentes
947 2231 1170 2299 adducendae
1183 2238 1261 2298 sunt
1273 2238 1323 2299 est
1340 2230 1429 2297 ovile
1444 2231 1538 2321 quod
1554 2231 1624 2297 iam
1642 2232 1752 2296 eonsi-

419 2339 478 2406 stit
489 2337 584 2428 apud
597 2338 717 2406 fideles
729 2337 888 2420 ludaeos,
901 2343 935 2405 et
945 2337 1107 2423 gentibus
1117 2337 1274 2405 adductis
1288 2337 1346 2405 fiet
1358 2360 1465 2405 unum
1480 2337 1581 2405 ovile.
1600 2343 1668 2404 lam
1685 2339 1751 2404 hoc

409 2443 513 2513 ⁴ldem
532 2443 737 2533 exprimitur
748 2449 859 2535 Apoc.
881 2449 979 2524 7‚t-9
997 2464 1004 2511 :
1022 2444 1140 2512 audivi
1158 2466 1339 2512 numerum
1359 2445 1574 2530 signatorum
1598 2443 1750 2511 exomni

412 2551 510 2618 tribu
527 2549 680 2618 filiorum
700 2552 845 2620 lsrael...
861 2552 1039 2642 posthaec
1056 2551 1129 2619 vidi
1147 2553 1285 2619 turbam
1305 2572 1510 2638 magnam...
1529 2573 1569 2617 ex
1589 2552 1749 2617 omnibus

412 2656 581 2746 gentibus
595 2663 629 2725 et
643 2657 805 2725 tribubus
822 2663 855 2724 et
873 2657 1008 2747 populis
1027 2664 1060 2723 et
1073 2656 1218 2743 linguis.
1239 2661 1354 2747 Neque
1368 2659 1405 2723 in
1421 2680 1519 2747 apoc.
1539 2656 1750 2724 considerari

419 2763 538 2854 fideles
551 2786 591 2832 ex
603 2764 766 2852 gentibus
781 2763 879 2855 quasi
895 2762 1063 2850 dignitate
1082 2763 1275 2847 inferiores,
1293 2771 1438 2854 apparet
1456 2772 1512 2846 5,9
1535 2788 1542 2830 :
1565 2764 1750 2831 cantabant

414 2871 591 2939 *canticum
605 2870 914 2938 novumdicentes:
928 2870 1052 2958 dignus
1067 2894 1102 2938 es
1117 2872 1271 2938 bomine.
1280 2925 1302 2938 ..
1319 2878 1352 2938 et
1364 2872 1536 2938 redemisti
1549 2893 1611 2938 uos
1627 2876 1692 2937 Deo
1713 2871 1750 2937 in

419 2965 587 3064 sanguine
602 2982 662 3045 tun
677 2977 828 3045 exomni
842 2977 937 3044 tribu
951 2984 985 3044 et
1000 2977 1122 3063 lingua
1134 2985 1168 3044 et
1180 2978 1308 3067 populo
1323 2984 1357 3043 et
1371 2981 1507 3044 natione
1520 2984 1554 3043 et
1568 2977 1675 3051 iecisti
1688 2999 1749 3043 nos

407 3086 488 3150 -lleo
503 3089 619 3150 nostro
634 3090 801 3170 regnnm;
819 3087 853 3149 et
868 3082 1103 3173 quicantant,
1121 3091 1201 3150 sunt
1215 3090 1377 3172 quattuor
1391 3083 1553 3150 animalia
1574 3091 1609 3151 et
1624 3083 1748 3170 viginti

421 3194 582 3279 quattuor
590 3189 740 3256 seniores
748 3188 930 3256 offerentes
937 3187 1108 3256 orationes
1118 3196 1314 3256 sauctorum
1327 3197 1398 3270 5‚8,
1413 3213 1518 3281 quare
1537 3190 1632 3257 nullo
1648 3188 1750 3257 modo

420 3295 458 3362 in
471 3318 569 3386 apoc.
586 3297 640 3385 (ut
654 3295 727 3364 vult
742 3295 943 3362 lloltzmann
962 3295 985 3361 l.
1005 3319 1036 3364 c.
1054 3297 1132 3383 tuo)
1152 3296 1491 3364 Iudaeo-christianis
1509 3320 1593 3386 prae
1608 3297 1684 3363 aliis
1701 3298 1750 3364 lo-

423 3422 483 3469 cus
492 3401 703 3470 eminentior
715 3401 753 3469 in
767 3423 877 3488 regno
894 3402 953 3469 Ilei
968 3403 1175 3489 assignatur.

466 3505 587 3575 llirnm
600 3506 755 3598 estquod
766 3507 987 3575 Dusterdieck
1004 3508 1214 3577 monendum
1226 3533 1298 3578 esse
1314 3517 1443 3591 censet,
1462 3511 1496 3576 in
1511 3533 1608 3600 apoc.
1624 3510 1751 3578 nullibi

421 3613 578 3705 explicite
590 3612 725 3681 laudari
735 3613 852 3682 locum
866 3613 1018 3703 aliquem
1034 3637 1073 3682 ex
1086 3622 1203 3683 vetere
1216 3622 1417 3684 testamento
1432 3657 1476 3666 -
1491 3624 1588 3698 19‚37
1605 3639 1753 3704 evange·
1850 3619 1870 3648 ·'

421 3720 537 3789 listam
555 3720 678 3804 citare;
698 3719 735 3787 id
753 3742 822 3787 non
842 3720 917 3787 lieri
933 3726 1037 3811 Apoc.
1060 3729 1114 3804 1,7
1134 3725 1256 3790 -sed
1276 3724 1382 3792 habes
1401 3725 1584 3815 utrobique
1607 3724 1752 3792 eandem
1857 3724 1872 3737 ”

408 3824 608 3895 dictionem
625 3832 837 3912 ἐξεκέντησαν,
859 3849 947 3916 quae
968 3828 1096 3895 recedit
1115 3852 1135 3896 a
1154 3835 1234 3897 Lxx
1252 3839 1285 3897 et
1300 3832 1485 3898 conformis
1504 3838 1554 3899 est
1569 3832 1674 3898 textui
1689 3832 1750 3898 he-

422 3931 537 4000 braeo.
552 3937 670 4022 Aeque
685 3934 812 4000 mirum
827 3934 985 4022 estquod
1000 3935 1144 4003 ulterius
1163 3937 1299 4018 obiicit,
1317 3939 1352 4004 in
1368 3960 1464 4027 apoc.
1484 3960 1588 4028 qnam
1605 3938 1750 4005 maxime

424 4038 569 4128 exprimi
583 4038 723 4106 modum
740 4039 906 4129 loquendi
920 4041 1043 4108 veteris
1058 4042 1223 4120 foederis,
1240 4045 1299 4111 sed
1314 4067 1417 4134 quem
1437 4046 1577 4112 minime
1598 4045 1633 4110 in
1649 4067 1753 4112 evan-

411 4144 528 4232 ¹gelio.
547 4148 673 4212 ‚Verum
689 4151 819 4214 attenta
837 4145 1034 4214 diversitate
1053 4152 1254 4235 argumenti
1270 4151 1304 4217 id
1321 4152 1517 4219 nullatenus
1533 4152 1603 4218 dici
1626 4158 1753 4241 potest;

424 4273 504 4318 nam
518 4273 621 4342 supra
639 4250 709 4318 iam
724 4259 895 4320 ostensum
912 4260 961 4320 est
975 4249 1150 4340 quomo‘do
1169 4258 1319 4323 Christus
1336 4259 1372 4324 in
1388 4258 1566 4344 evangelio
1580 4257 1754 4323 describa-

422 4362 479 4425 tur
491 4379 531 4425 ex
546 4356 713 4425 vaticiniis
729 4357 785 4447 (ci.
805 4363 1193 4440 1,19.t9.51;u,1t-17;
1212 4368 1388 4440 saltas
1402 4365 1496 4450 etc).
1517 4368 1619 4430 Porro
1637 4369 1751 4430 monet

423 4461 622 4551 longissime
634 4463 760 4531 distsue
771 4465 816 4532 ab
826 4465 943 4532 indole
959 4465 1094 4533 loannis
1104 4468 1248 4556 apostoli
1259 4476 1367 4535 artem
1381 4470 1475 4537 illam
1488 4469 1751 4555 aenigmaticam

424 4568 641 4638 describendi
656 4592 783 4637 nomen
799 4571 949 4638 hominis
963 4595 1027 4661 ope
1040 4595 1261 4642 numerorum
1283 4583 1393 4656 13,18.
1407 4583 1448 4642 ut
1461 4577 1489 4642 si
1499 4574 1564 4665 ipsi
1576 4576 1613 4644 in
1626 4578 1754 4644 visione

424 4697 552 4744 nomen
571 4697 610 4743 eo
626 4676 780 4765 symbolo
803 4679 994 4745 exhibitum
1013 4685 1077 4753 est,
1100 4682 1184 4769 quid
1204 4683 1298 4749 aliud
1320 4688 1428 4749 lacere
1449 4684 1556 4772 potuit
1573 4683 1638 4750 nisi
1659 4684 1752 4771 quod

426 4804 544 4851 revera
561 4782 664 4850 lecit?
683 4783 798 4851 Varias
817 4786 1104 4853 contradictiones
1122 4787 1256 4856 invenit
1279 4791 1479 4856 lloltzmann
1500 4790 1535 4878 (l.
1562 4813 1590 4857 c.
1616 4815 1648 4880 p.
1672 4789 1754 4877 tto)

427 4888 516 4966 inter
528 4894 712 4979 utrumque
727 4912 828 4981 opus,
843 4913 931 4980 qnae
944 4901 1056 4959 tarum
1067 4914 1233 4961 omnesex
1249 4896 1334 4963 falsa
1344 4896 1624 4986 interpretatione
1638 4897 1755 4963 oriun-
