4050 5648
262 686 474 778 qlorifieetur
485 686 596 755 filius
611 682 674 747 [tei
685 704 749 772 per
763 708 840 753 eam
851 687 924 754 soil.
939 681 1191 755 infirmitatem,
1209 680 1284 746 eius
1296 686 1492 763 occasione,
1507 704 1578 772 qua

262 796 410 864 naturali
421 818 482 861 sua
495 792 527 856 vi
540 796 684 857 mortem
697 792 794 860 allert
807 814 913 882 qoam
930 791 1003 877 ipse
1017 787 1134 855 uincit.
1151 793 1238 855 bens
1250 791 1350 854 Pater
1367 793 1483 883 itaque
1496 789 1576 878 glo-

260 904 330 970 riae
339 923 420 970 suae
433 897 742 966 manifestationem
756 901 803 966 ita
816 899 889 963 vult
904 897 940 961 in
958 916 998 959 ea
1012 893 1230 973 infirmitate,
1249 899 1287 959 ut
1301 894 1367 960 ista
1381 898 1532 965 reluceat
1541 904 1577 963 et

258 1006 403 1099 proinde
415 1002 516 1069 etiam
536 1013 743 1092 agnoscatur
762 1012 796 1071 et
819 1000 1013 1068 celebretur
1026 1002 1072 1069 ab
1088 999 1285 1069 hominibus
1302 1000 1340 1067 in
1354 1001 1469 1087 gloria
1487 1004 1575 1071 mii.

258 1115 373 1181 lodus
385 1110 498 1199 itaque
514 1110 798 1179 manifestationis
811 1107 945 1193 gloriae
959 1108 1018 1175 llei
1034 1109 1183 1175 babetur
1200 1108 1235 1173 in
1258 1107 1371 1194 gloria
1386 1108 1461 1175 Filii
1482 1111 1576 1195 (cm.

259 1217 327 1285 Yol.
347 1218 438 1282 luas.
456 1220 570 1307 Bor.):
586 1238 691 1285 unam
707 1213 922 1303 eandemque
939 1214 1088 1302 gloriam
1103 1214 1210 1282 Patris
1223 1220 1256 1279 et
1273 1213 1346 1280 Filii
1361 1214 1457 1281 hisee
1469 1239 1579 1283 enun-

256 1324 334 1390 tiari
349 1328 385 1389 et
402 1324 519 1392 lilium
539 1321 709 1392 declarari
735 1323 840 1387 iteum
871 1320 950 1387 Chr.
973 1323 1052 1407 Cyr.
1078 1320 1224 1412 Ylteopb.
1252 1319 1357 1386 soil.
1380 1324 1472 1409 Auq.
1501 1324 1577 1391 cai.

255 1430 556 1499 tamniticam.
570 1430 708 1496 docent.
720 1430 808 1494 llaec
822 1427 935 1514 gloria
943 1429 1098 1494 cernitur
1110 1428 1145 1493 in
1160 1426 1418 1495 resuscitatione
1432 1429 1509 1495 eins
1516 1430 1578 1517 qni

255 1536 323 1604 iam
345 1538 593 1627 quatriduanus
617 1536 652 1600 in
679 1533 837 1623 sepulcro
855 1534 971 1623 eoepit
988 1534 1182 1623 eorrumpi;
1197 1532 1292 1600 unde
1303 1538 1395 1603 lesus
1407 1556 1450 1601 ex
1467 1533 1578 1601 Patris

254 1646 428 1712 voluntate
441 1644 500 1735 qui
519 1643 614 1708 illam
636 1639 946 1707 manilestationem
964 1638 1088 1721 voluit,
1114 1640 1240 1706 mansit
1254 1646 1351 1707 trans
1374 1641 1578 1721 lordanem,

252 1750 362 1819 donee
385 1758 520 1840 tempus
531 1747 617 1815 illud
635 1747 880 1835 compleretur.
898 1747 934 1813 Si
947 1766 991 1811 ea
1000 1744 1105 1811 verba
1119 1745 1372 1813 nuntiabantur
1387 1747 1578 1829 sororibus,

251 1866 343 1926 certe
355 1865 452 1926 erant
464 1855 687 1923 consolationi
697 1877 706 1935 ;
718 1860 755 1919 at
763 1851 868 1919 simtss
878 1873 1006 1939 magna
1017 1849 1174 1939 probatio
1184 1873 1247 1941 pro
1260 1850 1305 1919 iis
1314 1852 1496 1920 exsistebat
1505 1855 1582 1943 ipsa

250 1966 366 2031 laxari
379 1985 481 2043 mors,
495 1983 584 2052 quae
599 1960 715 2027 verbis
730 1960 902 2026 contraria
915 1956 1080 2024 accidisse
1095 1956 1289 2025 videbatur.

294 2072 346 2138 llti
365 2073 401 2136 in
416 2092 448 2134 v.
468 2075 501 2149 Ξ,
524 2071 570 2133 ita
589 2066 646 2134 hie
664 2066 806 2133 adnotat
820 2063 1052 2150 evangelista,
1069 2085 1156 2154 quae
1169 2064 1276 2146 seire,
1293 2067 1343 2131 uti
1355 2072 1495 2153 gratum
1507 2072 1577 2147 est,

250 2176 299 2244 ita
314 2199 453 2266 quoque
477 2174 561 2242 utile
581 2172 627 2240 ad
647 2194 719 2239 rem
741 2177 872 2258 gestam
889 2169 1013 2236 melius
1032 2169 1292 2256 intelligendam
1309 2194 1341 2237 v.
1366 2178 1387 2239 5
1408 2170 1580 2262 diliqedct

250 2296 365 2350 autem
376 2285 467 2349 lesus
475 2279 650 2347 ,sartham
659 2292 692 2345 et
699 2299 848 2344 sororem
855 2277 929 2343 eius
939 2275 1087 2342 Mariam
1096 2290 1130 2342 et
1137 2278 1325 2360 Lazarum,
1337 2284 1441 2365 ἠγάπα
1449 2280 1580 2368 optime

250 2413 292 2458 ea
305 2412 388 2457 voce
401 2390 509 2455 utitur
518 2386 743 2474 evangelista,
757 2405 828 2451 non
841 2392 936 2469 quasa
951 2404 1087 2463 amare,
1099 2382 1194 2473 quod
1207 2383 1465 2452 inclinationem
1474 2408 1578 2452 sensu

248 2498 453 2565 concitatam
474 2493 702 2581 adsignificat.
720 2494 787 2558 Cur
807 2490 893 2557 haec
906 2490 1035 2556 mentio
1055 2489 1253 2558 dilectionis
1271 2491 1455 2573 inseratur,
1471 2514 1578 2582 qnae-

250 2612 342 2671 runt,
358 2602 472 2691 aliqui
485 2602 638 2668 retexunt
649 2599 695 2666 ad
708 2622 741 2665 v.
756 2603 789 2679 3,
806 2603 844 2663 ut
857 2595 894 2664 id
906 2597 1005 2686 quasi
1019 2596 1234 2688 compleatur
1247 2598 1341 2688 quod
1352 2598 1483 2667 dietum
1502 2605 1576 2667 est:

248 2731 352 2799 quem
371 2730 477 2775 amas.
496 2707 611 2773 ltelius
621 2705 666 2771 ad
676 2703 920 2793 subsequentia
934 2704 1099 2792 pertinet.
1112 2710 1150 2770 ut
1162 2703 1250 2771 illud
1262 2726 1344 2794 erpo
1358 2707 1395 2771 in
1408 2728 1442 2771 v.
1460 2713 1579 2795 equo-

248 2840 315 2906 que
334 2814 474 2882 indicate
497 2818 585 2887 Sunt
604 2813 662 2900 qui
686 2815 808 2900 putent
827 2809 1055 2898 suspicionem
1072 2811 1206 2876 lectoris
1220 2831 1391 2900 occupare
1410 2812 1574 2893 voluisse,

249 2945 294 2990 ne
316 2923 394 3012 quis
412 2928 509 3011 putet
525 2919 570 2984 ob
591 2918 762 2983 delectum
778 2915 975 2982 dilectionis
992 2937 1062 2981 non
1077 2918 1193 2982 statim
1216 2921 1326 2984 lesum
1344 2939 1381 2984 se
1394 2919 1579 2986 contulisse

248 3028 294 3096 ad
307 3028 499 3095 sanandum
512 3031 674 3092 lazarum
694 3021 779 3107 (Tol.
799 3022 921 3109 lanc).
934 3027 975 3087 At
989 3022 1109 3088 melius
1120 3044 1199 3088 cum
1214 3023 1323 3090 Mald.
1339 3026 1424 3114 lap.
1438 3026 1580 3092 arctius·

248 3135 375 3225 quoad
388 3134 567 3222 sequentia
579 3137 710 3220 spectat
722 3137 756 3195 et
765 3128 939 3215 significat
946 3132 1055 3194 lesum
1068 3136 1208 3219 accepto
1222 3131 1344 3196 nuntio
1356 3130 1460 3221 plane
1471 3133 1579 3199 menti

247 3249 282 3308 et
299 3242 416 3307 animo
436 3238 583 3304 infixisse
605 3236 783 3315 morbum,
806 3255 886 3301 eum
910 3256 980 3300 non
1004 3236 1154 3323 potuisse
1177 3235 1334 3302 oblivisci
1357 3259 1476 3305 eorum
1494 3254 1592 3328 quos·

246 3345 431 3433 diligebat,
453 3345 601 3431 ideoque
616 3348 770 3430 tempore
786 3364 808 3407 a
822 3346 921 3406 Patre
936 3362 1000 3429 pro
1011 3340 1140 3407 maiore
1152 3341 1267 3427 gloria
1277 3349 1403 3409 statuto
1414 3365 1451 3410 se
1463 3344 1579 3411 liben-

247 3455 374 3518 tissime
392 3449 576 3518 accinxisse
595 3447 641 3514 ad
658 3469 759 3535 opem
773 3445 968 3525 ferendam
991 3469 1024 3512 ν.
1045 3453 1066 3511 6
1082 3460 1119 3512 ut
1135 3469 1215 3535 erpo
1226 3448 1362 3515 audivit
1380 3451 1467 3539 quia
1479 3452 1579 3539 infir·

247 3557 417 3636 orabatur,
436 3569 517 3621 taine
540 3552 681 3643 quidem
706 3552 832 3618 manet
852 3552 890 3618 in
915 3549 1032 3617 eodem
1049 3552 1123 3618 loeo
1139 3553 1272 3620 duobos
1292 3555 1435 3642 diebus‚·
1453 3558 1580 3625 mansit

252 3694 268 3725 ι
294 3672 333 3729 ut
346 3665 533 3752 exspiraret
545 3661 605 3727 ille
618 3666 653 3725 et
668 3658 886 3747 sepeliretur3
901 3659 1033 3747 nequis
1046 3659 1177 3726 diceret
1194 3683 1202 3726 :
1217 3662 1369 3729 nondum
1377 3663 1579 3732 defunctum

250 3770 438 3844 suscitavit
463 3768 594 3856 sopitus
615 3772 749 3831 tantum
764 3773 838 3831 erat
857 3794 873 3824 »
895 3764 1022 3853 (cla).
1042 3765 1182 3834 l'idetur
1196 3773 1343 3836 Lazarus
1355 3793 1395 3837 eo
1410 3772 1466 3838 die
1488 3793 1579 3839 mon·

250 3883 409 3941 tuusesse
423 3896 493 3962 quo
504 3873 646 3938 nuntius
660 3875 732 3936 lesu
742 3871 867 3937 allatus
877 3879 937 3936 est.
952 3875 997 3936 Eo
1010 3872 1105 3938 enim
1115 3882 1257 3963 accepto
1271 3877 1396 3942 mansit
1408 3878 1445 3943 in
1456 3878 1578 3945 eodem

250 3983 325 4047 loco
343 3981 482 4046 duobus
503 3978 641 4053 diebus3
657 3979 758 4042 tertio
777 3976 833 4042 die
850 3976 916 4042 iter
937 3977 974 4043 in
996 3979 1197 4045 Bethaniam
1219 3984 1370 4070 peragit3
1391 3984 1579 4051 adveniens

251 4087 350 4154 audit
359 4092 522 4153 Lazarmn
533 4090 694 4172 quartum
709 4081 891 4148 antediem
904 4081 1030 4150 obiisse
1040 4085 1148 4173 (Puer.
1165 4086 1208 4152 cl.
1231 4088 1343 4154 Tlom.
1354 4068 1494 4179 {Solum
1513 4098 1578 4158 v.'l

251 4192 471 4282 deindepost
494 4187 688 4255 haecdicit
713 4186 892 4277 discipulis
907 4190 977 4255 suis
1003 4213 1016 4255 .·
1046 4214 1163 4259 eamus
1191 4194 1226 4259 in
1251 4196 1415 4263 Iudaeam
1435 4198 1580 4282 iterum;

251 4322 330 4366 cum
347 4306 438 4365 lesus
456 4297 594 4362 dixisset
614 4294 851 4361 infirmitatem
867 4316 939 4361 non
953 4318 1024 4362 esse
1047 4297 1089 4363 ad
1112 4307 1258 4367 mortem
1284 4310 1318 4368 et
1341 4305 1521 4371 mansisset
1542 4305 1578 4371 in

251 4408 373 4473 mem
396 4404 471 4469 loco
490 4426 552 4491 per
574 4402 662 4467 duos
684 4401 773 4475 dies,
794 4423 885 4468 nuno
899 4401 1059 4492 discipuli
1083 4426 1124 4471 eo
1148 4408 1259 4493 magis
1275 4410 1462 4485 mirantur:
1485 4409 1578 4478 unde

252 4535 284 4578 s.
296 4520 318 4580 8
330 4512 452 4577 dicunt
467 4509 499 4574 ei
512 4506 680 4596 discipuli
695 4507 834 4592 .·roblli,
853 4530 945 4574 nilne
964 4510 986 4575 i.
1004 4533 1034 4576 e.
1057 4511 1175 4592 modo,
1192 4516 1490 4601 nuperrime‚eum
1504 4539 1577 4583 em·

250 4619 351 4706 phasi
366 4617 556 4708 periculum
572 4635 731 4702 praesens
739 4614 862 4679 ellerre
872 4614 1010 4693 volunt,
1021 4619 1229 4703 quaerebant
1238 4634 1269 4685 te
1278 4622 1401 4687 ludaei
1418 4623 1577 4712 lapidare
1624 4676 1630 4682 .

255 4726 365 4792 fluat
399 4725 565 4789 etiterum
586 4719 682 4784 cudis
695 4719 800 4785 illuc?
819 4747 837 4780 o
854 4720 966 4786 videte
985 4721 1275 4808 quemadmodum
1287 4727 1448 4819 discipuli
1464 4732 1576 4797 territi

252 4834 383 4900 luerint
399 4860 415 4890 u
436 4835 536 4917 deq.

297 4946 393 5007 lesus
406 4944 519 5002 autem
534 4933 604 4999 illis
616 4931 768 5000 declarat
777 4952 933 4999 sermone
948 4932 1145 5020 parabolico
1157 4959 1192 5004 se
1206 4946 1285 5008 ante
1298 4949 1434 5033 tempus
1448 4945 1577 5011 consti-
