4116 5648
919 395 1003 438 sonu.
1028 379 1182 452 louein.
1657 381 1715 441 473

387 536 504 613 dibus,
521 529 764 619 intelligentia,
786 527 943 608 scientia,
965 527 1134 620 sapientia
1155 529 1213 616 (cl.
1237 528 1426 597 Concilium
1448 527 1548 594 vatic.
1568 551 1642 617 cap.
1667 531 1715 619 t).

431 637 504 706 ntia
525 638 717 727 assignatur
742 635 870 702 utilitas
894 655 999 723 quam
1021 634 1120 703 affert
1143 635 1287 725 Spiritus
1311 643 1446 702 sanctus
1466 658 1498 700 v.
1524 639 1563 700 u
1587 634 1646 701 ille
1665 661 1717 705 ute

389 742 608 832 clarificabit,
630 741 747 809 omnia
765 763 853 831 quac
874 741 1020 831 Spiritus
1036 740 1110 826 agit
1127 745 1283 832 spectant
1296 740 1341 807 ad
1356 763 1441 828 opus
1455 742 1576 809 Christi
1591 763 1717 832 propa·
1819 764 1823 771 ·

386 848 538 939 gandam
553 858 586 919 et
599 846 861 939 perficiendum
880 850 981 937 proin
998 847 1041 916 ad
1056 846 1205 933 gloriam
1218 845 1343 914 Christi
1358 846 1643 915 manifestandam
1653 903 1661 931 ‚
1673 848 1718 914 ad

387 955 619 1036 efficiendum,
635 961 673 1021 ut
686 956 836 1022 Christus
846 953 990 1036 colatur,
1008 954 1210 1035 honoretur,
1228 958 1314 1020 Deus
1328 974 1368 1019 ac
1383 953 1589 1042 Redemptor
1607 977 1718 1042 agno-

386 1069 510 1131 scatur.
530 1069 597 1131 Hoc
616 1083 754 1152 quoque
774 1061 819 1128 ad
838 1061 1104 1129 consolationem
1119 1061 1352 1150 apostolorum
1369 1060 1517 1149 pertinet
1535 1067 1566 1126 et
1582 1061 1717 1150 expedit

386 1167 482 1260 ipsis;
503 1200 517 1231 «
535 1173 629 1235 tanto
643 1168 738 1235 enim
757 1188 818 1232 vos
833 1165 1037 1235 illustriores
1049 1173 1083 1232 et
1095 1165 1313 1253 gloriosiores
1327 1165 1540 1247 efficiemini,
1558 1167 1716 1256 quaudo·

386 1275 522 1368 quidem
540 1273 652 1360 gloria
668 1273 825 1360 magistri
843 1280 894 1341 est
906 1274 1020 1362 gloria
1034 1271 1295 1363 discipulorum,
1312 1271 1425 1358 gloria
1440 1271 1588 1353 Domini,
1604 1273 1717 1360 gloria

384 1403 561 1451 servorum
580 1411 593 1440 a
621 1381 737 1470 (rot).
759 1383 889 1448 Cuncta
904 1386 1019 1448 autem
1041 1379 1220 1470 praeclara
1233 1401 1354 1469 opera,
1375 1401 1463 1469 quae
1478 1379 1623 1469 Spiritus
1637 1380 1717 1448 edet

262 1527 264 1530 >
385 1494 418 1556 et
434 1488 558 1555 efficiet
580 1488 617 1554 in
639 1485 765 1554 Christi
784 1487 907 1554 cedent
921 1486 1089 1573 gloriam,
1107 1485 1276 1552 Christum
1291 1484 1546 1566 clarificabunt,
1566 1486 1651 1576 qaia
1674 1486 1716 1553 de

385 1615 458 1660 meo
477 1595 622 1685 accipiet
646 1606 678 1659 et
702 1593 922 1660 annuntiabit
948 1593 1040 1659 uobis
1064 1602 1098 1660 ὲκ
1118 1609 1168 1660 τοῦ
1194 1601 1266 1676 ἐμοῦ
1288 1591 1311 1658 i.
1335 1612 1365 1658 e.
1393 1597 1425 1673 ἐξ
1445 1587 1484 1660 ὧν
1505 1592 1565 1680 ἐγὼ
1581 1594 1664 1676 οἶδα,
1682 1603 1716 1662 ἐκ

383 1719 436 1785 τῆς
451 1709 525 1784 ἐμῆς
540 1703 678 1788 γνώσεως
696 1699 790 1787 (chr.
801 1719 815 1782 ‚·
828 1721 896 1765 una
908 1699 1037 1789 quippe
1053 1704 1103 1766 est
1118 1720 1193 1764 mea
1208 1704 1241 1766 et
1255 1697 1399 1788 Spiritus
1409 1698 1576 1786 scientia).
1593 1699 1716 1788 Loqui·
1816 1771 1819 1777 ἡ

384 1814 453 1890 tur,
475 1815 511 1874 ut
530 1807 567 1873 iu
587 1831 617 1872 v.
643 1813 696 1888 13,
719 1827 814 1873 more
829 1805 998 1884 humano,
1017 1805 1078 1871 sed
1098 1809 1214 1871 tamen
1227 1827 1269 1871 aa
1289 1804 1418 1871 indicat
1433 1827 1520 1894 quae
1534 1812 1613 1872 sunt
1628 1805 1716 1872 divi-

385 1913 512 1980 nitatis.
530 1943 545 1972 «
563 1918 669 1981 Nemo
685 1912 855 1995 turbetur,
873 1934 952 1978 cum
968 1912 1022 1978 hic
1040 1910 1159 1979 audiat
1174 1911 1318 1978 verbum
1331 1911 1543 2003 accipiendi‚·
1556 1911 1615 1979 sed
1630 1911 1719 1978 illud

386 2021 421 2087 in
436 2022 588 2087 animum
607 2020 747 2086 inducat
762 2026 877 2086 nostro
894 2041 989 2087 more
1010 2018 1183 2085 enuntiari
1197 2032 1252 2085 'res
1270 2017 1420 2101 divinas,
1443 2041 1512 2085 nou
1534 2020 1581 2085 sie
1600 2024 1719 2085 tumen

385 2125 551 2213 intelligi,
570 2127 630 2192 sed
652 2125 754 2193 modo
774 2132 929 2193 nostrum
951 2130 1091 2215 captum
1113 2124 1312 2205 excedente,
1335 2128 1438 2212 atque
1453 2126 1500 2191 ita
1523 2147 1584 2192 nos
1607 2125 1720 2191 dicere

387 2233 550 2323 Spiritum
566 2254 587 2298 a
610 2237 706 2298 Putre
729 2238 762 2299 et
774 2231 859 2299 l'ilio
878 2233 1036 2321 accipere
1050 2253 1139 2320 quae
1155 2252 1275 2297 eorum
1293 2235 1389 2311 sunt,
1408 2252 1475 2296 non
1491 2229 1581 2322 quod
1604 2232 1720 2318 cogni·

386 2338 511 2406 tionem
525 2344 558 2406 et
575 2339 734 2406 virtutem
751 2361 871 2406 eorum
895 2338 1084 2428 aliquando
1100 2359 1170 2404 non
1191 2337 1352 2419 haberet;
1369 2338 1503 2427 sapie'ns
1519 2338 1611 2404 enim
1632 2360 1721 2405 sem-

389 2467 450 2536 per
466 2452 560 2512 estet
578 2452 715 2535 potens,
733 2446 801 2512 imo
815 2445 889 2536 ipsa
900 2444 1070 2534 sapientia
1085 2452 1118 2511 et
1133 2445 1283 2533 potentia
1300 2472 1315 2504 n
1332 2442 1457 2533 (Cyn).
1476 2448 1583 2534 Aquo
1598 2444 1723 2535 accipit

389 2551 534 2642 Spiritus
549 2553 673 2642 accipit
693 2558 797 2620 totam
813 2552 1054 2619 substantiam.
1080 2550 1208 2617 Dicitur
1223 2556 1338 2616 autem
1358 2549 1399 2616 de
1419 2572 1492 2647 tneo
1509 2555 1543 2617 et
1556 2551 1719 2642 accipiet,

385 2660 466 2748 quia
480 2682 519 2725 ex
542 2659 581 2725 iis
596 2681 684 2747 quac
701 2658 824 2749 accipit
845 2659 959 2746 aliqua
986 2679 1064 2725 cum
1089 2656 1289 2723 hominibus
1302 2656 1585 2739 communicabit,
1603 2657 1721 2747 aliqua

387 2765 461 2832 scil.
486 2788 525 2832 ex
549 2765 684 2832 infinita
703 2765 845 2832 scientia
865 2765 1000 2840 diuina,
1028 2771 1062 2830 et
1084 2763 1351 2830 communicatio
1376 2764 1411 2829 in
1438 2769 1588 2853 tempore
1609 2765 1726 2832 tuturo

390 2878 570 2963 spectatur.
590 2875 687 2938 Notat
712 2871 825 2938 Thana.
844 2893 856 2936 .·
879 2899 894 2931 u
920 2870 975 2937 hie
990 2870 1132 2959 ponitur
1161 2871 1247 2936 ratio
1273 2869 1544 2952 clarificationis,
1565 2892 1655 2960 quae
1680 2878 1729 2939 est

386 2981 467 3070 quia
491 2978 591 3046 Filius
615 2985 665 3047 est
686 2978 896 3068 principium
924 2976 1071 3068 Spiritus
1092 2977 1213 3043 sancti.
1246 2978 1352 3042 Omne
1380 2975 1471 3042 enim
1494 2976 1586 3065 quod
1613 2983 1663 3044 est
1686 2977 1730 3044 ab

384 3085 453 3152 alio
467 3087 661 3153 manifestat
679 3085 713 3152 id
729 3107 827 3175 aquo
840 3091 906 3161 est;
927 3084 1032 3151 Filius
1047 3083 1138 3150 enim
1156 3083 1353 3150 manifestat
1372 3088 1504 3149 Patrem
1514 3085 1605 3172 ,quia
1618 3093 1667 3150 cst
1680 3084 1726 3150 ab

385 3180 473 3282 ipso.
492 3193 575 3270 Quia
596 3214 680 3278 ergo
696 3192 844 3281 Spiritus
861 3197 998 3258 sanctus
1014 3196 1064 3258 cst
1082 3213 1103 3257 a
1120 3189 1224 3267 Filio,
1242 3189 1420 3280 proprium
1441 3196 1492 3256 est
1511 3196 1549 3256 ut
1566 3190 1731 3258 clarificet

385 3320 462 3366 eum
481 3327 514 3379 o,
541 3305 574 3364 et
596 3304 707 3388 potest
728 3297 808 3364 addi
828 3298 910 3387 quia
929 3299 1075 3387 Spiritus
1089 3297 1245 3385 procedit
1264 3318 1284 3362 a
1305 3302 1403 3363 Patre
1426 3303 1460 3363 et
1478 3296 1577 3376 Filio,
1600 3297 1726 3363 clarifi-

385 3405 494 3472 cando
512 3405 631 3471 Filium
647 3404 776 3494 pariter
792 3409 922 3470 Patrem
937 3403 1111 3493 glorificat
1123 3403 1179 3490 (ci.
1200 3403 1308 3490 11,6);
1327 3425 1406 3469 nam
1422 3425 1508 3492 opus
1523 3404 1596 3470 Filii
1613 3410 1721 3469 totum

387 3519 439 3580 cst
453 3511 496 3578 ud
515 3510 664 3599 gloriam
677 3513 785 3578 Patris
802 3511 857 3599 (cf.
877 3518 966 3593 17,1.
989 3518 1021 3579 t.
1037 3511 1084 3598 6).

431 3623 540 3708 Supra
559 3617 644 3684 dixit
659 3619 813 3685 Christus
834 3619 998 3707 Spiritum
1019 3617 1242 3706 procederae
1265 3621 1364 3684 Patre
1391 3616 1520 3706 (1536)
1537 3615 1560 3683 i.
1583 3641 1612 3685 6.
1631 3619 1721 3686 aeci-

387 3748 466 3815 pere
483 3734 639 3792 naturam
653 3723 807 3791 divinam
823 3747 844 3791 a
862 3728 976 3803 Patre;
996 3723 1099 3791 modo
1115 3731 1229 3790 autem
1248 3722 1398 3789 affirmat
1413 3721 1454 3789 de
1467 3746 1539 3790 ntea
1556 3726 1722 3813 accipian·

385 3831 557 3921 quomodo
573 3831 655 3897 haec
674 3832 764 3897 inter
781 3853 815 3897 sc
839 3830 1049 3897 concordent
1064 3828 1217 3897 declarat
1231 3852 1263 3895 v.
1289 3837 1329 3896 15
1348 3828 1465 3895 omnia
1484 3853 1722 3921 poenarumque

386 3937 484 4004 labet
500 3941 602 4002 Pater
615 3960 690 4002 urea
709 3950 809 4021 sum
818 3950 1002 4026 propterea
1016 3935 1093 4002 dixi
1108 3958 1120 4000 .·
1135 3935 1219 4025 quia
1230 3935 1271 4001 dc
1285 3957 1358 4000 meo
1374 3935 1521 4024 accipiet
1535 3949 1568 4002 et
1582 3960 1721 4004 annun-

386 4044 486 4111 tiabit
500 4044 611 4126 uobi.s·‚·
636 4073 652 4103 u
677 4065 716 4109 ex
734 4043 932 4111 necessitate
950 4044 1043 4110 enim
1059 4047 1194 4132 oportet
1214 4041 1350 4131 quodsi
1372 4041 1488 4108 omnia
1508 4065 1595 4130 quae
1617 4044 1722 4112 habet

388 4152 558 4218 Patersint
569 4150 641 4217 Filii
655 4157 688 4216 ct
701 4151 803 4217 Filius
815 4150 858 4216 sit
871 4147 1174 4217 consubstantialis
1191 4149 1298 4229 Patri,
1315 4147 1410 4237 quod
1426 4147 1572 4237 Spiritus
1584 4159 1721 4219 sanctus

388 4257 547 4348 procedat
574 4281 593 4321 a
620 4256 702 4322 Filio
725 4257 811 4324 sicut
835 4255 990 4347 procedit
1015 4260 1168 4335 aPatrc,
1200 4262 1236 4321 ut
1261 4254 1408 4321 llilarius
1430 4263 1462 4320 et
1483 4255 1647 4343 Didymus
1665 4282 1720 4325 ar-

386 4375 496 4454 guunt
515 4395 528 4424 n
549 4362 714 4450 (l'bout.t;
733 4372 878 4446 λαμεὶινει
893 4363 965 4451 (hic
978 4363 1054 4453 pler
1069 4363 1181 4450 testes)
1203 4361 1238 4428 id
1261 4360 1392 4427 indicat
1411 4360 1502 4449 quod
1520 4383 1656 4451 semper
1669 4372 1719 4432 cst

387 4478 420 4539 et
439 4479 568 4551 manet,
588 4471 636 4538 uti
653 4492 673 4535 a
690 4474 787 4535 Patro
799 4469 957 4559 procedit
974 4469 1116 4558 (1566).
1138 4469 1267 4535 Habere
1281 4469 1316 4533 in
1331 4467 1456 4534 divinis
1469 4474 1610 4549 estesse,
1626 4471 1717 4539 unde

389 4579 507 4644 Filium
520 4599 589 4644 esse
607 4576 697 4642 Patri
715 4575 1040 4644 consubstantialem
1056 4575 1229 4642 asseritur.
1247 4573 1475 4640 rlnnuntiabit
1492 4573 1598 4660 igitur
1610 4576 1717 4665 Spiri-

387 4693 455 4762 tus,
475 4684 595 4773 inquit,
614 4683 656 4751 de
682 4704 758 4750 meo
782 4682 969 4773 accipiens,
994 4684 1059 4750 hoe
1079 4689 1144 4764 cst,
1162 4680 1251 4748 nihil
1274 4679 1369 4746 aliud
1392 4701 1496 4769 quam
1517 4680 1611 4768 quod
1632 4683 1716 4752 mihi

388 4793 496 4859 visum
512 4792 577 4856 erit
594 4791 767 4880 loquetur,
789 4798 823 4857 et
841 4811 920 4856 eum
941 4789 984 4857 sit
1000 4811 1095 4857 mous
1107 4788 1271 4878 Spiritus,
1288 4786 1409 4854 eadem
1426 4784 1567 4853 omnino
1584 4811 1717 4859 mecum
