4050 5648
1002 349 1088 396 mar.
1112 336 1266 413 188183.
1737 338 1796 399 119

354 552 357 573 ,
471 494 552 559 sunt
570 484 773 558 afflictiones
792 489 956 558 toleratae
975 506 1039 575 pro
1059 487 1181 569 servis,
1201 482 1312 550 multo
1333 486 1445 574 magis
1462 485 1568 555 servis
1589 484 1702 573 gloria
1717 494 1796 554 sunt

354 624 357 655 ι
472 618 560 688 quae
572 613 636 683 pro
650 595 796 665 Domino
815 589 1009 684 sustinent).

514 705 603 768 Haeo
617 704 734 770 autem
753 696 960 789 glorificatio
978 699 1056 769 Filii
1077 702 1128 768 est
1144 696 1248 764 etiam
1265 696 1373 765 Patris
1386 695 1499 783 gloria
1513 711 1546 765 et
1565 703 1654 766 Deus
1668 696 1797 786 clarifi-

473 818 568 877 catus
585 816 634 873 est
653 807 692 876 in
712 825 771 893 eo;
785 805 828 873 cf.
853 811 947 890 11,1;
973 813 1089 890 12,18;
1114 808 1209 888 17,1;
1231 808 1322 872 lesus
1345 803 1439 871 enim
1460 802 1498 870 in
1517 804 1677 872 omnibus
1691 803 1798 872 Patris

472 911 668 1002 exsequitur
686 913 921 997 voluntatem3
943 912 980 980 in
1002 910 1124 980 Christi
1139 910 1251 997 gloria
1266 917 1299 978 et
1318 930 1426 996 regno
1445 915 1589 999 apparet
1608 911 1714 976 Patris
1728 909 1800 996 glo

471 1018 538 1102 xia3
553 1017 592 1088 in
606 1019 731 1089 Christi
751 1039 853 1108 opere
878 1025 912 1088 et
929 1022 1039 1086 morte
1054 1015 1290 1084 manifestatur
1304 1017 1364 1083 Dei
1378 1015 1555 1100 sanctitas,
1571 1014 1719 1093 iustitia,
1736 1016 1799 1082 im-

472 1145 590 1195 mensa
609 1127 650 1195 iu
674 1145 787 1212 gemm
807 1125 998 1195 humanum
1023 1121 1261 1190 misericordia
1291 1126 1325 1189 et
1347 1121 1472 1189 caritas
1493 1121 1548 1210 (cf.
1574 1125 1670 1188 Rom.
1703 1126 1800 1203 3263

472 1230 562 1323 ti,8);
575 1232 658 1301 dein·
667 1251 711 1299 eo
723 1230 819 1326 quod
832 1231 983 1300 Christus
994 1229 1185 1297 honoratur
1195 1234 1229 1296 et
1243 1227 1315 1296 eius
1329 1227 1442 1315 gloria
1456 1249 1519 1318 per
1527 1227 1696 1319 apostolos
1705 1249 1804 1294 mun-

471 1336 516 1407 do
529 1335 771 1421 annuntiatur,
794 1336 898 1407 etiam
915 1336 1024 1404 Patris
1042 1336 1156 1424 gloria
1173 1335 1372 1423 agnoscitur
1390 1341 1424 1402 et
1437 1334 1616 1403 adoratur.
1633 1340 1732 1402 Pater
1745 1320 1804 1402 ari-

471 1448 542 1515 tem
552 1434 638 1516 Filio
655 1443 748 1513 vices
760 1441 876 1513 reddit
889 1465 922 1510 v.
945 1448 988 1510 32
1001 1441 1033 1511 si
1053 1445 1142 1510 Deus
1156 1440 1372 1532 clarificatus
1386 1454 1436 1509 est
1449 1440 1487 1507 in
1504 1463 1544 1510 ee
1558 1441 1582 1508 i.
1597 1463 1628 1510 e.
1648 1440 1804 1531 quando·

472 1551 628 1642 quidem,
644 1560 679 1618 et
691 1552 783 1619 Deus
807 1548 1012 1641 clarificabit
1035 1572 1112 1618 eum
1132 1549 1171 1617 in
1190 1550 1387 1640 semetipso,
1407 1571 1487 1618 eum
1506 1548 1580 1619 scil.
1599 1549 1804 1617 assumendo

472 1657 511 1726 in
530 1657 740 1726 consortium
759 1655 892 1745 gloriae
916 1656 1071 1726 coelestis
1095 1656 1268 1725 divinitati
1288 1656 1468 1746 propriae,
1485 1657 1536 1723 uti
1557 1663 1635 1739 1r,5
1651 1656 1801 1725 dicitur:

438 1813 443 1821 -
473 1762 623 1833 clarifice
636 1784 693 1832 me
707 1765 808 1831 Pater
829 1762 924 1854 apud
946 1764 1167 1855 temetipsum
1183 1764 1339 1831 claritate
1354 1784 1458 1853 quam
1474 1761 1583 1831 habui
1603 1763 1805 1853 priusquam

472 1868 623 1939 mundus
636 1874 725 1939 esset
742 1869 837 1960 apud
849 1874 883 1937 te
902 1870 957 1956 (ct.
981 1869 1099 1958 Ceri).
1121 1868 1210 1938 Illud
1224 1869 1359 1957 gloriae
1376 1872 1585 1938 consortium
1603 1869 1806 1961 exprimitur

473 1976 510 2044 in
521 1975 673 2045 sessione
687 1974 734 2043 ad
749 1975 925 2044 dexteram
937 1975 1122 2045 maiestatis
1135 1976 1173 2043 in
1190 1977 1328 2044 excelsis
1340 1976 1456 2067 (Hebr.
1478 1977 1566 2061 1,8);
1583 1975 1670 2044 illud
1688 1986 1806 2063 ἐναὺτῷ

473 2081 613 2151 videtur
624 2081 779 2152 eiusdem
799 2104 871 2152 esse
885 2082 1035 2152 notionis
1049 2105 1089 2150 ac
1101 2087 1182 2172 ταρὰ
1203 2094 1315 2170 σεαυτῷ
1333 2090 1428 2165 17,5;
1445 2082 1505 2151 alii
1519 2082 1691 2173 explicant
1713 2103 1720 2149 :
1742 2104 1805 2171 per

474 2191 695 2279 semetipsum
715 2210 795 2258 eum
816 2188 1043 2278 glorificabit,
1060 2212 1129 2257 non
1152 2212 1213 2279 per
1226 2189 1334 2256 alium
1357 2189 1408 2278 (δι’
1434 2200 1553 2275 ἑαυτοῦ,
1574 2195 1607 2258 οὐ
1626 2192 1662 2259 δι’
1683 2200 1803 2278 ἑτέρου,

477 2294 589 2385 Chr.);
606 2294 668 2364 sed
684 2295 772 2364 haec
780 2295 894 2383 gloria
908 2295 1033 2365 Christi
1048 2318 1138 2387 quae
1147 2318 1210 2387 per
1224 2301 1356 2364 Patrem
1371 2297 1403 2363 ei
1417 2296 1456 2363 fit
1469 2296 1583 2387 potius
1596 2295 1634 2364 in
1647 2295 1804 2386 sequenti

474 2401 631 2472 membro
650 2403 852 2471 enuntiatur
874 2412 907 2470 et
930 2403 1093 2471 continuo
1115 2402 1318 2494 clarificabit
1340 2425 1419 2470 eum
1438 2408 1524 2484 εὐθύς
1543 2401 1674 2484 stetim,
1689 2403 1806 2470 conle-

475 2510 567 2592 stim‚
588 2509 613 2579 i.
634 2532 666 2579 e.
683 2508 756 2578 iam
770 2515 957 2600 antequam
969 2509 1117 2578 inillam
1130 2509 1263 2598 gloriae
1278 2508 1434 2577 coelestis
1447 2510 1645 2578 societatem
1658 2530 1808 2577 assuma-

476 2621 545 2699 tur,
560 2615 612 2685 uti
625 2615 840 2704 glorificatus
853 2617 954 2685 estin
966 2617 1040 2707 ipsa
1062 2617 1216 2707 passione
1231 2622 1265 2683 et
1283 2623 1395 2683 morte
1407 2615 1511 2683 variis
1523 2615 1705 2706 prodigiis,
1724 2638 1806 2683 con-

475 2722 620 2792 sessione
628 2723 851 2805 centurionis,
863 2722 1110 2793 resurrectione
1119 2746 1181 2791 sua
1188 2728 1269 2806 etc.;
1284 2722 1391 2789 immo
1405 2722 1595 2790 hocstctim
1604 2722 1808 2791 clarificabit

476 2849 571 2912 eum,
599 2829 818 2919 prooemium
847 2851 919 2898 esse
943 2834 1055 2920 potest
1080 2830 1124 2897 ad
1154 2831 1397 2897 eucharistiam
1424 2827 1685 2909 instituendam,
1717 2850 1807 2918 quae

476 2934 655 3003 commode
669 2934 738 3004 hoc
755 2934 832 3002 loco
852 2936 1027 3021 inseritur,
1048 2937 1190 3004 uticam
1211 2937 1367 3027 posthoc
1387 2935 1531 3003 verbum
1545 2935 1617 3003 iam
1630 2934 1809 3003 collocavit

476 3043 635 3110 'tatianus
655 3041 715 3132 (ol.
740 3041 879 3124 Cicero,
895 3046 970 3117 Tot.
984 3064 1108 3130 evang.
1130 3043 1244 3111 harm.
1265 3042 1423 3125 arabice,
1440 3046 1565 3110 Romae
1582 3045 1667 3111 1888
1682 3064 1716 3132 p.
1736 3043 1806 3131 80),

478 3168 581 3238 quem
595 3149 677 3215 Bor.
700 3170 836 3238 quoque
853 3149 1022 3239 sequitur.
1037 3153 1077 3217 nt
1090 3150 1243 3239 profecto
1260 3151 1297 3216 in
1312 3172 1340 3216 s.
1367 3148 1577 3217 eucharistia
1591 3147 1740 3216 habetur
1755 3151 1810 3215 in·

477 3253 584 3342 signis
594 3253 802 3343 glorificatio
822 3260 912 3341 lesu,
933 3276 1012 3323 cum
1029 3255 1081 3326 ihi
1097 3278 1259 3348 praesens
1271 3255 1524 3323 sistaturmodo
1540 3254 1627 3323 adeo
1639 3253 1808 3344 stupendo

478 3365 513 3429 et
534 3360 688 3430 humana
709 3362 782 3429 eius
812 3365 936 3430 natura
961 3362 1190 3430 exsistentiam
1219 3363 1254 3429 in
1281 3362 1441 3453 plurimis
1468 3362 1552 3431 locis
1580 3363 1807 3430 nanciscatur.

477 3471 595 3536 Sermo
607 3468 668 3558 qui
686 3467 842 3558 sequitur
857 3473 891 3535 et
904 3468 1009 3536 etiem
1023 3469 1208 3538 tenerrima
1222 3469 1283 3536 illa
1295 3469 1481 3560 appellatio
1496 3478 1595 3539 τεκνία
1609 3469 1737 3558 optime
1752 3492 1810 3537 ex-

480 3573 565 3664 cipit
576 3574 688 3664 ipsam
702 3573 952 3643 institutionem
967 3575 1079 3659 illam,
1101 3597 1204 3666 quam
1225 3576 1401 3644 concludit
1420 3600 1427 3645 :
1445 3577 1510 3644 hoc
1524 3577 1625 3644 facite
1640 3578 1676 3644 in
1695 3598 1807 3644 meam

480 3680 845 3750 commemorat-ionem
859 3681 951 3770 (Luc.
972 3687 1120 3763 22,19.1
1142 3686 1216 3750 Cor.
1235 3683 1363 3772 1131).

524 3785 714 3855 Discessum
729 3809 841 3869 suum,
859 3786 902 3854 de
921 3790 1042 3878 quoin
1058 3789 1287 3857 eucharistiae
1306 3790 1519 3858 institutione
1535 3791 1775 3858 mentionemf
1794 3829 1810 3841 -

481 3897 585 3979 cerat,
600 3897 719 3983 postea
730 3894 855 3962 clarius
867 3893 909 3961 iis
922 3896 1086 3984 proponit
1096 3919 1129 3963 v.
1143 3902 1185 3963 33
1193 3896 1297 3985 filioli
1307 3907 1421 3978 τεκνία,
1434 3896 1651 3987 compellatio
1667 3897 1806 3981 blanda,

482 4021 597 4068 amore
612 3998 732 4089 plena,
750 4023 821 4091 qua
838 4000 1002 4070 acerbum
1018 4001 1195 4094 discipulis
1216 4004 1376 4071 nuntium
1392 4003 1543 4072 emollire
1560 4004 1674 4071 studet
1694 4004 1810 4071 simul·

481 4127 548 4196 que
562 4104 672 4173 animi
686 4106 789 4175 suiin
800 4130 859 4176 eos
870 4107 1029 4176 affectum
1039 4110 1264 4177 tenerrimum
1275 4111 1391 4177 testari
1403 4111 1492 4193 vult,
1509 4109 1623 4177 adhuc
1636 4109 1810 4177 modicum

481 4211 654 4280 vobiscum
674 4233 773 4299 sum;
797 4218 933 4306 tempus
954 4216 1126 4306 usquead
1150 4216 1400 4306 captivitatem,
1427 4217 1636 4307 passionem,
1663 4227 1808 4284 mortem

481 4318 722 4388 brevissimum
745 4326 811 4402 est;
835 4320 878 4390 de
902 4322 971 4390 hoc
992 4321 1127 4390 modico
1153 4331 1306 4414 tempore
1329 4323 1484 4414 plerique
1502 4329 1594 4392 recte
1617 4323 1813 4411 intelligunt

484 4425 542 4515 (cl.
561 4424 682 4494 Theod.
701 4429 749 4494 M.
772 4429 861 4517 liup.
880 4429 956 4496 Alb.
987 4429 1102 4497 Thena
1128 4431 1202 4498 cai.
1224 4431 1293 4497 Tol.
1315 4429 1423 4499 Mold.
1455 4430 1545 4499 Corl.
1565 4430 1699 4517 Sctz.);
1720 4433 1810 4521 Auq.

483 4531 572 4600 bene
586 4539 684 4601 notat
699 4555 708 4602 :
738 4564 754 4596 α
779 4556 822 4601 ne
846 4534 903 4602 cui
919 4541 1034 4604 autem
1051 4536 1209 4604 videatur
1224 4537 1412 4605 abhorrere
1429 4539 1490 4604 iste
1505 4560 1622 4606 sensus
1635 4560 1656 4605 a
1671 4560 1811 4619 vero...‚

486 4637 579 4729 apud
592 4639 698 4707 alium
721 4663 860 4732 quoque
882 4643 1129 4730 evangelistam
1152 4652 1229 4734 post
1247 4644 1531 4713 resurrectionem
1556 4644 1661 4712 verba
1675 4647 1747 4712 eius
1762 4652 1813 4712 at-

487 4744 615 4830 tendat,
636 4746 697 4815 ubi
715 4747 764 4815 ait
780 4767 788 4816 :
804 4749 891 4818 haec
905 4749 1036 4819 locutus
1050 4773 1126 4819 sum
1142 4751 1253 4831 vobis,
1269 4774 1347 4820 cum
1362 4751 1475 4820 adhuc
1487 4774 1593 4822 essem
1608 4750 1784 4820 vobiscum
1800 4780 1815 4813 a
