4050 5648
353 677 486 748 Pilatus
502 680 623 772 :quod
634 673 757 764 scripsi
770 675 910 765 scripsi,
925 678 963 745 id
984 674 1078 767 quod
1103 670 1270 761 scriptum
1288 676 1338 742 est
1360 696 1380 739 a
1400 697 1475 757 me,
1500 681 1612 743 manet
1630 677 1676 743 ita

351 785 423 853 sine
449 787 523 854 ulla
545 781 744 850 mutatione.
767 784 862 850 Nunc
891 784 1032 851 tandem
1054 778 1179 846 Pilatus
1199 799 1234 844 se
1255 776 1361 849 talem
1378 782 1515 849 exhibet
1538 783 1675 871 qualem

351 892 448 959 Philo
461 911 541 959 eum
556 886 721 954 describit
735 887 829 979 (Lag.
841 891 885 958 ad
896 893 1029 971 Caium,
1045 892 1155 971 llang.
1170 887 1286 970 2590)
1301 883 1474 956 hominem
1491 889 1526 955 in
1540 890 1676 957 decreto

351 999 574 1089 pertinacem,
589 991 728 1077 durum,
745 995 985 1078 inflexibilem,
1002 992 1189 1061 sententiaa
1205 991 1619 1085 tenacissimum(Catm.).
1639 1001 1677 1064 Et

351 1108 531 1194 postquam
553 1101 682 1168 invitus
696 1103 796 1170 cessit
807 1100 1027 1193 postulationi
1042 1097 1257 1188 pontificum,
1276 1100 1310 1165 in
1328 1099 1525 1167 baccorum
1543 1106 1677 1191 repulsa

352 1207 503 1294 aliquam
523 1206 616 1296 capit
638 1208 825 1277 vindictam
838 1208 895 1276 -de
915 1207 1090 1274 coactione
1113 1204 1179 1270 sibi
1203 1205 1298 1272 illata
1322 1226 1402 1271 sane
1425 1206 1561 1291 gavisus
1583 1208 1676 1296 quod

351 1312 576 1398 ignominiam
591 1313 741 1381 sentiant
761 1335 874 1402 neque
894 1317 1048 1379 avertere
1070 1310 1214 1399 possint.
1235 1313 1317 1402 lpsis
1329 1317 1442 1379 autem
1458 1311 1678 1400 pontificibus

207 1471 209 1476 .
249 1496 254 1502 d
350 1418 419 1484 iam
434 1418 558 1486 accidit
574 1420 671 1510 quod
682 1420 853 1487 sceleratis
869 1419 1005 1485 evenire
1025 1416 1123 1483 solet.
1144 1419 1335 1506 sperabant
1354 1419 1445 1485 enim
1462 1417 1677 1507 triumphum

350 1544 454 1610 agere
469 1533 503 1593 et
516 1526 644 1614 gaudio
662 1524 771 1606 allici,
787 1525 816 1593 si
827 1523 968 1591 tandem
981 1522 1151 1591 Christum
1166 1524 1315 1592 viderint
1328 1525 1543 1592 sublatumin
1555 1548 1674 1606 cruce;

250 1713 254 1720 1
350 1654 469 1699 verum
489 1632 605 1700 statim
624 1631 876 1698 contaminatur
892 1630 1058 1718 gaudiam
1089 1653 1208 1699 eorum
1227 1632 1445 1718 aegritudine
1464 1639 1499 1698 et
1516 1633 1677 1720 indigna-

351 1737 454 1807 tione.

394 1850 506 1911 Vestes
517 1842 763 1911 cruciationum
777 1842 944 1910 cedebant
953 1843 1172 1910 carnificibus
1184 1843 1275 1932 (vide
1286 1865 1373 1931 quae
1383 1846 1497 1910 notavi
1506 1845 1551 1911 ad
1558 1846 1674 1913 llatth.

350 1950 467 2038 2735)
491 1972 521 2016 v.
549 1955 591 2016 23
616 1948 743 2016 milites
762 1972 845 2038 erqo
865 1972 942 2016 cum
965 1949 1214 2038 crucifixissent
1235 1971 1328 2032 eum,
1350 1964 1554 2038 acceperunt
1576 1952 1677 2018 cesti·

350 2068 466 2123 menta
480 2055 554 2124 eius
571 2056 617 2145 (et
627 2059 788 2146 fecerunt
805 2068 969 2146 quattuor
983 2069 1103 2146 partes
1108 2076 1122 2139 ,·
1145 2055 1333 2146 unicuique
1351 2055 1458 2122 militi
1476 2059 1625 2147 partem)
1645 2071 1678 2125 et

351 2163 529 2247 tunicam,·
542 2169 680 2253 praeter
699 2162 850 2230 tunicam
870 2160 1029 2230 habuisse
1052 2167 1143 2229 lesus
1166 2162 1296 2229 censeri
1315 2169 1426 2252 potest
1444 2163 1607 2252 pallium,
1624 2164 1677 2232 in-

352 2270 514 2353 terulam,
533 2270 733 2358 cingulum,
750 2269 903 2338 sandalia
918 2269 973 2336 vel
984 2269 1104 2336 soleas.
1122 2273 1167 2336 Ex
1182 2273 1278 2336 llarc.
1299 2275 1399 2349 15,st
1415 2270 1512 2359 sequi
1527 2271 1674 2351 videtur,

350 2399 410 2444 eos
434 2376 539 2444 etiam
565 2383 692 2444 sortem
711 2376 841 2444 misisse
862 2398 966 2466 super
987 2382 1149 2466 quattuor
1164 2377 1239 2443 illas
1258 2383 1371 2466 partes
1385 2378 1463 2465 quis
1476 2377 1560 2467 quid
1578 2379 1677 2446 tolle-

351 2489 418 2561 ret;
433 2482 537 2571 idque
553 2482 623 2550 iam
638 2505 745 2574 perse
759 2482 934 2566 suadetur,
952 2484 1034 2571 quia
1055 2488 1145 2550 certe
1163 2483 1242 2550 illae
1258 2489 1372 2573 partes
1391 2505 1458 2550 non
1475 2491 1573 2551 erant
1587 2486 1677 2554 eius·

350 2589 431 2656 dem
444 2588 602 2676 singulae
620 2587 738 2678 pretii3
754 2588 789 2655 in
812 2588 874 2656 tali
891 2592 1006 2655 autem
1021 2587 1217 2655 diversitate
1233 2594 1363 2656 recurri
1382 2590 1468 2657 solet
1487 2589 1531 2656 ad
1553 2600 1674 2660 sortes.

351 2699 442 2774 Quae
462 2695 523 2762 alii
546 2695 744 2763 summatim
768 2695 976 2776 retulerunt,
993 2695 1186 2762 accuratius
1203 2700 1320 2761 narrat
1334 2699 1474 2762 loannes
1488 2696 1617 2764 addens
1631 2697 1675 2764 de

349 2803 465 2869 tunica
482 2826 490 2868 t
507 2815 711 2869 enatantem
733 2801 853 2869 tunica
876 2804 966 2890 χιτών
992 2801 1210 2868 inconsutilis
1235 2810 1367 2890 ἅρραφος
1392 2803 1524 2869 nullam
1547 2805 1677 2872 habens

349 2914 519 2992 suturam,
537 2907 682 2999 desuper
705 2921 864 2977 contecta
883 2931 946 2999 per
964 2921 1091 2992 totum,
1118 2918 1228 2976 ἄνωθεν
1252 2910 1275 2975 i.
1297 2932 1327 2975 e.
1350 2932 1371 2975 a
1393 2911 1606 2994 summitate,
1630 2912 1676 2979 ab

256 3035 258 3042 “
349 3022 512 3106 apertura
531 3038 594 3106 pro
615 3017 726 3106 capite
745 3014 935 3106 incipiebat
953 3021 1103 3094 textura3
1121 3019 1227 3082 totum
1242 3015 1481 3082 vestimentum
1501 3023 1575 3083 erat
1590 3041 1676 3108 opus

349 3121 550 3205 latorium
571 3126 716 3191 Nonnus
734 3124 784 3190 ἀπ’
803 3128 929 3210 αὐχένος
956 3126 997 3204 εἰς
1022 3128 1115 3209 σφυρά
1135 3144 1157 3188 a
1179 3123 1309 3188 cervice
1329 3122 1374 3188 ad
1390 3123 1487 3190 talos
1507 3130 1587 3191 Erat
1609 3125 1674 3192 ita·

348 3253 416 3320 que
437 3229 698 3312 vestimentum,
724 3229 810 3297 sicut
835 3230 993 3320 Iosephus
1010 3231 1163 3296 tunicam
1186 3229 1357 3318 pontilicis
1381 3229 1569 3296 describit:
1590 3232 1676 3300 haec

349 3336 466 3404 tunica
480 3359 551 3403 non
569 3341 754 3404 constater
771 3335 906 3403 duabus
928 3335 1094 3426 plagulis,
1110 3343 1147 3402 ut
1166 3340 1300 3402 suturas
1321 3335 1446 3403 lrabeat
1466 3337 1500 3401 in
1524 3338 1676 3406 humeris

350 3465 390 3510 ac
399 3443 582 3524 lateribus,
599 3442 659 3509 sed
674 3442 813 3511 unicum
824 3448 878 3510 ¹est
891 3443 1130 3509 vestimentum
1149 3443 1184 3508 in
1200 3442 1344 3529 longum
1359 3443 1511 3531 undique
1528 3445 1675 3512 circum-

349 3556 495 3630 textum,
522 3571 591 3638 qua
615 3548 702 3616 collo
731 3548 885 3616 induitur
906 3555 1103 3638 aperturam
1130 3548 1258 3615 habens
1284 3550 1409 3637 (antiq.
1436 3553 1557 3636 3‚7‚5).
1589 3558 1675 3618 llaec

350 3654 487 3723 texendi
501 3677 556 3722 ars
570 3655 674 3723 etiam
688 3655 791 3722 hodie
807 3655 844 3721 in
858 3655 1057 3743 regionibus
1070 3655 1294 3722 orientalibus
1312 3663 1395 3722 nota
1410 3664 1444 3722 ct
1465 3657 1500 3723 in
1525 3681 1586 3724 usu
1606 3664 1672 3736 est;

350 3764 445 3830 varia
470 3764 576 3829 refert
596 3762 831 3830 Rosenmttller
853 3761 1086 3851 (Morgenland
1102 3766 1126 3825 V
1144 3785 1176 3851 p.
1192 3763 1288 3849 273);
1311 3762 1410 3850 plura
1424 3786 1560 3852 quoque
1579 3765 1674 3833 inve-

351 3869 424 3936 nies
438 3869 475 3936 in
488 3869 577 3935 libro
592 3892 613 3936 a
628 3868 719 3936 Boclc
730 3871 922 3959 conscripto
940 3890 949 3937 :
966 3868 1164 3936 Geschichte
1174 3868 1237 3934 der
1250 3868 1474 3956 liturgischen
1488 3873 1675 3940 Gewttnder

295 4021 296 4024 κ
349 3980 433 4043 tom.
456 3980 467 4040 l
490 3997 525 4065 p.
550 3982 615 4043 to't
634 3997 721 4065 seq.,
744 3976 803 4042 ubi
821 3976 858 4042 in
877 3976 995 4042 tabula
1015 3979 1057 4042 lll
1078 3975 1182 4041 habes
1198 3976 1343 4061 liguram
1360 3976 1404 4042 ad
1420 3998 1494 4042 eam
1510 3984 1618 4044 artem
1633 3978 1675 4045 il-

348 4081 572 4149 lustrandam.
591 4086 685 4148 l‘atet
698 4082 760 4149 tali
774 4088 865 4149 veste
881 4082 983 4149 scissa
1001 4103 1134 4171 pannos
1147 4082 1244 4171 parvi
1259 4103 1329 4148 esse
1347 4082 1466 4170 pretii;
1486 4085 1568 4150 vesti
1588 4087 1673 4152 inte·

350 4210 434 4276 grae
457 4210 539 4256 vero
565 4210 663 4256 suum
691 4210 831 4256 manere
852 4210 952 4256 usum
972 4194 1006 4255 et
1030 4190 1196 4278 pretiunr;
1221 4211 1253 4253 v.
1277 4194 1318 4255 st
1342 4188 1502 4255 dicerunt
1527 4214 1607 4280 erpo
1627 4193 1675 4258 act

241 4322 242 4325 ¹
350 4295 496 4363 invicem
512 4318 525 4360 .·
541 4319 610 4362 non
633 4295 827 4363 scindamus
845 4318 937 4378 enm,
959 4295 1020 4362 sed
1041 4295 1225 4361 sortiumur
1246 4293 1286 4360 de
1307 4294 1369 4362 illa
1390 4299 1484 4363 cuius
1503 4301 1565 4379 sit;
1586 4330 1600 4359 (ι
1623 4298 1673 4363 vi-

349 4401 475 4470 delicet
495 4403 577 4492 quia
596 4403 728 4470 lucrose
739 4401 946 4470 venumdare
960 4409 1119 4492 poterant
1133 4401 1333 4468 vestimenta
1346 4404 1434 4482 eius,
1454 4405 1579 4471 idcirco
1591 4427 1671 4493 prae

351 4531 498 4596 magnac
517 4509 679 4576 victoriae
699 4510 817 4600 spoliis
832 4532 872 4576 ea
889 4516 978 4575 sorte
1003 4509 1128 4575 milites
1150 4519 1372 4598 acceperunt3
1397 4534 1465 4577 non
1482 4513 1574 4578 enirn
1591 4512 1673 4579 vilia

350 4615 563 4704 putabantur
576 4616 797 4700 vestimenta;
812 4639 875 4683 nec
890 4617 1007 4704 utique
1020 4623 1099 4682 tunc
1114 4615 1147 4680 in
1162 4614 1221 4681 illo
1233 4618 1425 4705 spectaculo
1441 4619 1599 4699 deerant,
1613 4621 1671 4709 qui

352 4722 396 4787 ad
415 4722 685 4812 comparandum
701 4746 739 4791 ea
755 4724 909 4790 certatim
928 4744 965 4789 se
977 4722 1181 4808 ingererent.
1205 4727 1286 4788 Nam
1306 4731 1343 4789 ut
1362 4731 1489 4791 taceam
1507 4727 1670 4794 demetra

351 4832 384 4893 et
398 4827 564 4919 discipulo
589 4851 692 4920 quem
712 4829 879 4917 diligebat
896 4835 1001 4909 lesus,
1024 4829 1176 4908 stabant,
1194 4829 1306 4918 inquit
1325 4835 1443 4910 Lucas,
1462 4854 1579 4900 omnes
1599 4834 1670 4900 noti

351 4934 423 5002 eius
436 4956 455 5001 a
469 4935 573 5022 longe
596 4967 612 4999 »
628 4936 758 5026 (Rau).
