4050 5648
368 39 459 93 a
475 39 580 84 r
576 39 663 81 ν
583 39 971 161 ‹aaa›
902 39 1213 143 scara
1190 39 1802 147 »caucaseae

367 164 369 177 .
666 102 805 172 “³⁹³2
1319 187 1322 195 ,
1731 178 1745 184 ,,
1799 143 1992 187 t

1085 364 1170 412 ron.
1194 352 1277 424 aaa.
1410 334 1411 338 '
1665 308 1666 311 Ὺ
1785 352 1841 413 an

499 488 502 491 ,
518 505 601 573 lium
615 499 765 571 nominis
779 499 1019 571 ascendentem
1033 500 1091 567 ubi
1105 514 1178 567 erut
1186 500 1312 592 prius?
1326 499 1536 590 aposiopesis
1551 502 1617 582 est,
1635 519 1704 588 qua
1716 498 1846 569 utimur

515 612 553 678 in
577 605 684 675 animi
706 606 935 676 commotione
958 614 992 675 et
1020 627 1109 695 quae
1133 630 1173 674 ex
1199 608 1353 673 contexta
1377 606 1534 699 oratione
1557 603 1752 696 supplenda
1782 614 1843 674 est.

517 714 691 799 Designari
705 734 880 784 ascensum
896 713 1023 781 Christi
1044 711 1083 778 in
1101 714 1235 781 coelum
1246 711 1301 778 vel
1315 710 1431 800 potius
1449 712 1521 779 eius
1545 711 1695 779 reditum
1714 711 1752 779 in
1769 732 1863 779 coe·‘
1895 741 1898 748 ·

515 822 603 900 lum,
623 821 705 911 ipsis
723 819 839 888 verbis
853 819 945 888 clare
960 817 1181 908 exprimitur;
1200 817 1260 884 ubi
1272 829 1347 884 erut
1356 815 1472 908 prius,
1488 817 1567 884 vide
1581 840 1614 883 v.
1631 825 1672 888 38
1688 818 1848 888 descendi

515 927 558 994 de
575 929 688 1011 coelo;
708 950 742 994 v.
769 930 822 996 lt.
847 933 907 1010 513
931 930 1022 1008 3‚13.
1051 927 1153 994 Proin
1173 924 1324 991 affirmat
1349 945 1401 1005 so,
1424 921 1545 990 Filium
1567 924 1733 1006 hominis,
1748 927 1848 1015 proin

514 1033 618 1102 talem
631 1034 769 1126 qualem
786 1054 901 1101 coram
923 1030 1039 1097 vident
1054 1034 1246 1099 rediturum
1261 1051 1331 1098 esse
1345 1029 1382 1096 in
1394 1030 1541 1112 coelum,
1559 1029 1665 1120 idque
1689 1030 1767 1098 illos
1778 1053 1849 1098 esse

515 1141 659 1224 visuros,
680 1149 816 1227 θεωρεῖν.
839 1137 1003 1230 Loquitur
1025 1139 1071 1205 ad
1095 1138 1173 1205 illos
1197 1136 1257 1226 qui
1281 1142 1598 1220 murmuraverant;
1619 1145 1654 1203 at
1678 1136 1849 1227 apostolos

515 1271 651 1339 quoque
665 1244 746 1312 huic
761 1244 936 1336 colloquio
955 1244 1169 1328 interfuisse,
1187 1266 1226 1310 ex
1241 1266 1273 1310 v.
1296 1236 1340 1311 68
1355 1242 1538 1333 probabile
1549 1241 1695 1310 videtur.
1711 1248 1851 1333 Aposto-

519 1356 566 1423 los
591 1357 700 1445 ipsam
726 1354 963 1422 ascensionem
981 1355 1149 1442 spectasse
1174 1350 1355 1433 doeemur;
1378 1348 1540 1439 discipuli
1562 1348 1622 1440 qui
1639 1353 1749 1417 lesum
1770 1350 1851 1417 reli-

515 1465 661 1551 querunt
675 1459 773 1528 illam
786 1481 857 1528 non
881 1463 1094 1548 spectarunt;
1115 1463 1231 1526 utrum
1250 1463 1389 1546 praeter
1405 1455 1578 1545 apostolos
1595 1455 1655 1523 alii
1672 1454 1848 1548 discipuli,

514 1567 559 1634 ad
573 1588 660 1654 quos
672 1565 729 1634 hic
743 1587 856 1634 sermo
872 1564 931 1646 fit,
948 1563 1172 1632 interfuerint
1180 1561 1374 1631 necne'dici
1386 1563 1523 1651 nequit;
1540 1584 1649 1652 quare
1658 1562 1850 1632 consultum
1973 1598 1976 1615 ·

514 1672 651 1739 videtur
664 1681 788 1761 θεωρεῖν
811 1693 883 1739 non
904 1673 954 1738 ita
977 1692 1126 1759 urgere,
1147 1677 1187 1737 ut
1205 1668 1398 1737 necessario
1416 1673 1645 1759 spectatorem
1660 1691 1733 1737 esse
1757 1670 1852 1737 altir-

518 1782 646 1859 metur3
674 1800 756 1846 nam
781 1776 927 1845 verbum
947 1777 1052 1845 etiam
1078 1776 1266 1845 adhibetur
1283 1774 1327 1843 de
1345 1775 1637 1866 contemplatione
1658 1797 1719 1843 seu
1744 1776 1852 1844 conm-
1988 1856 1992 1865 Ι

516 1884 691 1952 deratione
704 1885 830 1951 mentis
852 1883 967 1972 (llebr.
987 1883 1076 1973 ul),
1100 1883 1143 1949 de
1160 1883 1358 1970 cognitione
1374 1888 1454 1964 lala
1468 1881 1568 1950 video
1578 1883 1660 1972 quia
1683 1882 1854 1974 propheta
1976 1965 1978 1968 .

517 2013 552 2059 es
566 1997 619 2069 tu3
647 1996 747 2072 12‚19
771 1988 895 2057 videtis
914 1990 996 2080 quia
1014 1988 1103 2056 nihil
1127 1988 1349 2079 proficimus?
1364 1988 1408 2055 cf.
1428 1993 1500 2057 Act.
1522 1994 1634 2071 luto.
1656 1996 1716 2072 223
1734 1995 1852 2074 19,2o;

518 2087 766 2180 21‚20;a·1',10.
786 2095 935 2162 Proinde
950 2117 1069 2163 sensus
1086 2095 1228 2162 omnino
1240 2116 1311 2163 esse
1326 2099 1440 2186 potest
1456 2115 1463 2161 :
1480 2094 1509 2162 si
1522 2115 1607 2182 ergo
1626 2094 1854 2183 cognoveritis

518 2225 572 2270 mc
590 2202 628 2269 in
652 2202 764 2270 coelos
784 2200 969 2270 reducem?
992 2207 1026 2269 et
1043 2201 1198 2292 suppleri
1217 2205 1349 2292 potest:
1368 2200 1454 2291 quid
1468 2204 1542 2268 tum
1559 2200 1701 2270 dicetis?
1716 2224 1761 2271 an
1780 2209 1853 2271 tum

517 2308 712 2397 cogitabitis
731 2308 774 2376 de
796 2331 899 2377 carne
918 2307 1042 2390 cruda,
1062 2307 1098 2375 in
1119 2309 1228 2376 frusta
1241 2309 1399 2376 concisa?
1415 2336 1432 2371 «
1451 2307 1512 2398 qui
1527 2307 1621 2376 enim
1638 2315 1751 2400 potest
1764 2309 1854 2377 hauc

518 2413 656 2484 carnem
681 2415 826 2483 reddere
840 2410 1048 2498 coelestem,
1074 2421 1186 2506 potest
1210 2416 1329 2505 utique
1353 2421 1388 2482 et
1406 2415 1519 2505 ipsam
1541 2414 1657 2484 cibum
1672 2415 1853 2484 hominum

518 2523 688 2591 allicere»
713 2521 862 2613 (Eum).
888 2526 997 2588 llonet
1025 2521 1142 2611 itaque
1163 2544 1220 2588 eos
1244 2527 1283 2588 ut
1305 2520 1532 2609 cogitationes
1551 2543 1572 2588 a
1591 2543 1697 2590 carne
1717 2523 1854 2591 mortali

517 2629 733 2710 abstrahant,
751 2635 791 2696 ut
812 2651 936 2719 corpus
957 2627 1113 2714 cogitent
1128 2627 1223 2718 quod
1236 2627 1274 2694 in
1298 2628 1434 2695 coelum
1447 2627 1633 2713 ascendet,
1649 2634 1773 2719 corpus
1783 2630 1854 2721 spi·
1979 2632 1983 2641 '

519 2737 617 2803 ritale
638 2736 694 2826 (cf.
719 2736 797 2827 Gyr.
832 2734 941 2803 Golm.
965 2733 1100 2825 Seleu).
1127 2741 1237 2824 Atque
1255 2733 1305 2801 ita
1321 2733 1416 2801 hisce
1430 2734 1640 2823 scandalum¹
1656 2734 1785 2803 molliri
1799 2739 1853 2805 val

518 2842 595 2909 tolli
607 2842 662 2910 vel
685 2843 727 2911 iis
745 2841 889 2929 suggeri
909 2864 951 2909 ea
968 2842 1095 2930 quibus
1116 2839 1226 2907 animi
1242 2840 1393 2908 suaviter
1411 2841 1534 2909 afalsa
1550 2843 1784 2931 acceptatione
1799 2866 1853 2911 re·

518 2955 680 3016 vocentur
702 2957 736 3015 et
758 2948 804 3015 ad
826 2947 933 3015 fidem
953 2949 1156 3027 invitentur,
1179 2947 1409 3038 plurimorum
1433 2952 1483 3015 est
1508 2947 1678 3015 sententia
1695 2948 1753 3038 (ci.
1774 2949 1850 3018 Chr.

519 3059 609 3144 Aug.
628 3054 710 3122 ned.
733 3059 820 3145 Καρ.
848 3054 993 3145 Theopb.
1015 3054 1092 3120 Alb.
1114 3053 1229 3120 Tbom.
1252 3056 1335 3121 Bon.
1360 3053 1433 3121 east
1450 3055 1543 3120 lons.
1560 3057 1646 3145 Lep.
1662 3055 1730 3122 Fit.
1748 3056 1850 3146 Keil).

519 3167 564 3229 Ex
579 3160 681 3227 modo
702 3160 869 3250 loquendi
888 3183 961 3227 unc
980 3182 1127 3251 persona
1146 3159 1263 3226 divina
1280 3162 1456 3228 asseritur.
1473 3164 1559 3229 Sunt
1576 3162 1637 3252 qui
1650 3160 1737 3230 haec
1751 3164 1854 3231 verba

520 3269 628 3335 solum
644 3268 796 3335 referant
810 3272 848 3334 ut
862 3267 1029 3357 probetur
1047 3289 1127 3334 eum
1140 3265 1353 3334 descendisse
1362 3266 1405 3334 de
1418 3266 1523 3335 coelis
1534 3289 1647 3358 neque
1660 3290 1731 3337 esse
1744 3269 1853 3338 tilium

520 3375 641 3465 loseph
661 3374 718 3463 (cl.
744 3372 839 3463 cur.)
852 3396 859 3455 ;
874 3379 910 3440 at
925 3374 1082 3464 plerique
1101 3373 1146 3441 ad
1161 3373 1361 3441 scandalum
1376 3374 1419 3442 de
1431 3396 1533 3442 carne
1553 3373 1687 3443 edenda
1703 3399 1744 3444 ea
1757 3399 1853 3468 spec·

518 3487 591 3550 tare
607 3481 833 3548 arbitrantur.

560 3697 678 3756 Verum
688 3694 742 3755 alii
758 3694 838 3755 haec
850 3692 915 3754 dici
929 3711 995 3754 non
1009 3693 1050 3754 ad
1066 3693 1254 3755 scandalum
1269 3693 1447 3756 tollendum
1461 3699 1608 3772 censent,
1624 3688 1763 3760 sedasse
1777 3715 1852 3778 sup·

412 3788 417 3798 '
521 3792 674 3872 pleudum
691 3809 698 3850 :
716 3797 837 3870 quanto
855 3791 957 3872 magis
972 3797 1050 3852 tunc
1069 3791 1259 3852 scandalum
1274 3792 1429 3872 capietis?
1442 3792 1486 3854 lta
1501 3797 1536 3854 ut
1550 3810 1662 3856 seusus
1678 3794 1720 3856 sit
1736 3813 1743 3856 :
1761 3813 1851 3858 scan-

522 3888 713 3962 dalizamini,
725 3889 854 3967 quando
865 3888 938 3950 dico
948 3906 1001 3949 me
1010 3889 1101 3949 vobis
1112 3888 1265 3951 daturum
1276 3907 1404 3951 carnem
1412 3908 1517 3952 meam
1525 3891 1616 3952 vobis
1625 3892 1658 3952 in
1667 3897 1750 3954 terra
1761 3910 1851 3974 prae-

522 3993 660 4056 sentem,
679 3987 925 4066 quantomagis,
942 3985 1072 4064 quando
1086 3985 1166 4048 haec
1181 3987 1248 4065 ipsa
1263 4005 1336 4049 caro
1352 3989 1412 4049 erit
1427 3988 1459 4049 iu
1483 3988 1603 4049 coelis?
1617 3989 1662 4049 ita
1675 3987 1774 4051 Mold.
1796 3993 1852 4070 qui

524 4087 641 4148 latetur
664 4090 697 4145 se
721 4083 817 4145 huius
841 4084 1114 4164 interpretationis
1137 4090 1301 4147 auctorem
1316 4085 1434 4147 habere
1455 4086 1637 4160 neminem,
1651 4093 1684 4150 at
1703 4089 1763 4150 sibi
1783 4106 1852 4150 eam

526 4183 657 4246 omnino
674 4199 782 4243 veram
798 4181 917 4256 videri,
932 4183 1008 4261 quia
1024 4181 1198 4245 calviniani
1214 4183 1354 4262 praecise
1374 4201 1413 4244 ex
1427 4201 1464 4244 ea
1478 4184 1599 4246 ratione
1617 4186 1694 4263 quia
1712 4186 1853 4249 Christus

526 4283 566 4343 sil
581 4283 614 4341 in
627 4282 714 4343 coelo
730 4280 801 4342 eius
816 4279 848 4340 in
863 4280 1054 4342 eucharistia
1073 4278 1287 4359 praesentiam
1308 4287 1437 4361 negent,
1460 4280 1524 4342 Tol.
1540 4283 1572 4343 in
1594 4287 1702 4344 annot.
1720 4285 1852 4346 eandem

527 4381 746 4457 acceptionem
765 4377 980 4456 amplectitur,
997 4381 1030 4439 in
1044 4378 1274 4440 commentario
1291 4383 1400 4441 autem
1416 4381 1546 4442 alteram
1561 4396 1768 4444 communem
1782 4402 1855 4465 pro·

528 4478 635 4554 pouit,
650 4477 720 4538 eius
733 4475 881 4538 meminit
892 4492 952 4536 nec
961 4479 1111 4554 reprobat
1126 4475 1222 4555 Bor.,·
1238 4494 1307 4538 eam
1320 4482 1430 4540 tuetur
1445 4476 1529 4540 θοοὶ.
1545 4482 1579 4540 ct
1591 4495 1671 4558 quos
1684 4480 1762 4543 citat
1775 4480 1854 4543 Bos·

527 4581 609 4648 auct,
625 4571 754 4652 Beelen;
770 4593 840 4636 eam
856 4591 983 4654 quoque
999 4573 1131 4654 adoptat
1146 4574 1233 4636 scaz.
1248 4576 1303 4637 sed
1315 4576 1376 4650 ita,
1391 4580 1427 4639 ut
1442 4592 1527 4637 mors
1541 4576 1657 4638 Christi
1670 4580 1766 4640 ctiam
1781 4580 1856 4641 sub·

529 4671 736 4750 intelligatur,
758 4691 820 4752 qua
841 4673 965 4734 ratione
986 4672 1092 4734 maius
1117 4673 1314 4752 intelligatur
1335 4673 1537 4747 scandalum3
1559 4676 1615 4754 qui
1634 4675 1795 4738 ascendere
1815 4677 1855 4739 de

530 4774 633 4831 morte
653 4769 794 4831 violenta
816 4773 987 4853 explicant,
1005 4770 1102 4831 etiam
1124 4771 1215 4834 lacilc
1233 4773 1412 4835 ostendunt
1434 4789 1441 4832 :
1463 4778 1582 4850 quanto
1601 4776 1704 4854 magis
1722 4776 1856 4838 scauda-

985 4889 1168 4929 sulaaunaucu
1185 4891 1212 4930 ut
1227 4891 1296 4929 solu.
1314 4907 1346 4916 -
1364 4886 1402 4931 16.
