4050 5648
967 371 1048 418 rona.
1072 357 1211 427 534-27.

420 507 576 583 credere,
592 501 694 574 tabet
711 508 818 575 vitam
836 515 1029 591 aeternam,
1051 504 1157 573 habet
1175 504 1248 572 scil.
1269 506 1377 574 vitam
1396 502 1545 592 gratiae,
1561 524 1631 591 qua
1647 506 1751 580 habet
1816 573 1819 579 ,
1840 507 1845 570 f

420 616 472 679 ius
490 608 535 675 ad
558 611 663 681 vitam
688 615 824 680 beatam
845 616 1036 693 aeternam,
1061 610 1167 677 habet
1185 613 1291 679 vitam
1316 611 1430 692 illam,
1446 634 1534 702 quae
1552 615 1676 677 natura
1691 633 1752 679 sua

420 726 454 784 et
472 716 701 788 destinatione
723 715 833 783 tendit
862 719 908 786 ad
928 728 1103 788 aeternam
1132 718 1351 797 beatitatem,
1375 728 1408 782 et
1429 717 1468 783 in
1492 717 1661 784 iudicium
1684 738 1753 782 non
1837 711 1839 717 ’

418 822 529 901 venit,
545 827 607 894 sed
622 821 762 892 transiit
776 846 798 889 a
812 839 920 893 morte
937 827 974 892 in
987 823 1116 907 vitam,·
1128 824 1196 892 tide
1211 827 1329 912 itaque
1351 823 1512 889 transitus
1531 823 1591 890 ille
1607 847 1627 890 a
1647 829 1754 891 morte
1832 855 1833 858 ¹

418 929 588 1017 spirituali
608 930 653 999 ad
675 928 782 997 vitam
806 931 1009 1007 instituitur;
1034 931 1200 998 iudicium
1220 951 1302 995 vero
1322 929 1361 994 tit
1377 927 1446 1010 ibi,
1461 928 1521 995 ubi
1535 930 1749 1027 estliniuria3

420 1043 455 1103 at
472 1041 532 1127 qui
555 1037 639 1105 vivit
657 1057 774 1104 coram
794 1043 878 1120 lteo,
900 1039 969 1103 iam
990 1059 1060 1104 non
1080 1045 1132 1104 est
1151 1035 1312 1102 inimicus
1330 1036 1407 1116 llei,
1425 1055 1497 1102 non
1511 1036 1606 1102 venit
1623 1035 1660 1102 in
1674 1057 1754 1102 con·

419 1142 687 1213 damnationem.
709 1147 748 1210 Et
771 1146 841 1212 iam
860 1164 953 1209 nunc
976 1149 1111 1233 tempus
1124 1164 1213 1223 esse,
1230 1141 1371 1231 quando
1389 1147 1523 1232 oportet
1540 1142 1660 1209 audire
1680 1164 1754 1210 ver·
1818 1154 1839 1209 ’.

421 1250 503 1319 bum
519 1252 607 1330 eius,
625 1247 785 1317 sollemni
798 1250 1013 1318 attestatione
1030 1249 1211 1340 profitetur
1224 1270 1257 1316 v.
1282 1256 1324 1318 25
1344 1269 1464 1330 amen,
1483 1270 1583 1316 amen
1601 1247 1677 1316 dico
1693 1271 1752 1316 vo-

420 1358 486 1444 bis,
505 1356 589 1447 quia
608 1360 701 1423 venit
723 1357 859 1423 tornet
879 1377 971 1423 nunc
988 1369 1038 1424 est
1055 1356 1198 1447 quando
1224 1354 1353 1422 mortui
1371 1354 1518 1446 audient
1537 1377 1652 1422 vocem
1670 1353 1750 1421 Filia
1816 1430 1819 1434 ⁴

419 1465 497 1546 Dei,
512 1461 556 1528 ad
574 1484 675 1531 aures
698 1483 818 1530 eorum
832 1461 892 1551 qui
907 1462 1134 1552 spiritualiter
1157 1462 1285 1530 mortui
1308 1467 1389 1531 sunt
1409 1484 1474 1529 vox
1491 1462 1563 1529 eius
1577 1463 1748 1544 atteretur,

419 1567 534 1658 etqui
560 1570 754 1655 audierint,
783 1569 948 1637 obsecuti·
962 1570 1108 1650 luerint,
1126 1590 1246 1637 vocem
1269 1558 1367 1636 illam
1390 1569 1612 1659 susceperint,
1638 1568 1752 1636 vicent
1830 1640 1834 1647 ,

420 1675 492 1744 scil.
520 1675 699 1743 habebunt
732 1676 838 1743 vitam
868 1697 986 1744 veram
1012 1676 1239 1766 spiritualem,
1267 1675 1316 1742 uti
1341 1677 1377 1742 in
1400 1699 1434 1744 v.
1464 1681 1506 1744 nt
1536 1674 1663 1742 dictum
1689 1683 1750 1743 cst,

420 1781 528 1848 Verba
543 1783 627 1850 haec
644 1781 849 1872 explicanda
864 1805 933 1849 esse
956 1804 1033 1850 cum
1053 1785 1142 1872 Arrp.
1163 1788 1252 1872 liup.
1282 1785 1364 1848 lton.
1393 1782 1484 1851 Corl.
1506 1781 1605 1848 Selia.
1628 1782 1692 1849 Fit.
1710 1781 1753 1848 de

420 1890 667 1956 resurrectione
694 1888 885 1978 spirituali,
914 1888 1079 1956 suadetur
1110 1890 1322 1957 connexione
1351 1910 1430 1957 cum
1457 1888 1751 1970 antecedentibus,

420 2017 520 2084 porro
539 1995 658 2062 addito
676 1994 736 2061 illo
758 2009 791 2062 et
810 2018 902 2062 necne
920 2008 986 2079 est,
1009 1996 1103 2086 quod
1118 1996 1155 2063 in
1168 2019 1205 2066 ·v.
1224 2003 1266 2065 28
1283 1995 1343 2063 ubi
1362 1996 1405 2063 de
1421 1995 1668 2075 resurrectione
1682 2016 1755 2062 cor·
1826 2002 1829 2007 “

419 2101 528 2189 porali
542 2102 661 2189 agitur
674 2123 743 2168 nou
764 2104 967 2192 apponitur,
985 2103 1064 2170 dein
1078 2103 1160 2190 quia
1175 2102 1334 2192 explicite
1346 2102 1486 2170 effertur
1503 2114 1537 2169 et
1553 2102 1615 2191 qui
1634 2100 1754 2169 audie·

420 2208 490 2275 rint
505 2208 637 2289 vivent,
655 2229 724 2295 quo
739 2208 901 2298 loquendi
914 2208 1018 2276 modo
1028 2210 1109 2276 satis
1120 2191 1380 2276 indicaturiore
1394 2214 1432 2276 ut
1445 2230 1515 2276 non
1531 2229 1650 2275 omnes
1665 2229 1754 2275 mor·

417 2315 468 2380 tui
488 2315 691 2403 perveniant
705 2315 751 2382 ad
764 2316 882 2382 vitam.
895 2315 971 2383 Alia
985 2316 1088 2407 plane
1098 2315 1233 2383 ratione
1242 2315 1280 2382 in
1298 2339 1330 2382 v.
1343 2320 1386 2383 28
1406 2336 1413 2383 :
1431 2314 1573 2383 audient
1584 2318 1617 2382 et
1630 2336 1754 2404 proce-

420 2421 502 2489 dent
518 2428 581 2489 ete.
601 2427 724 2489 Verum
749 2420 889 2510 quidem
907 2430 957 2489 est
977 2422 1103 2489 multos
1126 2423 1196 2490 iam
1216 2423 1310 2490 hunc
1335 2445 1367 2488 v.
1385 2427 1427 2490 25
1442 2421 1486 2490 de
1505 2422 1768 2490 resurrectione·
1828 2439 1839 2485 ζ

419 2528 588 2617 explicare
600 2529 653 2595 vel
665 2528 823 2615 generali
837 2527 891 2595 vel
905 2527 949 2595 de
962 2529 1211 2596 resurrectione
1219 2514 1417 2618 aliquorum
1428 2526 1575 2617 (iuvenis
1589 2528 1626 2594 in
1641 2528 1751 2609 Naim,

422 2635 552 2713 Lazari3
574 2636 618 2703 ct.
642 2634 722 2704 Chr.
743 2637 822 2724 Cyr.
844 2634 989 2726 l'heoph.
1014 2635 1118 2703 Erret..
1137 2634 1215 2702 Alb.
1239 2634 1309 2704 Tol.
1330 2635 1405 2704 Gai.
1428 2635 1520 2701 lans.
1541 2632 1650 2702 Mald.
1667 2637 1750 2725 Lep.

419 2741 560 2831 Sctp.);
580 2748 615 2809 at
626 2742 812 2809 discrimen
827 2741 918 2810 inter
936 2764 969 2809 v.
987 2750 1029 2811 25
1042 2750 1076 2809 et
1088 2749 1131 2810 28
1150 2742 1239 2810 bene
1253 2741 1504 2809 advertendum
1518 2748 1581 2808 est.

463 2854 502 2915 nt
520 2871 581 2915 cur
602 2848 703 2916 Filius
718 2847 825 2938 possit
846 2848 1035 2930 vivificare,
1054 2850 1191 2916 ratioet
1212 2848 1373 2939 probatio
1393 2848 1536 2915 affertur
1551 2871 1583 2914 v.
1606 2854 1649 2915 26
1662 2846 1752 2914 sicut
1843 2903 1845 2908 .

420 2955 511 3021 enim
534 2957 636 3021 Pater
655 2953 756 3021 babet
770 2955 879 3021 vitam
896 2954 935 3021 in
948 2955 1142 3044 semetipso,
1160 2956 1208 3022 sic
1229 2953 1326 3021 dedit
1343 2966 1376 3021 ct
1395 2953 1487 3021 Filio
1511 2952 1633 3020 babere
1645 2953 1752 3020 vitam

421 3060 457 3126 in
476 3061 674 3150 semetipso;
687 3061 731 3128 ct.
749 3067 803 3142 1,t
817 3061 940 3150 inipso
953 3061 1023 3128 vita
1035 3067 1111 3128 erat
1123 3067 1158 3128 et
1172 3062 1241 3128 vita
1253 3066 1327 3128 erat
1341 3060 1399 3127 lux
1410 3059 1602 3129 hominum.
1617 3063 1753 3150 Discep-

423 3174 496 3234 tant
509 3166 621 3235 sintne
641 3168 748 3234 verba
764 3166 993 3254 intelligenda
1009 3167 1051 3234 de
1069 3166 1172 3250 Filio,
1194 3169 1237 3235 de
1252 3167 1361 3234 Verbo
1377 3168 1530 3235 increato
1550 3166 1641 3255 (cnr.
1660 3169 1750 3257 Auq.

424 3272 503 3341 Bed.
527 3277 609 3342 Iton.
636 3273 712 3341 Att.
740 3274 856 3341 Thone.
885 3273 955 3340 Tol.
985 3273 1058 3342 Gai.
1081 3274 1184 3364 Lep.)
1211 3297 1257 3342 an
1281 3275 1324 3342 de
1348 3273 1432 3340 Filio
1452 3273 1630 3341 incarnato
1656 3274 1749 3363 (Cpr.

422 3379 530 3448 Mald.
547 3381 678 3469 Salen).
695 3381 758 3460 Qui
772 3380 816 3448 de
835 3381 1076 3448 lucarnationc
1091 3381 1281 3472 explicant,
1297 3386 1439 3448 monent
1453 3402 1527 3448 esse
1542 3379 1750 3449 locutionem

421 3488 564 3555 eandem
580 3509 670 3577 quae
688 3487 859 3554 habeatur
880 3488 964 3554 inv.
988 3493 1044 3570 27,
1064 3488 1102 3554 in
1120 3489 1248 3578 quode
1269 3488 1404 3556 Christo
1420 3488 1559 3556 homine
1575 3493 1694 3578 aperte
1707 3488 1751 3556 sit

421 3615 543 3659 sermo.
558 3598 718 3671 Attamen
730 3615 898 3681 magnum
911 3594 1008 3662 adest
1018 3594 1214 3661 discrimen.
1233 3599 1316 3662 Nam
1327 3595 1365 3661 in
1381 3617 1413 3660 v.
1431 3601 1473 3660 27
1488 3593 1605 3681 agitur
1619 3594 1662 3661 de
1678 3615 1752 3661 mu·
1842 3661 1845 3665 ,

423 3722 504 3766 nere
518 3707 658 3766 externo
676 3700 845 3768 iudicium
865 3699 1084 3783 instituendi,
1108 3701 1202 3791 quod
1227 3702 1346 3791 utique
1369 3701 1521 3768 Christus
1541 3703 1578 3767 in
1599 3701 1751 3768 humana

423 3813 546 3873 natura
560 3807 649 3884 obit3
670 3808 723 3873 bio
738 3830 820 3873 vero
834 3828 947 3873 sermo
960 3813 1010 3874 est
1024 3807 1067 3873 de
1082 3791 1152 3873 vita
1165 3829 1269 3896 quam
1283 3807 1388 3875 habet
1398 3808 1436 3874 in
1448 3809 1632 3897 semetipso
1640 3832 1649 3888 ,·
1664 3807 1751 3874 sicot

411 3935 499 3979 ¹eam
520 3913 624 3980 habet
643 3919 741 3980 Pater
755 3920 789 3980 ct
806 3935 910 4002 quam
928 3935 949 3980 a
965 3917 1062 3980 Patre
1080 3914 1222 4003 aceepit.
1244 3918 1335 3981 llanc
1352 3920 1468 3981 autem
1483 3936 1552 3980 non
1571 3914 1702 4003 accepit
1716 3914 1753 3980 in
1835 3902 1839 3915 ⁵

424 4021 675 4103 lnearnatione,
692 4018 752 4085 sed
767 4019 914 4086 Verbum
929 4019 1062 4087 habens
1078 4022 1184 4086 vitam
1202 4020 1238 4087 in
1254 4020 1438 4110 semetipso
1451 4025 1611 4087 naturam
1630 4021 1752 4087 huma-
1830 4083 1834 4089 ,

425 4147 503 4191 nam
518 4127 700 4215 assumpsit
719 4125 808 4192 etin
827 4132 951 4193 natura
974 4126 1125 4193 humana
1141 4128 1247 4193 vitam
1269 4125 1565 4216 supernaturalem
1585 4124 1753 4191 credenti-

426 4233 488 4298 bus
506 4232 665 4317 largitur.
691 4232 741 4298 Uti
764 4233 852 4298 inv.
882 4239 937 4299 21.
963 4239 1017 4313 22,
1042 4233 1090 4299 ita
1113 4232 1170 4297 hio
1197 4233 1324 4299 mentio
1344 4232 1492 4298 infertur
1506 4229 1642 4313 iudicii,
1664 4231 1753 4298 illius

423 4339 494 4406 soil.
515 4339 666 4405 muneris
686 4337 856 4405 messiani.
879 4342 1033 4406 Christus
1047 4340 1140 4405 enim
1156 4339 1316 4405 omnibus
1331 4338 1478 4406 offerens
1492 4339 1640 4426 gratiam
1655 4343 1689 4404 et
1701 4339 1752 4405 vi-

426 4455 493 4512 tam
509 4466 612 4511 causa
634 4453 683 4511 est
704 4444 838 4524 salutis3
856 4467 976 4512 verum
1000 4445 1040 4512 iis
1058 4444 1119 4534 qui
1133 4465 1204 4511 non
1229 4446 1374 4513 credunt
1388 4448 1525 4513 exsistet
1539 4444 1641 4511 iudex
1655 4466 1688 4511 v.
1706 4451 1750 4512 27

425 4566 457 4617 et
477 4563 678 4641 potestatem
700 4549 795 4618 (lodic
814 4550 846 4617 ei
862 4549 1034 4618 iudicium
1053 4550 1190 4637 facere,
1212 4552 1313 4643 quale
1337 4554 1502 4621 iudicium
1521 4551 1745 4640 intelligatur,

426 4658 666 4727 declaraturin
683 4679 714 4722 v.
741 4665 796 4741 29,
822 4659 904 4748 qur'a
921 4657 1019 4747 filias
1033 4657 1182 4725 hominis
1197 4673 1262 4742 est,
1280 4661 1361 4747 quia
1375 4659 1505 4728 llessias
1526 4665 1590 4736 est;
1612 4658 1690 4726 vide
1705 4657 1751 4726 ad

427 4769 507 4832 [tan.
530 4773 621 4848 nte.
642 4769 699 4843 1t;
716 4765 865 4833 llessiam
879 4770 996 4832 autem
1010 4766 1081 4832 lore
1093 4764 1242 4833 iudicem
1260 4766 1431 4834 vaticiniis
1445 4787 1582 4857 quoque
1598 4765 1750 4855 praedic·
