4116 5648
405 581 511 650 habet
525 583 687 651 naturam
704 582 871 651 divinam.
890 585 1037 656 Verbum
1050 584 1158 669 igitur
1171 587 1236 651 lleo
1251 587 1341 653 Patri
1357 608 1426 654 esse
1440 585 1726 658 consubstantiale

401 687 548 754 docetur
567 685 689 778 (Gya).

448 797 519 858 lam
538 793 624 889 haec
642 797 708 861 tria
731 792 769 860 in
786 818 893 864 unum
914 795 1136 880 colliguntur,
1154 819 1223 887 quo
1243 797 1354 883 magis
1376 822 1444 866 uno
1459 806 1638 889 conspectu
1654 806 1724 866 tote

401 896 502 965 Verbi
514 899 708 969 sublimitas
721 901 926 970 exhibeatur
945 922 953 967 :
973 923 1005 968 ν.
1024 907 1043 968 2
1063 902 1124 970 boc
1144 907 1234 990 (cum
1246 903 1418 991 emphasi,
1436 904 1500 970 hoe
1515 906 1662 973 Verbum
1678 908 1725 974 ita

398 1002 609 1098 descriptum
623 1009 659 1072 et
678 1005 906 1095 declaratum)
926 1020 1000 1073 erat
1020 1009 1056 1076 in
1067 1008 1245 1100 principio
1260 1008 1357 1098 apud
1375 1012 1502 1095 Deum;
1516 1017 1589 1077 erat
1606 1012 1723 1101 itaque

392 1109 442 1192 ab
455 1121 595 1182 aeterno
606 1112 896 1183 consubstantiale
913 1114 1004 1181 Patri
1022 1116 1124 1206 eique
1141 1120 1364 1184 coaeternum
1383 1117 1418 1182 in
1438 1118 1548 1184 amica
1567 1117 1626 1184 illa
1642 1139 1724 1184 con-

396 1216 589 1300 iunctione,
614 1218 757 1288 habens
771 1240 850 1287 cum
870 1241 910 1286 eo
925 1223 1089 1289 unitatem
1114 1226 1258 1289 naturae
1277 1227 1311 1289 et
1329 1223 1549 1290 concordiam
1565 1224 1722 1291 volunta-

397 1325 440 1392 tis
458 1323 617 1416 (Themi.
634 1331 683 1395 Ex
705 1348 775 1416 qua
795 1329 1042 1395 sententiarum
1057 1328 1363 1418 comprehensione
1384 1330 1462 1416 Cpr.
1480 1328 1583 1396 etiam
1603 1337 1723 1399 contra

397 1454 454 1501 eos
467 1429 584 1518 arguit
598 1434 657 1523 qui
672 1431 837 1500 dicebant
851 1432 1028 1502 aliudesse
1042 1434 1185 1501 insitum
1198 1435 1236 1501 in
1249 1440 1315 1502 Deo
1329 1436 1492 1518 Verbum,
1510 1436 1606 1503 aliud
1622 1437 1722 1506 insito

396 1536 613 1605 simillimum
629 1539 751 1607 Filium
777 1543 811 1605 ct
836 1541 982 1607 Verbum
1002 1562 1065 1631 per
1086 1540 1182 1631 quod
1200 1547 1286 1609 Ileus
1308 1543 1425 1609 omnia
1446 1550 1607 1632 operetur
1629 1545 1666 1632 (i.
1688 1567 1717 1611 e.

396 1650 516 1712 contra
527 1646 732 1713 Eunomium
752 1645 894 1737 eiusque
909 1647 1116 1738 sectatores).

439 1754 531 1818 Unus
553 1754 693 1821 loannes
716 1773 757 1819 ex
780 1752 884 1821 sacris
900 1754 1097 1821 auctoribus
1121 1754 1266 1822 adhibet
1288 1778 1406 1823 vocem
1432 1760 1546 1844 Λὲγος.
1572 1759 1620 1823 Ea
1640 1779 1723 1824 voce

394 1855 502 1925 utitur
517 1880 654 1948 quoque
673 1863 814 1948 praeter
827 1883 859 1927 v.
887 1865 927 1927 tt
942 1859 980 1926 in
1000 1860 1146 1951 epistola
1161 1862 1273 1951 prima
1293 1869 1345 1942 t‚1
1371 1869 1405 1929 et
1425 1864 1459 1928 in
1480 1871 1581 1952 apoc.
1601 1870 1718 1946 19,13;

394 1962 568 2051 designari
581 1963 705 2042 Filium
719 1963 779 2032 Dei
794 1966 881 2033 adeo
896 1968 997 2035 estin
1016 1973 1155 2057 aperto,
1173 1974 1268 2035 utne
1283 1968 1400 2036 Ariani
1415 1968 1554 2058 quidem
1572 1974 1721 2056 negave-

393 2071 462 2137 rint
477 2069 631 2161 (Mala).
647 2073 772 2140 Verum
790 2072 859 2140 duo
874 2074 993 2163 quaeri
1004 2074 1115 2142 solent
1132 2095 1140 2141 ε
1157 2097 1219 2141 cur
1237 2097 1277 2141 ea
1289 2096 1369 2141 usus
1384 2075 1429 2141 sit
1444 2097 1522 2141 voce
1534 2076 1663 2164 etquid
1680 2098 1721 2143 ea

392 2176 600 2246 declaretur.
616 2180 664 2244 lix
680 2177 782 2246 modo
797 2201 866 2268 quo
880 2201 999 2248 vocem
1014 2181 1168 2249 scribens
1183 2187 1323 2271 usurpat
1341 2182 1557 2271 perspicuum
1577 2188 1627 2248 est
1642 2205 1720 2249 eum

392 2283 462 2352 iam
477 2282 636 2352 doctrina
655 2272 743 2354 orali
765 2286 911 2354 eandem
929 2285 1117 2356 dictionem
1132 2293 1166 2355 et
1191 2310 1369 2378 usurpasse
1393 2275 1426 2355 et
1449 2289 1655 2378 explanasse.
1674 2294 1719 2356 Ex

394 2390 503 2459 altera
524 2414 606 2459 vero
623 2399 737 2484 parte,
757 2414 835 2460 cum
859 2416 899 2460 ea
923 2415 987 2461 vox
1007 2393 1134 2461 nullibi
1154 2416 1268 2485 neque
1287 2394 1322 2461 in
1345 2394 1533 2482 evangeliis
1552 2417 1664 2484 neque
1683 2396 1717 2461 in

392 2497 545 2587 epistolis
560 2498 755 2589 apostolicis
779 2498 982 2588 reperiatur,
1004 2507 1136 2567 certum
1155 2501 1292 2568 videtur
1307 2501 1477 2568 Christum
1491 2524 1526 2568 se
1541 2523 1718 2590 nunquam

391 2604 440 2672 ite
454 2627 603 2674 vocasse.
626 2605 765 2674 Occasio
778 2609 896 2673 autem
905 2628 973 2695 qua
989 2613 1131 2674 loannes
1144 2607 1305 2673 inductus
1317 2607 1447 2674 censeri
1462 2614 1573 2697 potest
1584 2608 1628 2674 ad
1641 2630 1718 2674 eam

391 2710 626 2780 adhibendam
649 2713 839 2804 repetenda
857 2711 923 2779 erit
946 2735 987 2779 ex
1011 2735 1069 2794 eo,
1088 2713 1182 2802 quod
1206 2735 1333 2781 nomen
1357 2714 1422 2780 hoc
1438 2716 1668 2804 usurpabatur
1686 2720 1719 2781 et

390 2817 435 2884 ah
450 2817 593 2887 eruditis
611 2818 744 2887 ludaeis
759 2820 817 2910 (cl.
832 2824 973 2901 Mamm,
989 2819 1025 2886 in
1040 2822 1242 2909 targumim)
1256 2827 1289 2886 et
1303 2823 1348 2888 ab
1364 2821 1404 2887 iis
1418 2843 1555 2910 quoque
1570 2822 1629 2910 qui
1644 2823 1718 2911 phi-

390 2925 547 3016 losophia
565 2947 708 3012 graeca,
734 2925 960 2994 alexandrina
978 2926 1075 2993 tincti
1091 2931 1200 2994 erant.
1224 2931 1330 3004 Quam
1357 2926 1531 3017 duplicem
1548 2928 1716 2995 rationem

389 3030 459 3098 iam
472 3031 637 3099 indicavit
652 3030 760 3099 Mala.
779 3053 923 3101 monens
937 3055 1063 3099 nomen
1074 3037 1197 3100 llemra
1213 3039 1330 3099 notum
1346 3040 1380 3099 et
1396 3035 1539 3099 maxime
1555 3035 1716 3101 usitatum

388 3137 491 3204 fuisse
506 3136 599 3227 apud
615 3131 785 3205 Hebraeos
805 3143 839 3205 et
853 3145 945 3227 λόγον
964 3139 1135 3205 nominari
1153 3161 1253 3229 saepe
1272 3139 1362 3229 apud
1386 3140 1562 3206 Philonem
1582 3148 1616 3206 et
1630 3142 1715 3208 alios

388 3243 614 3335 philosophos
627 3266 783 3331 graecos.
806 3244 920 3312 Voluit
939 3267 1022 3332 ergo
1047 3252 1206 3329 loannes,
1224 3245 1303 3313 inde
1322 3246 1635 3330 concludentem,
1654 3270 1714 3314 ac-

388 3350 602 3419 commodate
616 3349 662 3418 ad
680 3374 781 3419 usum
796 3352 909 3441 loqui;
927 3351 1036 3419 voluit
1053 3352 1219 3440 intelligi;
1237 3352 1376 3420 videbat
1391 3354 1493 3419 etiam
1510 3353 1543 3418 id
1562 3355 1715 3421 futurum

387 3456 508 3526 lectori
522 3459 664 3547 gratius.
686 3458 840 3526 Eandem
860 3458 1075 3527 occasionem
1096 3459 1302 3526 recentiores
1316 3482 1453 3549 quoque
1466 3462 1657 3546 assignant3
1674 3484 1715 3528 ea

387 3585 469 3632 voce
481 3586 562 3632 usus
580 3571 646 3647 est,
663 3566 717 3633 'ait
737 3563 896 3633 Watlcins
911 3588 945 3655 p.
962 3570 1038 3648 tto,
1063 3566 1146 3657 quia
1161 3566 1246 3633 haec
1261 3565 1336 3656 ipsa
1357 3566 1460 3633 dictio
1481 3566 1608 3657 ubique
1624 3570 1714 3635 circa

387 3693 467 3740 eum
479 3671 696 3755 audiebatur,
712 3676 747 3740 et
758 3670 972 3739 Holtznwnn
988 3673 1024 3739 in
1039 3695 1079 3739 ea
1092 3695 1173 3740 voce
1184 3674 1274 3740 inter
1287 3696 1321 3740 se
1335 3674 1496 3760 coniungi
1510 3675 1558 3739 ait
1573 3675 1714 3740 llumina

386 3776 573 3868 sapientiae
588 3777 631 3846 de
655 3778 758 3846 rebus
778 3777 907 3845 divinis
928 3778 1084 3846 iudaicae
1104 3785 1138 3846 ct
1157 3780 1398 3870 philosophiae
1417 3802 1560 3868 graecae
1578 3781 1712 3869 (Einlei-

386 3889 486 3972 tung‚
505 3891 603 3964 1892,
620 3908 656 3974 p.
674 3885 769 3975 tt3);
784 3907 894 3974 quare
904 3905 944 3952 ea
959 3907 1022 3950 vox
1037 3886 1136 3953 valde
1145 3892 1225 3975 apta
1238 3892 1310 3952 erat
1325 3909 1392 3976 qua
1405 3887 1629 3976 redemptoris
1643 3893 1712 3953 lesu

385 3990 577 4058 sublimitas
592 3991 754 4058 omnibus
768 3991 882 4058 statim
898 3991 943 4058 ab
962 3990 1060 4058 initio
1079 3998 1333 4081 proponeretur
1345 4000 1377 4059 et
1393 3993 1583 4082 sapientiae
1598 3994 1711 4059 studio

386 4096 482 4165 ducti
495 4097 540 4165 ad
549 4119 625 4165 eam
638 4096 859 4166 allicerentur
871 4097 1074 4164 doctrinam.
1092 4103 1140 4164 lta
1152 4098 1298 4189 Keppler
1308 4121 1444 4188 qnoque
1455 4100 1551 4165 illam
1566 4099 1608 4165 de
1623 4105 1712 4184 logo

386 4203 601 4296 disquirendi
615 4204 784 4272 rationem
800 4225 1020 4271 communem
1035 4203 1137 4271 luisse
1154 4207 1202 4270 ait
1218 4205 1457 4294 philosophiae
1473 4213 1506 4271 et
1521 4205 1711 4291 theologiae

386 4309 543 4379 iudaicae
569 4316 602 4378 et
624 4310 727 4378 etiam
751 4311 865 4398 magis
888 4311 1056 4378 excultam
1079 4332 1150 4377 esse
1170 4310 1208 4376 in
1233 4312 1451 4401 philosophia
1472 4311 1709 4393 alexandrina,

386 4440 456 4508 qua
470 4439 533 4507 per
545 4417 722 4485 Philonem
737 4418 906 4507 sapientia
920 4421 1127 4485 Graecorum
1142 4417 1322 4484 coniuncta
1338 4418 1401 4485 luit
1416 4441 1493 4484 cum
1510 4418 1641 4507 placitis
1659 4424 1712 4483 lu-

388 4523 552 4593 daeorum
575 4524 636 4613 (cl.
668 4530 732 4592 Das
763 4523 1178 4612 lohannes-Evangelium
1205 4526 1276 4592 und
1300 4525 1361 4591 das
1390 4526 1481 4591 Ende
1513 4523 1571 4589 des
1599 4532 1709 4591 ersten

387 4631 519 4699 christl.
540 4632 792 4699 Jahrhunderts
811 4653 846 4720 p.
866 4633 934 4722 18).
952 4630 1077 4698 Eodem
1096 4631 1199 4698 modo
1214 4633 1348 4700 Scaea:
1364 4633 1411 4698 ait
1428 4652 1543 4696 vocem
1559 4635 1658 4716 Λέχης
1676 4632 1711 4696 in

388 4737 607 4830 philosophia
621 4737 842 4807 alexandrina
860 4739 1045 4806 coniuncta
1062 4759 1142 4804 cum
1164 4758 1290 4824 graeca
1308 4739 1409 4829 plane
1425 4740 1460 4804 in
1476 4758 1573 4802 usum
1595 4738 1711 4804 exiisse

387 4842 535 4936 ideoque
549 4851 711 4914 loannem
724 4846 911 4914 dictionem
926 4849 1100 4935 tamquam
1115 4844 1208 4934 apud
1223 4846 1374 4913 eruditos
1388 4846 1490 4935 plane
1504 4849 1617 4910 notam
1633 4866 1712 4933 sup-

854 4974 1033 5011 xttxummuen
1049 4975 1076 5013 xx
1092 4973 1159 5010 toxa.
1176 4987 1207 4996 -
1224 4966 1246 5012 5.

1900 633 1921 678 a
