4116 5648
362 513 421 573 irc
920 531 1003 578 uix
1027 520 1127 591 roxa.

197 649 199 656 ¹
224 659 229 669 “
248 666 251 673 '
362 669 397 729 et
416 686 487 733 non
503 668 666 736 viderunt
679 683 776 743 eum;
794 684 912 733 rursus
926 674 1002 758 post
1012 665 1182 735 modicum
1199 668 1333 754 tempus
1347 666 1530 732 resurrexit
1541 670 1574 732 et
1587 664 1683 730 vide—

361 779 443 840 runt
456 796 548 843 eum.
571 770 739 840 Christum
755 767 810 837 hic
822 770 915 864 loqui
930 773 973 841 de
990 776 1097 840 morte
1112 774 1145 835 ct
1159 771 1422 849 resurrectione,
1441 773 1490 837 uti
1507 777 1681 854 ratu-20,

360 900 400 946 ex
413 880 497 970 ipsis
506 877 618 946 verbis
632 875 712 941 satis
722 873 861 946 obvium
876 885 942 961 est;
958 899 1038 944 nam
1053 874 1224 943 modicum
1237 878 1403 945 etiterum
1415 875 1588 945 modicum
1603 900 1683 945 sanc

359 983 464 1053 debet
476 986 514 1051 in
534 985 682 1069 utroque
696 980 771 1050 loco
788 983 893 1052 breve
907 989 1039 1070 tempus
1054 1003 1131 1049 vere
1147 982 1345 1072 designare,
1363 983 1534 1072 oppositio
1550 1009 1619 1053 nort
1638 987 1684 1052 vi-

358 1090 477 1159 debitis
496 1093 530 1153 et
543 1085 701 1155 videbitis
720 1091 811 1158 clare
833 1088 987 1158 enuntiat
1009 1088 1156 1157 eundem
1175 1090 1235 1180 qui
1254 1090 1408 1158 abiturus
1427 1096 1478 1156 θεῖ
1499 1112 1568 1156 csse
1593 1092 1682 1159 redi-

287 1281 288 1284 *
357 1203 473 1264 turum
493 1197 532 1259 ut
559 1215 639 1261 eum
665 1196 816 1263 videant.
840 1199 995 1261 Ceterum
1021 1195 1107 1263 bena
1133 1203 1231 1263 notat
1248 1198 1360 1286 stup„
1380 1195 1475 1286 quod
1499 1203 1580 1262 tunc
1606 1220 1684 1263 cum

359 1306 449 1368 lesus
463 1298 664 1389 loqueretur
684 1300 860 1390 discipulis
883 1299 1067 1370 obscurum
1085 1307 1175 1385 erat,
1194 1324 1272 1369 mox
1294 1303 1367 1392 ipsa
1383 1325 1420 1369 re
1435 1309 1468 1370 et
1482 1301 1683 1392 impletione

356 1403 610 1474 manifestatum
630 1413 691 1490 est,
716 1407 864 1495 ideoque
884 1406 1072 1475 nobis'iam
1087 1407 1307 1476 manifestum
1329 1414 1395 1487 est;
1416 1409 1506 1476 unde
1527 1408 1684 1498 plerique

356 1511 459 1578 etiam
477 1515 649 1604 explicant
662 1511 767 1579 verba
782 1511 825 1579 dc
844 1519 955 1581 morte
976 1519 1010 1581 et
1026 1514 1069 1582 de
1085 1514 1214 1581 visione
1230 1522 1304 1604 post
1321 1515 1606 1582 resurrectionem
1628 1515 1681 1601 (ct.

358 1619 437 1687 cur.
452 1620 557 1687 sart.
575 1623 655 1709 Cpr.
670 1620 827 1685 Ammon.
843 1621 934 1710 Auq.
951 1620 1033 1690 Bed.
1055 1624 1142 1711 Rup.
1158 1619 1234 1702 Ata.
1256 1619 1371 1686 Thotis.
1389 1623 1476 1689 Bon.
1499 1622 1575 1690 Coi.
1591 1624 1682 1692 lons.

358 1724 429 1793 Tol.
454 1730 539 1817 Lup.
569 1724 657 1792 Corl.
680 1724 817 1814 Sclzz.).·
835 1726 930 1804 Quod
952 1727 1089 1795 additur
1102 1724 1192 1806 vado
1212 1725 1261 1792 cd
1277 1730 1430 1812 Patrem,
1457 1728 1494 1793 in
1511 1727 1684 1795 codicibus

356 1831 557 1900 melioribus
578 1831 614 1919 (a
629 1835 653 1897 B
668 1835 693 1897 D
709 1831 745 1915 L)
761 1837 795 1898 et
810 1832 1017 1900 editionibus
1026 1832 1153 1899 criticis
1166 1827 1237 1900 non
1252 1831 1409 1913 habetur,
1427 1840 1462 1900 et
1475 1833 1570 1900 haud
1585 1835 1684 1900 facile

356 1937 544 2028 explicatur
561 1938 628 2003 hoc
650 1936 738 2004 loco.
764 1938 886 2005 Volunt
907 1937 1045 2029 quidem
1060 1938 1111 2005 ire
1133 1937 1177 2006 ad
1194 1943 1326 2006 Patrem
1346 1938 1523 2007 includere
1539 1947 1684 2006 mortem

357 2050 390 2112 et
403 2043 686 2111 resurrectionem
701 2043 858 2134 adeoque
873 2045 1040 2112 rationem
1056 2044 1153 2112 reddi
1170 2044 1346 2136 utriusque
1367 2046 1557 2129 intervalli,
1581 2048 1684 2113 inter-

356 2157 478 2241 ruptae
496 2156 531 2218 et
549 2149 704 2218 redditae
720 2149 859 2227 visionis
880 2151 969 2238 (Cui.
989 2154 1080 2219 lans.
1107 2150 1176 2218 Tol.
1200 2152 1323 2240 Cart),
1347 2174 1436 2241 quae
1458 2159 1574 2220 tamen
1596 2155 1683 2220 ratio

356 2263 490 2325 nonest
504 2256 697 2347 perspicua.
717 2257 822 2323 Aliter
835 2259 931 2325 Patr.
947 2280 960 2324 .·
974 2258 1142 2326 etiterum
1155 2257 1332 2325 modicum·
1346 2265 1379 2325 et
1394 2258 1553 2325 videbitis
1565 2281 1619 2326 me
1635 2260 1683 2325 ire

358 2363 401 2430 ad
413 2367 548 2430 Patrem
564 2363 736 2450 (similiter
749 2364 818 2429 iam
838 2364 928 2431 inter
940 2364 1008 2431 alia
1021 2364 1165 2454 Salm.);
1179 2365 1344 2452 intelligit
1358 2365 1430 2432 scil.
1449 2365 1596 2433 alterum
1611 2387 1683 2431 mo-

357 2467 473 2537 dicum
486 2471 529 2537 de
543 2475 697 2560 tempore
709 2468 799 2536 inter
810 2473 1096 2540 resurrectionem
1108 2476 1143 2538 θῖ
1154 2472 1399 2540 ascensionem.
1416 2472 1479 2542 Sed
1495 2480 1566 2539 tum
1583 2472 1683 2539 valde

354 2574 559 2644 inconcinne
572 2576 744 2644 diceretur
760 2575 884 2644 iterum
898 2575 1087 2656 modicum,
1104 2578 1186 2669 quia
1198 2578 1382 2646 discrimen
1396 2581 1486 2646 inter
1500 2586 1683 2669 utrumque

356 2681 528 2750 modicum
543 2681 646 2751 nimis
660 2704 826 2771 magnum
842 2691 908 2764 est;
925 2684 1066 2775 iusuper
1081 2685 1166 2776 quia
1181 2683 1266 2752 uodo
1282 2685 1330 2752 ad
1342 2689 1481 2752 Patrem
1498 2686 1584 2752 alias
1598 2708 1682 2752 sem-

352 2811 416 2879 per
431 2788 639 2879 proponitur
648 2789 733 2857 ratio
745 2791 937 2859 sentcntiae
952 2792 1189 2882 praecedentis
1207 2792 1338 2879 (rt,28;
1355 2793 1486 2881 thio),
1505 2814 1681 2882 nunquam

353 2901 468 2963 autem
485 2901 664 2985 tamquam
678 2917 734 2963 res
751 2919 839 2986 quae
855 2896 1021 2966 videatur.

393 3083 479 3144 Aliae
497 3101 624 3162 quoque
644 3083 874 3164 explicationes
888 3090 1024 3147 tentatae
1044 3091 1127 3147 sunt.
1144 3087 1300 3147 Modicum
1321 3092 1370 3147 est
1391 3091 1518 3166 tempus
1537 3104 1599 3164 quo
1620 3105 1681 3146 non

352 3181 501 3243 videbitis
520 3198 589 3256 me,
605 3181 674 3243 scil.
695 3181 841 3244 triduum
865 3200 929 3261 quo
953 3183 1063 3245 iacebo
1084 3183 1117 3244 in
1137 3185 1299 3262 sepulcro,
1320 3189 1351 3245 et
1374 3184 1492 3244 iterum
1515 3184 1679 3244 modicum

353 3297 417 3358 quo
430 3279 582 3341 videbitis
596 3295 665 3354 me,
684 3279 753 3340 scil.
772 3281 979 3361 quadraginta
993 3282 1061 3343 dies
1076 3282 1132 3361 qui
1151 3285 1246 3344 erunt
1263 3284 1347 3342 inter
1365 3283 1634 3342 resurrectionem
1650 3288 1680 3342 ct

352 3377 587 3451 ascensionem3
604 3377 649 3438 ita
668 3377 695 3438 si
717 3377 942 3457 explicaveris,
959 3381 1072 3459 utique
1094 3380 1185 3442 facile
1207 3381 1391 3460 adiungitur
1414 3399 1420 3440 :
1443 3379 1519 3458 quia
1542 3381 1622 3440 vado
1643 3379 1682 3439 ad

355 3476 497 3544 Patrem:
517 3473 591 3535 ideo
614 3474 701 3535 enim
726 3474 853 3537 modico
874 3481 1019 3556 tempore
1042 3483 1114 3557 post
1135 3479 1401 3540 resurrectionem
1420 3494 1494 3538 eum
1515 3477 1681 3546 viderunt,

354 3573 429 3653 quia
443 3573 548 3634 iturus
563 3578 630 3634 erat
643 3571 683 3632 ad
699 3574 841 3635 Patrem.
853 3573 914 3636 Sed
929 3576 959 3636 ei
972 3575 1176 3654 explicationi
1191 3578 1319 3637 obstant
1334 3575 1410 3637 duo.
1427 3576 1518 3636 Prius
1534 3580 1583 3635 est
1600 3575 1682 3652 quod

354 3669 546 3733 modicumet
563 3688 625 3729 non
639 3667 785 3731 videtitis
796 3690 843 3731 mc
861 3672 1082 3752 accipiendum
1095 3679 1158 3748 θεῖ,
1172 3674 1217 3735 uti
1234 3677 1324 3746 maa
1340 3678 1371 3733 et
1387 3673 1426 3732 ci.
1440 3675 1528 3746 7‚33;
1546 3673 1681 3733 atterum

353 3768 500 3849 estquod
511 3769 684 3831 discrimen
695 3768 783 3830 inter
797 3768 866 3832 dies
882 3775 945 3832 tres
957 3777 990 3832 ct
1003 3771 1213 3850 quadraginta
1228 3772 1331 3832 maius
1342 3776 1391 3832 est
1406 3788 1506 3849 quam
1522 3776 1556 3831 ut
1572 3771 1680 3830 iterum

352 3864 505 3928 modicum
518 3865 655 3935 alterum
669 3866 732 3926 hoc
746 3869 902 3948 temporis
916 3869 1053 3949 spatium
1069 3870 1172 3930 vorari
1193 3870 1307 3947 possit.
1326 3870 1431 3930 Primo
1446 3869 1579 3947 quidem
1601 3872 1680 3947 Aup.

352 3965 516 4044 exposuit,
530 3968 566 4027 ut
579 3983 683 4050 supra
703 3968 841 4029 relatum
862 3973 925 4040 est;
942 3972 975 4028 at
993 3984 1067 4028 mox
1088 3968 1175 4029 atiud
1195 3968 1224 4028 ei
1245 3968 1346 4046 magis
1367 3967 1504 4044 placuit;
1521 3966 1680 4042 explicat:

352 4062 516 4126 modicum
537 4072 569 4128 et
583 4067 645 4128 iam
663 4083 730 4127 non
748 4064 925 4126 videbititis
944 4081 1012 4139 me,
1029 4063 1105 4143 quia
1123 4065 1205 4126 vado
1221 4066 1260 4126 ad
1274 4065 1400 4125 Patrem
1423 4065 1445 4124 i.
1467 4082 1495 4125 e.
1518 4064 1624 4123 eundo
1643 4064 1681 4122 ad

355 4161 497 4235 Patrem,
512 4164 715 4227 ascendendo
728 4162 763 4224 in
774 4162 900 4224 coelum
913 4161 1052 4224 tacturus
1067 4166 1134 4223 erat
1148 4169 1184 4223 ut
1197 4180 1273 4223 eum
1290 4163 1351 4222 iam
1365 4179 1427 4221 non
1444 4160 1605 4226 viderent;
1625 4161 1682 4220 iti·-

354 4275 428 4321 rum
446 4262 630 4325 modicum:
648 4261 814 4324 modicum
829 4263 877 4321 est
891 4262 992 4321 totum
1012 4260 1149 4338 spatium
1165 4277 1227 4338 quo
1245 4277 1395 4338 praesens
1411 4259 1553 4338 pervolat
1574 4276 1681 4318 saecu-

354 4356 433 4430 lum,
449 4364 481 4420 et
496 4361 537 4422 ita
548 4361 700 4441 loquitur,
720 4364 758 4420 ut
767 4356 926 4420 visionem
936 4357 968 4418 in
984 4358 1167 4419 aeternitate
1183 4358 1233 4418 vet
1247 4358 1280 4417 in
1294 4358 1393 4417 altero
1410 4357 1525 4418 Christi
1541 4357 1679 4417 adventu

355 4455 529 4538 intelligat,
546 4460 705 4531 similiter,
723 4456 771 4519 uti
792 4455 874 4517 solet
892 4452 997 4534 Bedo;
1011 4473 1092 4535 quae
1113 4455 1297 4533 explicatio,
1314 4455 1381 4516 scil.
1400 4474 1464 4516 non
1480 4456 1616 4515 muttum
1635 4471 1681 4513 ro-

301 4602 304 4608 ,
356 4557 440 4617 stare
459 4556 498 4617 ab
516 4559 702 4620 ascensione
722 4553 883 4634 usquead
905 4554 1080 4616 secundum
1095 4555 1128 4615 in
1148 4554 1303 4615 iudicium
1323 4554 1491 4614 adventum
1505 4558 1577 4630 post
1597 4552 1679 4629 quod

355 4651 446 4714 illum
461 4661 617 4736 perpetuo
633 4656 731 4716 visuri
746 4657 852 4726 erant,
868 4652 964 4713 etiam
979 4652 1098 4732 placuit
1111 4650 1207 4712 Matd.
1226 4649 1317 4732 Schq.
1334 4687 1372 4696 —
1388 4652 1487 4711 Aliter
1502 4650 1571 4717 alii,
1591 4652 1680 4728 prius

355 4749 508 4812 modicum
536 4755 715 4832 significare
742 4752 830 4813 brevi
858 4767 1063 4811 ascensurum
1092 4751 1253 4812 Christum
1278 4751 1309 4810 in
1340 4750 1482 4816 coelum,
1510 4753 1542 4807 et
1563 4748 1678 4807 deinde

354 4865 428 4909 mox
442 4849 547 4928 ipsum
566 4857 778 4931 conspectum
793 4850 832 4910 iri
847 4850 879 4909 in
899 4849 1050 4910 Paraclito
1071 4847 1168 4927 (Fit).
1184 4849 1269 4920 Quae
1288 4848 1430 4924 acceptio
1450 4847 1544 4924 plane
1562 4847 1677 4923 impro-

355 4946 471 5008 babilis
486 4954 551 5023 est;
571 4967 646 5011 nam
667 4946 811 5010 videbitis
825 4966 871 5009 mc
885 4947 920 5007 in
941 4948 1140 5026 oppositione
1159 4948 1198 5008 ad
1214 4965 1276 5006 noa
1299 4944 1439 5004 videtitis
1462 4964 1506 5003 nie
1527 4945 1621 5005 debet
1647 4945 1678 5003 in
