4116 5648
511 637 596 698 Cum
615 633 769 721 emphasi
783 635 946 697 narratur
963 652 994 696 v.
1013 635 1056 697 20
1077 647 1108 700 et
1124 633 1300 720 coufessus
1320 615 1369 699 est
1384 647 1498 700 elnon
1517 633 1655 721 neqavit
1668 646 1701 698 et
1716 657 1796 702 aon·
1892 678 1896 685 ·
1918 600 1960 739 ’ἲ

473 741 586 826 sessus
600 752 650 804 est
662 760 675 805 :
686 739 769 829 quia
783 757 853 802 non
870 759 947 803 sum
968 758 1031 825 eqo
1049 739 1222 820 Christum·
1240 737 1314 825 ipso
1338 739 1503 807 narrandi
1520 739 1623 806 modo
1643 738 1798 806 declara·
1945 810 1952 824 Α,

471 852 526 909 tur
540 849 574 909 et
593 847 690 936 quasi
704 843 917 932 depingitur,
935 851 1066 932 quanto
1081 843 1234 936 pondere
1247 842 1343 911 illam
1357 846 1399 912 de
1411 868 1446 912 se
1458 846 1656 935 opinionem
1671 844 1798 912 reiece·
1922 854 1980 967 ’,ι-,ἑξ

470 950 530 1031 rit,
545 960 671 1041 quanta
691 951 942 1018 asseveratione
960 956 993 1017 et
1014 953 1177 1020 firmitate
1192 949 1325 1016 locutus
1348 950 1403 1017 sit.
1423 951 1591 1016 Exstitisse
1614 953 1741 1043 quippe
1760 965 1800 1018 eo
1891 944 1955 1042 s}

469 1061 623 1148 tempore
636 1057 921 1144 exspectationem
938 1059 1085 1135 bessiae,
1104 1054 1185 1123 satis
1198 1078 1385 1146 quoqueex
1398 1056 1583 1145 synopticis
1605 1057 1796 1143 colligitur3
1913 1042 1919 1055 i
1948 1046 1960 1143 J

468 1171 502 1228 et
523 1186 627 1255 quam
645 1162 712 1228 alte
731 1185 772 1230 ea
790 1163 996 1246 inhaeserit,
1019 1161 1176 1231 hocloco
1203 1168 1321 1254 aperte
1340 1161 1542 1244 ostenditur,
1562 1162 1644 1253 quia
1660 1163 1797 1251 degom-

468 1271 567 1338 nibus
597 1271 826 1356 interrogant,
857 1290 942 1357 quos
966 1267 1118 1356 vulgaris
1151 1268 1268 1358 opinio
1294 1290 1535 1359 praecursores
1562 1291 1632 1336 esse
1661 1269 1793 1337 bessiae

468 1378 634 1456 iactabat;
659 1375 744 1442 adeo
774 1375 815 1442 iis
849 1397 1049 1463 persuasum
1081 1381 1156 1442 erat
1199 1380 1336 1464 tempus
1363 1376 1570 1442 messianum
1604 1375 1794 1466 appropin-
1843 1383 1846 1389 '
1914 1418 1960 1455 2

466 1505 598 1573 quasse.
614 1481 705 1548 Unde
720 1483 805 1550 hoct
821 1488 975 1572 tempore
985 1481 1124 1571 quidem
1140 1480 1363 1549 machabaieo
1376 1481 1517 1548 summis
1529 1481 1638 1572 pressi
1651 1482 1793 1550 calami·
1894 1561 1900 1567 ,
1919 1464 1960 1565 ’ἷζε

469 1590 593 1657 tatibus
605 1590 812 1678 prophetam
827 1589 1003 1676 quendam
1019 1589 1344 1656 iterumuenturum
1357 1610 1427 1656 esse
1441 1589 1625 1678 sperabant
1639 1589 1671 1678 (1
1685 1590 1790 1658 llach.
1892 1584 1896 1593 ’
1920 1572 1960 1683 ’,ζ

467 1702 562 1778 t‚b6;
586 1696 781 1784 1t,t1),de
801 1717 862 1784 spe
888 1702 1004 1763 autem
1023 1695 1181 1762 messiani
1201 1695 1366 1784 temporis
1388 1694 1438 1762 ibi
1453 1717 1524 1762 non
1538 1702 1682 1785 apparet
1696 1690 1795 1764 vesti·

466 1803 572 1888 glum.
593 1805 715 1868 Verum
736 1824 776 1869 ex
795 1801 957 1869 vaticinio
976 1801 1124 1868 Danielis
1137 1800 1280 1868 omnino
1295 1806 1440 1891 apparet
1453 1823 1493 1868 eo
1505 1807 1659 1891 tempore
1675 1803 1793 1869 termi·
1920 1788 1938 1827 ‘³

465 1929 547 1975 num
564 1930 584 1974 a
600 1909 768 1998 propheta
782 1909 994 1995 assignatum
1004 1907 1120 1975 adesse
1134 1907 1260 1974 debere
1272 1908 1330 1996 (cl.
1346 1911 1534 1976 Commeat.
1548 1912 1631 1976 Dan.
1646 1932 1681 1999 p.
1694 1909 1792 1995 250);

466 2038 496 2082 v.
519 2022 559 2081 21
576 2027 609 2081 et
627 2015 924 2105 interroquverunt
939 2037 1018 2081 eum
1033 2035 1046 2080 .·
1061 2012 1149 2104 quid
1161 2016 1268 2103 erqo?
1284 2037 1324 2081 ex
1343 2015 1446 2082 modo
1463 2015 1612 2105 abrupto
1624 2016 1794 2106 quaestio-

465 2145 545 2189 num
562 2122 753 2189 ostenditur
767 2144 824 2188 eos
839 2143 911 2188 non
933 2121 1018 2189 bene
1033 2143 1104 2188 esse
1117 2121 1254 2188 affectos
1269 2141 1353 2208 erga
1368 2120 1573 2210 baptistam3
1590 2120 1675 2210 quid
1689 2123 1795 2209 ergo?

465 2229 487 2294 i.
510 2250 539 2295 e.
559 2250 665 2316 quare
681 2229 788 2314 igitur
807 2228 894 2295 adeo
908 2227 1079 2314 singulari
1094 2226 1222 2314 agendi
1237 2234 1271 2295 et
1282 2226 1502 2317 praedicandi
1516 2229 1648 2295 ratione
1663 2233 1794 2295 tantam

463 2334 590 2423 ubique
609 2335 872 2401 commotionem
895 2334 1040 2401 excitas?
1064 2334 1234 2423 quidhoc
1254 2335 1321 2400 sibi
1346 2335 1438 2400 vult?
1458 2334 1555 2400 Elias
1581 2357 1615 2401 es
1639 2337 1701 2401 tu?
1719 2334 1742 2402 i.
1761 2356 1790 2401 e.

464 2462 665 2529 praecursor
679 2440 814 2508 Messiae
833 2439 922 2507 Elias
942 2440 1139 2508 habebatur
1153 2462 1194 2507 ex
1216 2440 1289 2506 Dal.
1311 2447 1380 2523 t,5‚
1396 2440 1440 2507 de
1449 2462 1518 2529 qua
1536 2441 1696 2531 opinione
1715 2440 1793 2508 vide

464 2547 578 2614 Datth.
597 2554 709 2629 17‚10.
724 2553 822 2614 llarc.
838 2554 936 2629 9,10;
954 2559 987 2614 et
1002 2546 1094 2613 dixit
1112 2569 1125 2613 .·
1138 2569 1209 2614 noa
1224 2569 1300 2614 sum
1305 2567 1319 2631 ;
1331 2547 1370 2614 in
1386 2545 1506 2636 spiritu
1521 2546 1661 2635 quidem
1676 2552 1709 2613 et
1722 2547 1793 2613 vir-

465 2659 535 2721 tute
552 2655 643 2721 liliae
662 2654 844 2742 praecessit
862 2659 943 2720 ante
968 2653 1167 2733 Dominum,
1193 2652 1287 2742 quod
1306 2651 1540 2720 testimonium
1563 2653 1636 2742 ipse
1654 2675 1792 2743 quoque

464 2761 613 2827 Christus
629 2760 660 2827 ei
671 2759 767 2827 dedit
778 2761 907 2850 (Matth.
933 2759 1065 2849 11‚1a);
1081 2766 1117 2826 at
1130 2760 1200 2827 alia
1214 2766 1329 2827 mente
1343 2758 1397 2826 illi
1409 2759 1669 2847 interrogabant
1680 2781 1790 2849 neque

464 2867 613 2957 baptista
631 2873 764 2933 tantum
783 2866 850 2934 sibi
876 2866 1053 2933 tribuisset
1080 2867 1248 2934 honorem
1269 2873 1306 2933 ut
1325 2889 1361 2933 se
1382 2865 1530 2933 similem
1549 2866 1640 2933 Eliae
1654 2871 1791 2956 putaret

465 2972 517 3039 vel
534 2973 674 3041 diceret.
697 2978 824 3060 Urgent
842 2973 894 3040 illi
922 2997 931 3039 :
952 2973 1125 3064 propbeta
1144 2984 1159 3041 ὸ
1182 2984 1337 3063 προφήτης
1357 2995 1390 3040 es
1406 2975 1467 3038 tu?
1481 2972 1553 3039 scil.
1572 2994 1718 3060 magnus
1731 2971 1791 3039 ille

465 3081 649 3168 propheta,
666 3101 767 3170 quem
788 3079 905 3147 ludaei
927 3102 1066 3169 quoque
1083 3101 1122 3146 ex
1137 3085 1233 3147 Dent.
1253 3086 1353 3159 18‚15
1371 3078 1520 3146 similem
1540 3081 1642 3167 lloysi
1660 3101 1791 3147 surrec-

463 3194 578 3253 turum
599 3186 784 3275 sperabant
802 3186 864 3275 qui
878 3186 952 3253 scil.
972 3185 1196 3253 mediatorem
1217 3191 1336 3271 ageret
1351 3186 1443 3253 inter
1462 3191 1567 3253 Deum
1586 3193 1620 3252 et
1639 3184 1795 3254 homines

463 3298 495 3359 et
517 3297 730 3381 acceptuma
753 3297 818 3359 Deo
838 3298 1081 3359 testamentum
1104 3291 1266 3359 foedusve
1287 3313 1414 3358 novum
1440 3291 1619 3381 discipulis
1643 3291 1793 3360 traderet

464 3399 566 3487 (Oa).
592 3397 707 3465 alludi
733 3398 777 3464 ad
798 3404 895 3465 Deut.
920 3406 1021 3482 18‚15
1046 3421 1164 3465 omnes
1188 3405 1398 3486 agnoscunt;
1420 3411 1452 3464 et
1475 3397 1652 3488 respondit
1673 3420 1686 3466 .·
1704 3419 1794 3480 uon;

463 3505 628 3572 adnotant
650 3505 787 3571 brevius
807 3511 882 3595 post
904 3506 1064 3595 quamvis
1081 3506 1319 3595 quaestionem
1336 3505 1552 3596 responderi,
1571 3528 1640 3595 qua
1664 3504 1794 3572 maiore

464 3612 627 3678 brevitate
645 3610 738 3678 haud
753 3611 919 3698 ambigue
932 3611 1160 3697 significetur,
1176 3617 1307 3701 quanta
1317 3612 1349 3678 vi
1362 3618 1396 3678 et
1408 3613 1658 3679 asseveratione
1671 3612 1795 3680 salsam

464 3718 506 3785 de
524 3739 560 3784 se
574 3717 774 3807 opinionem
787 3717 960 3807 repudiet.
981 3722 1105 3784 Postea
1128 3717 1202 3807 ipse
1217 3718 1369 3785 Christus
1383 3719 1428 3786 ab
1443 3719 1616 3808 aliquibus
1640 3719 1697 3787 ille
1715 3741 1794 3808 pro·

464 3826 570 3913 pheta
585 3835 599 3891 t
614 3835 767 3913 προφήτης
786 3823 980 3891 habebatur
991 3824 1113 3913 (MD).

508 3936 650 3997 Demum
664 3953 699 3997 se
711 3932 831 4010 missos
847 3953 918 3998 esse
937 3952 958 3998 a
974 3931 1130 4018 legitima
1143 3931 1345 3998 auctoritate
1364 3932 1533 4009 indicant;
1551 3953 1658 4021 quare
1677 3937 1793 4020 postu·

464 4039 553 4119 lant,
574 4044 611 4103 ut
621 4037 723 4126 plane
739 4037 831 4105 dieat
847 4037 926 4127 quis
935 4038 979 4104 sit
992 4060 1026 4104 v.
1047 4043 1090 4103 22
1107 4037 1270 4104 disserunt
1289 4060 1371 4128 erqo
1388 4038 1420 4105 ei
1435 4061 1447 4105 .·
1463 4040 1591 4127 quises
1607 4050 1644 4103 ut
1657 4059 1793 4128 respon-

465 4167 539 4210 sum
554 4143 671 4210 demus
689 4143 740 4210 tis
755 4144 817 4233 qui
829 4144 999 4210 miserunt
1014 4164 1095 4226 nom·
1107 4143 1195 4232 quid
1207 4143 1296 4211 dicis
1313 4144 1355 4211 de
1370 4145 1499 4235 teipso?
1513 4145 1570 4212 ille
1587 4167 1667 4211 vero
1684 4144 1732 4212 ita
1745 4166 1796 4211 re·

464 4251 609 4339 spondet
624 4256 662 4317 ut
672 4273 711 4316 es
722 4249 838 4316 multis
854 4247 962 4316 titulis
978 4270 1063 4337 quos
1077 4247 1144 4314 sibi
1158 4271 1238 4315 vere
1254 4253 1405 4339 potuerit
1416 4253 1605 4319 attribuere
1620 4251 1792 4337 (doctoris,

464 4357 596 4435 indicis,
615 4356 846 4445 praecursoris
861 4354 997 4441 Christi)
1013 4375 1089 4421 eum
1111 4355 1226 4421 solum
1243 4357 1375 4423 tribuat
1392 4357 1453 4444 qui
1468 4356 1683 4423 humillimus
1701 4353 1794 4420 vide·

464 4466 564 4531 hatur
582 4463 670 4551 (Mal
681 4463 720 4552 l.)
738 4463 798 4530 sed
812 4485 881 4552 quo
897 4460 1125 4528 nihilominus
1148 4461 1251 4550 quale
1270 4467 1405 4551 tempus
1424 4463 1527 4530 instet
1545 4470 1579 4529 et
1595 4483 1699 4551 quam
1714 4483 1793 4529 vere

464 4570 609 4638 llessiam
621 4578 813 4659 exspectent
824 4570 1054 4648 demonstrat3
1068 4590 1100 4633 v.
1114 4575 1155 4636 23
1165 4569 1216 4634 uit
1227 4591 1238 4635 .·
1250 4591 1313 4658 eqo
1324 4592 1390 4636 aaa
1400 4569 1581 4636 clamantis
1591 4570 1628 4634 in
1637 4568 1764 4634 deservo
1779 4589 1791 4633 :

465 4676 604 4768 diripite
617 4676 709 4754 uiam
728 4677 884 4762 Domini,
904 4677 991 4743 sicut
1011 4673 1100 4741 dicit
1120 4677 1227 4744 isaias
1239 4678 1431 4767 propheta·
1448 4677 1490 4744 cl.
1512 4683 1552 4744 ls.
1573 4680 1668 4759 tD,3‚
1687 4697 1789 4765 quem
1827 4742 1828 4745 ,

459 4784 577 4851 locum
595 4785 801 4852 messianum
822 4807 892 4852 esse
912 4789 1006 4873 patet
1023 4788 1096 4850 tum
1116 4807 1156 4850 ex
1175 4790 1255 4865 1ιο,5
1277 4783 1335 4872 (de
1355 4783 1467 4870 gloria
1486 4780 1617 4850 Domini
1635 4782 1791 4850 omuibus

465 4890 677 4980 revelanda),
690 4896 762 4958 tum
775 4892 857 4979 quia
872 4896 923 4959 est
940 4889 1153 4980 prooemium
1164 4889 1313 4978 duplicis
1332 4889 1562 4972 liberationis,
1582 4912 1645 4979 per
1666 4894 1789 4976 Cyrum
