4050 5648
152 501 213 560 ⁴58
685 516 770 562 roas.
794 502 947 565 13181).

151 673 219 718 non
240 662 290 720 est
305 679 368 722 cur
380 647 600 720 retrocedatis
638 651 705 717 rol.
731 676 740 721 :
757 668 873 740 πρῶτεν
890 661 987 729 ὑμῶν.
1004 647 1083 713 vide
1095 649 1139 713 ad
1157 659 1254 735 t.t5;
1271 662 1367 746 putat
1382 655 1477 720 laras.

151 773 268 847 τρῶτεν
295 774 375 843 ὑμῶν
397 777 494 844 posse
521 755 669 844 intelligi
695 782 749 825 me
777 759 966 849 principem
992 763 1159 831 restrum,
1185 781 1274 845 quae
1296 761 1480 852 explicatio

153 868 228 934 cai.
251 865 447 956 praeplacet
468 870 609 952 propter
632 866 802 931 rationem
821 862 1037 929 subiunctam
1054 886 1063 929 :
1081 883 1151 927 non
1167 871 1217 927 est
1233 886 1351 934 serms
1368 868 1481 934 maior

151 973 294 1039 domino
314 988 394 1032 suo:
424 968 471 1033 ita
494 972 613 1059 utique
630 971 758 1037 dicitur
773 983 797 1037 :t
822 980 934 1054 :cdxi
957 989 1010 1051 τῆς
1035 972 1217 1047 Firma-313.
1239 982 1479 1057 :51123552

155 1081 394 1155 ’1;υέιίω·ι,τῇ;
413 1086 502 1155 wisza
525 1082 634 1161 ssllarc.
655 1084 748 1145 62¹.
770 1083 847 1143 Luc.
868 1079 985 1145 latr:
1006 1083 1080 1142 Act.
1102 1081 1201 1153 25³2
1216 1081 1308 1155 285.
1328 1088 1368 1144 17
1381 1090 1447 1148 etc.
1469 1136 1477 1147 .

150 1182 216 1250 sed
231 1181 329 1269 prior
340 1183 495 1270 acceptio
509 1184 617 1248 multo
629 1194 679 1247 est
700 1181 891 1270 expeditior
904 1190 938 1244 et
959 1181 1102 1251 facilior.
1122 1190 1156 1249 et
1171 1183 1227 1247 hic
1241 1204 1323 1248 nsus
1341 1189 1430 1254 cocis
1443 1191 1480 1254 in

151 1288 344 1354 recentiore
358 1291 546 1375 graecitate
564 1289 698 1375 saepius
713 1288 883 1374 reperitur
895 1296 929 1351 et
947 1289 1041 1378 apud
1057 1296 1211 1355 nostr-nm
1231 1291 1480 1376 evangelistam

149 1394 252 1460 etiam
281 1403 371 1475 t‚t5.
399 1403 441 1461 30
465 1395 624 1459 habetur.
650 1396 764 1480 Neque
788 1400 879 1457 recte
891 1400 1007 1460 censet
1023 1398 1115 1461 lons.
1130 1419 1150 1461 a
1165 1398 1245 1484 syr.
1261 1396 1406 1463 alteram
1422 1419 1480 1463 er·

148 1501 354 1590 positionem
375 1524 446 1567 esse
470 1500 686 1586 adoptatam:
711 1499 763 1564 bis
784 1501 875 1565 enirn
899 1502 977 1589 syr.
996 1501 1115 1568 scribit
1137 1522 1146 1566 :
1168 1512 1229 1570 ἕπε
1252 1511 1481 1591 ςρπετενθὲτι

150 1626 235 1675 τεῡτε
250 1621 300 1676 τὶν
316 1615 510 1685 διδάσκαλε-ι,
537 1612 569 1669 et
586 1605 667 1671 odio
689 1606 812 1672 haberi
836 1629 904 1672 non
925 1608 968 1672 sit
984 1608 1079 1673 robis
1107 1608 1287 1675 molestum
1307 1621 1380 1694 {pet
1394 1628 1480 1679 ταῦτα

148 1722 409 1802 effundite,
426 1720 459 1776 et
471 1710 574 1777 Erret.
594 1712 663 1778 :sit
679 1714 774 1778 robis
788 1714 824 1779 in
838 1713 1108 1779 consolationem
1118 1725 1176 1800 τρὶ
1192 1725 1273 1797 ὑμῶν
1285 1726 1339 1800 ἐμὲ
1355 1727 1481 1801 μυηθῆ-

148 1845 212 1901 νιις
234 1820 406 1907 adquam
429 1820 662 1906 acceptionem
688 1822 793 1885 etiam
817 1820 978 1905 congruit
994 1819 1088 1908 quod
1113 1821 1228 1887 Noun.
1253 1821 1399 1914 Theoplr.
1415 1825 1480 1890 ha·

151 1926 257 1994 beni:
274 1936 391 2011 :prima
413 1936 465 2005 ἐμὲ
481 1925 561 1990 odit)
575 1925 761 1991 habebant.

195 2033 342 2098 Primam
356 2031 472 2120 itaque
486 2032 745 2098 confortationis
754 2034 921 2098 rationem
938 2033 1021 2121 petit
1034 2055 1054 2097 a
1068 2055 1131 2098 suo
1147 2034 1304 2124 exemplo
1331 2037 1375 2102 cf.
1389 2045 1479 2115 ἵ.“ῖ;,

149 2146 304 2228 quaeest
324 2138 470 2225 grandis
497 2139 687 2205 consolatio
716 2138 813 2204 iustis
830 2137 875 2204 ad
894 2139 1029 2205 fortiter
1041 2139 1281 2207 sustinendum
1307 2144 1361 2227 ef.
1376 2144 1478 2209 ltebr.

152 2252 241 2313 123.
262 2254 276 2312 t
295 2250 384 2310 Petr.
401 2250 514 2315 2212:
532 2246 675 2310 alteram
699 2247 866 2311 rationem
883 2246 1142 2312 confortationis
1161 2246 1312 2313 desumit
1325 2272 1366 2314 ex
1379 2272 1481 2316 eausa

149 2353 220 2419 odii
243 2351 373 2425 „Thana
395 2355 486 2418 forts.
511 2355 606 2417 Patr.
625 2353 714 2418 Cori.
753 2376 784 2419 r.
811 2360 852 2419 ¹9
873 2354 904 2418 si
923 2352 966 2419 de
984 2352 1113 2419 mondo
1131 2355 1304 2441 fuissetis,
1329 2356 1481 2423 maridas·

150 2456 248 2548 quod
256 2480 357 2524 snum
378 2472 452 2523 ero!
471 2457 653 2547 ditificet:
670 2459 800 2545 gaudet
820 2481 971 2548 namque
988 2461 1091 2526 simili
1108 2461 1221 2528 simile
1235 2462 1385 2550 rErrtlrQfi
1406 2485 1482 2529 om·

151 2566 205 2632 nis
218 2587 299 2632 caro
319 2564 363 2630 ad
386 2566 534 2631 similem
554 2567 620 2631 sibi
634 2569 865 2652 coniungetur
878 2577 911 2630 et
926 2569 1039 2632 omnis
1055 2568 1158 2633 homo
1170 2569 1274 2635 simili
1296 2570 1350 2636 sui
1370 2570 1481 2636 socia·

150 2672 245 2738 bitur
260 2672 375 2759 (fecti.
401 2679 513 2738 13.19.
541 2679 594 2737 Ξθ.
627 2676 707 2761 Cyr.
732 2673 880 2757 Thorai:
898 2673 982 2762 qrrirr
999 2696 1075 2738 cero
1092 2672 1136 2739 de
1153 2673 1284 2740 arundo
1296 2698 1365 2741 non
1379 2677 1479 2757 estis,

149 2778 209 2845 sed
221 2801 285 2867 eqo
301 2779 393 2867 eleqi
419 2801 477 2844 cos
498 2778 541 2844 de
562 2780 710 2851 incendo.
728 2793 909 2869 propterea
924 2779 998 2844 odit
1012 2802 1068 2845 cor
1080 2779 1249 2863 mrmdrrs;
1264 2812 1281 2841 «ι
1298 2782 1481 2849 artificiose
1573 2855 1580 2863 ,

149 2886 252 2975 plane
270 2885 384 2951 reddit
412 2886 549 2951 facilem
575 2909 647 2952 rern
668 2886 823 2952 omnium
845 2887 947 2972 longe
966 2887 1202 2973 gravissimam
1222 2910 1331 2978 eoque
1343 2896 1482 2979 praeter

147 3015 244 3083 spem
260 2992 425 3059 oblectari
448 2994 544 3063 facit.
563 2993 657 3081 quod
682 3016 749 3059 non
771 2993 978 3060 mediocrem
1000 2995 1189 3061 molestiam
1203 2997 1277 3062 iure
1292 2996 1480 3062 allaturum

149 3100 332 3166 videbatur
356 3132 370 3155 »ι
394 3103 487 3186 syr.
510 3155 517 3165 .
536 3105 625 3186 Ergo
648 3124 717 3167 non
735 3099 924 3166 dolendum
948 3107 997 3166 est
1010 3099 1053 3166 de
1068 3100 1147 3167 odio
1161 3102 1301 3181 mundi,
1315 3102 1375 3169 sed
1389 3124 1480 3189 gau-

148 3205 317 3276 dendum.
337 3207 418 3295 quia
443 3209 508 3273 isto
529 3206 609 3273 odio
629 3213 760 3273 constat
780 3229 839 3271 eos
859 3229 925 3271 non
941 3228 1011 3272 esse
1026 3206 1070 3271 de
1091 3206 1242 3285 mundo;
1259 3229 1343 3295 ergo
1359 3208 1479 3276 odium

149 3313 241 3378 istud
255 3313 440 3378 annuntiat
458 3313 655 3379 felicitatem
678 3322 710 3379 et
734 3313 821 3378 sicut
845 3312 964 3378 laetari
986 3321 1120 3401 oportet
1139 3314 1232 3402 quod
1252 3322 1333 3381 sunt
1347 3315 1480 3382 electie

150 3418 297 3489 mundo.
313 3421 362 3485 ita
374 3441 513 3508 quoque
527 3418 571 3484 de
585 3419 643 3485 illo
658 3419 739 3485 odio
754 3427 804 3486 est
818 3418 1053 3505 gaudendum.
1074 3419 1226 3487 Christus
1241 3443 1300 3487 eos
1315 3420 1423 3508 elegit
1436 3421 1479 3487 de

150 3524 278 3591 mundo
293 3555 309 3584 «
328 3547 406 3592 cum
426 3548 486 3592 ros
498 3550 518 3591 a
543 3527 642 3592 malis
663 3525 863 3591 hominibus
880 3525 1061 3615 perfidem
1082 3527 1190 3612 elegi,
1207 3549 1269 3616 per
1287 3529 1377 3593 ritae
1395 3551 1481 3617 quo

148 3652 217 3719 que
239 3633 453 3698 sanctitatem
478 3633 523 3699 ab
547 3632 665 3698 iisdem
691 3633 871 3718 segregari
901 3662 918 3691 o
940 3630 1080 3698 Jteod.
1106 3632 1258 3705 heracl:
1279 3633 1356 3700 sim.
1384 3634 1476 3702 Cori.

147 3735 251 3826 Sctq.
276 3739 409 3827 Sclzgr:
435 3739 483 3805 ita
507 3740 609 3804 simul
633 3739 764 3804 indicat
787 3761 846 3804 eos
869 3760 937 3804 non
960 3739 1030 3804 suis
1053 3740 1184 3805 meritis
1205 3747 1265 3807 aut
1287 3762 1351 3806 sua
1373 3763 1479 3831 opera

148 3843 258 3911 luisse·
273 3846 458 3912 subductos
482 3870 501 3911 c
525 3846 671 3915 mundo.
698 3846 756 3912 sed
782 3847 903 3913 Christi
923 3846 1091 3912 electione
1115 3868 1155 3912 ac
1176 3847 1302 3933 gratia.
1325 3849 1426 3914 Proin
1441 3849 1479 3914 in

147 3957 314 4038 quantum
333 3953 416 4019 lraec
432 3954 555 4019 electio
570 3959 604 4017 et
622 3954 732 4039 gratia
748 3959 797 4019 cst
817 3952 937 4038 magni
957 3952 1129 4031 facienda,
1147 3953 1183 4019 in
1199 3960 1332 4021 tantum
1345 3962 1478 4043 oportet

147 4056 264 4125 odium
287 4058 375 4126 illud
396 4060 515 4126 mundi
536 4069 757 4126 contemnere
774 4081 813 4124 ac
836 4060 937 4147 plane
956 4058 1056 4124 nihili
1075 4061 1187 4126 facere
1203 4060 1260 4147 pel.
1276 4062 1393 4143 fons„
1413 4066 1481 4128 Cur

148 4172 262 4232 autem
278 4167 427 4232 mundus
441 4166 522 4232 odio
543 4165 668 4232 habeat
684 4166 801 4237 iustos.
817 4173 886 4230 tres
900 4167 1050 4230 rationes
1067 4168 1092 4230 Τ
1090 4163 1180 4231 honi.
1197 4166 1296 4233 affert
1313 4188 1321 4231 :
1339 4176 1481 4258 propter

148 4271 379 4339 diversitatem
404 4273 624 4351 conditionis,
651 4280 793 4362 propter
807 4272 1058 4361 displicentiam
1079 4272 1320 4355 correctionis,
1338 4282 1481 4364 propter

149 4378 362 4467 iniquitatem
378 4379 632 4460 aemulationiS,
648 4403 716 4468 qua
733 4380 814 4446 mali
829 4379 981 4445 invident
998 4379 1080 4444 viris
1093 4380 1205 4446 iustis.

195 4488 344 4575 Explicat
354 4487 426 4574 ipse
440 4487 592 4553 Christus
604 4488 753 4574 priorem
765 4508 869 4576 quarn
885 4485 1000 4552 attulit
1012 4487 1180 4552 rationem
1193 4494 1226 4552 et
1241 4509 1376 4554 causam
1392 4487 1476 4568 odii,

148 4613 237 4680 quac
256 4618 296 4660 ex
322 4593 430 4682 ipsius
455 4593 611 4681 exemplo
633 4593 836 4682 deprompta
850 4601 923 4658 erat
943 4592 1106 4678 {Thomfg
1130 4593 1177 4659 ita
1194 4616 1249 4660 eos
1263 4594 1388 4661 iterum
1404 4617 1480 4684 pro

149 4707 247 4765 vocat
265 4700 309 4766 ad
335 4722 436 4766 suum
450 4700 645 4789 exemplum
661 4699 950 4766 considerandum
976 4701 1097 4785 plores,
1124 4707 1157 4765 et
1176 4699 1263 4766 illud
1282 4701 1401 4768 scitote
1420 4703 1480 4768 de-

148 4806 258 4872 clarat
285 4805 397 4887 seltz.)
413 4830 445 4870 r.
461 4813 502 4872 20
519 4819 719 4873 nrorrientote
731 4807 896 4872 scrinariis
911 4806 979 4870 mei
986 4828 1088 4893 quem
1101 4830 1165 4894 eqo
1180 4805 1258 4871 diri
1278 4807 1371 4874 cobis
1383 4831 1397 4874 .·
1409 4831 1478 4874 nort

149 4926 198 4979 est
211 4934 328 4980 cerrus
347 4912 459 4977 oraim·
479 4912 617 4979 (fornico
636 4934 716 4993 srco;
737 4913 815 4978 vide
838 4920 952 4991 tw:
974 4913 1004 4976 si
1027 4936 1080 4977 me
1095 4915 1267 5001 persecreti
1281 4929 1361 4980 scrut
1375 4929 1407 4981 ct
1423 4938 1479 4981 cos
