4050 5648
40 620 152 731 [ξῖ
201 710 204 715 ,
268 660 387 708 veram
404 623 564 722 naturam
585 639 620 702 et
640 631 793 703 indolem
811 633 937 705 habeat
953 657 1042 729 quae
1057 634 1089 700 ei
1106 635 1237 702 nomini
1250 637 1444 720 conveniat,
1461 634 1522 726 qui
1536 657 1591 701 re-

183 735 186 740 ’
267 768 350 815 vera
360 746 546 817 descendat
557 742 601 829 de
614 741 727 829 coelo,
744 743 787 810 de
803 743 927 812 throno
943 744 1002 814 Dei
1017 741 1162 830 ideoque
1176 764 1256 810 vere
1272 742 1315 810 sit
1328 744 1425 830 panis
1441 743 1589 819 divinus,

40 858 45 867 '
71 833 92 846 ι
269 854 422 946 quivere
435 853 481 920 ad
499 849 605 915 vitam
628 854 802 918 aeternam
822 848 953 918 reficiat
977 846 1100 940 (Ala).
1116 852 1238 915 Verum
1258 850 1373 939 itaque
1392 871 1517 937 panem
1532 870 1593 915 no-

269 962 380 1030 minat
393 960 436 1027 de
452 954 562 1038 coelo,
582 961 621 1023 ut
634 962 788 1048 opponat
800 954 899 1024 alteri
912 956 1129 1049 imperfecto,
1147 955 1208 1044 qui
1228 955 1327 1023 valde
1346 955 1534 1043 improprie
1549 955 1592 1020 de

140 1152 144 1161 Ι
269 1068 367 1136 coelo
385 1062 512 1131 dicitur
532 1061 671 1154 (lans.);
688 1065 747 1132 hic
767 1083 844 1131 aere
862 1059 921 1154 es't·
929 1064 973 1132 de
996 1062 1109 1143 coelo,
1129 1083 1254 1130 manua
1273 1063 1383 1130 solum
1403 1066 1505 1150 typus
1520 1066 1594 1128 erat

226 1229 229 1238 .
269 1174 362 1265 (Otr.
385 1168 518 1260 Eucti).
540 1176 580 1238 Et
601 1169 707 1238 talem
730 1189 856 1261 panem
879 1191 1000 1238 verum
1024 1191 1095 1236 non
1112 1168 1245 1238 dedisse
1260 1173 1394 1256 Moysen
1409 1166 1535 1259 prohat
1554 1190 1593 1233 ex

267 1280 343 1368 ipsa
357 1276 586 1370 descriptione
609 1275 709 1366 panis
720 1278 792 1344 veri
808 1280 843 1343 et
856 1274 965 1344 divini
979 1299 1013 1344 v.
1031 1283 1073 1344 33
1087 1276 1194 1368 panis
1214 1273 1305 1343 euim
1326 1275 1389 1341 Dei
1407 1288 1455 1342 est
1475 1271 1593 1366 quide

48 1436 52 1443 ⁴
67 1374 105 1482 ‘Ji
118 1364 128 1460 Ι,·
268 1381 360 1451 coelo
380 1381 554 1453 descerudit
573 1394 607 1451 et
621 1379 682 1449 dat
694 1381 801 1450 citam
819 1380 949 1450 mundo
978 1392 1191 1452 amaseam
1206 1387 1257 1450 est
1269 1379 1460 1449 subiectum
1477 1402 1592 1467 gram-

222 1548 225 1552 .
268 1490 426 1560 maticole
439 1515 453 1559 v:
473 1490 573 1582 panis
598 1488 641 1565 de
665 1489 760 1557 coelo
777 1489 1027 1558 descendens...
1053 1496 1102 1557 est
1125 1490 1225 1581 ponis
1243 1488 1317 1569 Dei3
1341 1486 1442 1578 proin
1458 1492 1495 1552 ut
1515 1509 1593 1553 vere

266 1598 310 1665 sit
332 1598 749 1688 panisttei,quem1)eus
774 1595 850 1681 dat,
872 1596 1063 1688 requiritur
1081 1601 1120 1663 ut
1139 1596 1182 1664 de
1201 1595 1315 1678 coelo,
1331 1595 1374 1663 de
1395 1593 1520 1662 throno
1535 1594 1594 1660 Dei

267 1702 451 1772 descendat
473 1706 508 1769 et
528 1702 634 1770 vitam
660 1698 719 1767 det
740 1703 884 1787 mundo,
902 1725 972 1771 non
998 1703 1060 1770 uni
1078 1703 1191 1789 genti,
1205 1708 1240 1769 et
1253 1703 1358 1768 vitam
1372 1722 1443 1768 non
1459 1705 1594 1789 tempo-

268 1811 393 1893 ralem,
412 1807 470 1876 sed
488 1807 702 1898 spiritualem
722 1812 909 1877 aeternam.
926 1809 1022 1878 Hisce
1040 1809 1158 1898 itaque
1181 1828 1286 1898 quam
1305 1807 1453 1874 maxime
1469 1806 1593 1874 distin-

35 1998 37 2005 ,
61 1900 128 1917 ’
159 2016 162 2020 ι
268 1916 389 2005 guitur
401 1936 423 1982 a
437 1935 566 1982 manna
581 1915 648 2005 (οἱ.
660 1913 762 1982 nott.
781 1914 850 1982 Tol.
868 1918 959 1983 Iam.
985 1915 1059 1984 Coi.
1076 1913 1214 2004 Meta).

316 2021 526 2102 «Quomodo
546 2019 670 2090 mulier
688 2021 896 2089 samaritana
913 2021 993 2104 illa,
1017 2022 1072 2091 cui
1093 2021 1224 2089 dictum
1238 2029 1288 2089 est
1305 2044 1313 2087 ε
1331 2020 1393 2111 qui
1407 2018 1536 2087 biberit
1550 2019 1593 2084 de

271 2132 336 2197 hac
358 2150 465 2220 aqua,
488 2149 559 2195 non
578 2126 669 2195 sitiet
689 2150 860 2219 unquam,
884 2129 1050 2198 continuo
1072 2128 1133 2196 illa
1151 2127 1340 2196 secundum
1361 2148 1486 2217 corpus
1504 2125 1592 2193 aeci·

268 2236 383 2326 piens,
403 2233 464 2302 sed
484 2239 600 2302 tamen
625 2255 741 2301 carere
754 2234 947 2322 indigentia
960 2237 1095 2317 volens,
1109 2234 1156 2302 da
1169 2234 1271 2315 mihi,
1287 2233 1417 2323 inquit,
1433 2232 1592 2310 Domine,

269 2340 393 2410 dehac
411 2363 519 2433 aqua,
536 2338 584 2408 sic
604 2346 637 2407 et
655 2339 711 2407 isti
732 2367 748 2402 »
765 2341 870 2430 (Auq.
887 2341 971 2409 Bed.
991 2344 1077 2410 Bon.
1097 2342 1170 2411 cai.
1189 2345 1280 2408 lans.
1299 2340 1368 2409 Tol.
1393 2340 1474 2428 etc.)
1494 2363 1526 2404 v.
1552 2346 1593 2406 at

268 2448 432 2517 dionunt
451 2468 530 2537 erqo
545 2445 593 2515 ad
612 2469 690 2514 eum
704 2469 717 2513 .·
729 2447 1030 2540 Domine‚semper
1051 2447 1097 2516 da
1118 2448 1214 2535 nobis
1225 2470 1352 2540 panem
1366 2446 1476 2528 tunc;
1494 2446 1594 2513 intel-

269 2557 429 2623 lexerunt
453 2576 537 2643 ergo
559 2576 599 2621 ex
622 2575 656 2620 v.
679 2560 721 2622 32
744 2559 850 2624 Deum
875 2555 1039 2625 daturum
1064 2576 1188 2646 panem
1206 2555 1305 2623 illum
1326 2560 1517 2646 pertesum
1542 2551 1594 2619 vei

269 2662 389 2730 saltem
408 2660 446 2729 id
463 2659 612 2729 indicari
632 2683 654 2728 a
677 2665 761 2730 lesu.
782 2665 889 2740 Quare
907 2663 1024 2732 statim
1039 2662 1214 2752 postulant
1231 2669 1268 2730 ut
1277 2661 1335 2729 det
1348 2662 1452 2729 talem
1469 2681 1594 2751 panem

270 2790 409 2858 semper
422 2773 456 2835 et
473 2768 678 2857 profitentur
696 2790 736 2836 ea
757 2768 939 2858 largitione
957 2791 994 2838 se
1013 2769 1099 2838 velle
1121 2792 1308 2858 agnoscere
1329 2769 1465 2856 signum
1486 2765 1591 2846 illud3

273 2897 381 2965 quare
407 2879 568 2965 expetunt
591 2878 629 2940 ut
653 2873 712 2941 det
731 2896 858 2964 panem
875 2877 1000 2957 talem,
1020 2898 1108 2966 quae
1132 2876 1177 2944 sit
1194 2878 1326 2965 optimo
1338 2874 1591 2965 opportunitas,

270 3004 339 3072 qua
363 2983 431 3072 ipsi
447 2979 585 3048 videant
603 2988 638 3047 et
658 2979 802 3049 credant
818 2983 865 3072 (v.
881 2982 948 3074 30).
968 2987 1036 3050 Hoc
1054 2983 1163 3070 igitur
1178 2984 1449 3072 experimentum
1464 2979 1507 3046 de
1523 2984 1593 3045 lesu

269 3111 392 3181 capere
405 3088 535 3156 volunt.
551 3090 620 3154 lam
636 3093 729 3155 lesus
740 3088 891 3157 declarat
898 3090 1024 3180 panem
1036 3089 1134 3157 illum
1142 3092 1200 3156 Dei
1214 3090 1283 3156 iam
1293 3087 1362 3154 iltis
1375 3093 1509 3177 praesto
1524 3109 1593 3152 esse

267 3219 301 3263 v,
320 3203 362 3263 35
378 3193 469 3261 dicit
483 3205 600 3260 cutem
613 3193 661 3261 eis
675 3196 771 3262 Iesus
784 3216 798 3261 .·
810 3218 873 3285 eqo
884 3218 961 3263 sum
973 3197 1081 3288 ponis
1099 3196 1210 3282 vitae,·
1226 3195 1325 3285 proin
1339 3216 1374 3261 se
1384 3216 1456 3261 esse
1470 3215 1593 3283 panem

269 3304 313 3372 de
328 3302 423 3370 coelo
437 3322 575 3382 verum,
591 3321 718 3390 panem
732 3300 828 3369 illum
843 3302 902 3370 Dei
920 3325 953 3370 v.
971 3309 1027 3371 32.
1045 3310 1087 3372 33
1107 3302 1167 3393 qui
1181 3303 1285 3369 vitam
1299 3302 1358 3370 det
1372 3299 1514 3381 mundo,
1533 3300 1595 3389 qui

271 3409 366 3476 omit
378 3405 427 3474 ad
443 3429 497 3475 me
511 3429 582 3474 non
596 3407 723 3475 esuriet
736 3420 769 3475 et
783 3407 845 3500 qui
857 3409 968 3477 credit
983 3409 1022 3476 in
1035 3433 1089 3477 me
1103 3409 1463 3498 conciliasanctam
1478 3409 1593 3472 venire

270 3516 314 3584 ad
333 3536 419 3582 eum·
429 3520 479 3580 est
490 3513 629 3581 credere
639 3513 677 3580 in
691 3536 786 3597 eum3
801 3515 879 3583 talis
887 3516 1041 3607 possidet
1047 3517 1176 3584 iontem
1187 3514 1298 3582 omnis
1304 3514 1404 3594 boni3
1417 3513 1516 3604 proin
1527 3536 1592 3579 non

270 3623 342 3690 iam
359 3619 486 3690 esuriet
502 3642 616 3711 neque
635 3619 742 3700 sitiet3
759 3620 866 3690 habet
879 3644 958 3690 eum
974 3622 1035 3712 qui
1050 3645 1152 3690 omne
1169 3621 1376 3691 desiderium
1388 3622 1506 3702 satiet,
1523 3642 1594 3685 om-

269 3750 351 3796 nem
366 3724 501 3816 expleat
513 3724 741 3814 indigentiam
753 3727 809 3817 (ci.
826 3734 918 3811 t,13.
937 3729 1006 3819 tt),
1016 3730 1052 3796 in
1066 3752 1170 3819 quem
1183 3729 1298 3819 itaque
1314 3728 1407 3795 omni
1422 3726 1593 3793 desiderio

270 3836 380 3903 fertur
396 3837 431 3898 et
450 3854 470 3898 a
487 3855 555 3921 quo
574 3833 736 3901 continuo
758 3834 849 3902 bona
867 3835 993 3926 accipit
1013 3845 1047 3904 et
1064 3834 1292 3924 novogaudio
1306 3833 1468 3924 percipit;
1487 3856 1593 3923 quare

273 3964 312 4009 ex
330 3938 439 4008 altera
456 3942 552 4028 parte
575 3938 815 4008 etiam-verum
838 3949 889 4009 est
903 3942 997 4033 quod
1012 3942 1160 4009 habetur
1173 3942 1272 4010 Eccli.
1289 3946 1392 4023 2129
1412 3942 1472 4030 qui
1487 3940 1594 4014 edunt

272 4070 328 4116 me
342 4046 457 4114 adhuc
469 4045 618 4112 esurient
629 4051 663 4113 et
679 4045 740 4136 qui
749 4044 872 4115 bibunt
883 4069 938 4116 me
953 4049 1069 4117 adhuc
1083 4048 1210 4117 sitient.

317 4152 383 4221 Sed
405 4151 537 4219 ludaeis
558 4152 624 4218 hac
647 4151 770 4220 Christi
787 4152 1019 4224 declaratione
1042 4156 1182 4223 minime
1202 4155 1409 4223 satisfactum
1436 4159 1501 4231 est;
1525 4175 1593 4219 non

271 4259 404 4328 hebent
419 4257 513 4347 quod
536 4280 570 4325 v.
595 4264 638 4325 30
661 4259 894 4349 postularunt3
920 4262 1072 4331 Christus
1095 4269 1275 4354 propterea
1301 4261 1343 4327 iis
1363 4261 1485 4349 repetit
1502 4259 1590 4349 quod

272 4371 342 4435 iam
357 4387 390 4432 v.
408 4370 450 4430 26
464 4365 697 4433 insinuaverat
708 4388 740 4433 ν.
758 4373 800 4434 36
815 4367 877 4435 sed
888 4367 964 4436 dici
979 4370 1088 4456 eodm,
1111 4370 1195 4460 quia
1211 4381 1243 4435 et
1260 4366 1390 4434 vidistis
1409 4390 1462 4433 ene
1476 4380 1509 4433 et
1523 4390 1590 4432 nere

273 4471 424 4552 creditis,
440 4471 560 4538 referri
575 4474 641 4539 hoc
655 4471 732 4539 diei
746 4474 829 4543 adv.
847 4482 889 4542 26
905 4477 1028 4544 merito
1042 4481 1181 4543 censent
1195 4479 1281 4565 Eup.
1299 4477 1383 4540 Bon.
1401 4476 1491 4540 lans.
1511 4477 1588 4539 Bor.

273 4584 370 4648 Patr.
396 4576 486 4645 eorl.
514 4579 617 4669 Scdq.
643 4580 741 4647 Sctz.
766 4581 853 4668 Fil.;
870 4582 1031 4650 viderunt
1048 4582 1164 4669 signa,
1191 4580 1325 4649 uidistis
1346 4603 1398 4646 me
1425 4581 1447 4646 i.
1476 4603 1506 4646 e.
1532 4580 1590 4646 tali

273 4686 402 4754 visione
422 4705 491 4774 que
507 4707 547 4751 ex
562 4686 660 4754 iactis
680 4685 760 4776 ipsis
780 4693 814 4755 et
832 4690 988 4757 doctrine
1005 4689 1077 4757 eius
1091 4689 1172 4757 satis
1185 4689 1408 4757 advertebant
1422 4695 1455 4753 et
1469 4686 1590 4753 ariver-

273 4803 344 4860 tere
358 4792 530 4860 debebant
544 4814 622 4860 eum
643 4816 713 4863 esse
727 4795 795 4863 fide
806 4795 952 4885 dignum
972 4804 1006 4865 et
1029 4820 1049 4864 a
1070 4802 1136 4865 Deo
1156 4798 1294 4864 missum
1315 4795 1448 4881 (lanc).
1469 4800 1591 4862 Iterato

273 4902 322 4967 eis
343 4898 528 4988 exprobrat
540 4899 648 5003 animi
667 4905 927 4973 contumaciam.
951 4904 1040 4972 lllud
1060 4904 1143 4971 diei.
1161 4904 1218 4972 alii
1243 4902 1394 4969 referunt
1416 4901 1461 4967 ad
1488 4903 1591 4969 sortia
