4050 5648
827 563 830 566 -
846 538 929 585 rear.
942 524 1035 596 ⁴535.
1060 544 1062 548 “

272 676 349 763 post
362 678 511 764 quatuor
532 687 662 741 menses
683 672 732 733 est
749 670 953 761 colligenda.
977 679 1027 741 lte
1046 669 1149 754 longe
1170 666 1323 759 plerique
1338 677 1373 738 et
1385 682 1540 739 veterum
1560 673 1595 735 et

273 781 501 850 recentiorum
519 773 719 859 intelligunt
733 779 848 846 verba.
865 773 1097 847 Messisautem
1117 773 1346 865 peragebatur
1360 774 1596 868 inter'paschs

273 891 308 953 et
325 892 559 979 pentecostem
584 884 728 972 tempus
739 884 855 974 itaque
873 888 956 953 tunc
977 887 1051 952 erat
1064 881 1155 950 intra
1172 903 1305 950 menses
1318 884 1544 952 novembrem
1563 885 1598 948 et

274 994 492 1063 decembrem
507 987 569 1075 (ita
586 986 656 1056 iam
675 991 774 1058 Card.
793 993 909 1078 Haqc,
925 989 1057 1076 Patr.);
1073 987 1288 1057 decembrem
1306 990 1595 1076 assignantlaas.
1651 1024 1653 1028 >

276 1105 355 1169 Bar.
378 1096 481 1184 δαὴρ.
508 1093 605 1163 Scbz.
628 1097 693 1165 Fil.
712 1095 801 1164 Gorl.
831 1097 956 1181 Weiss,
978 1095 1072 1180 Kes‘l,·
1091 1095 1150 1163 alii
1173 1101 1308 1184 tempus
1328 1095 1450 1182 hiemis
1462 1095 1599 1188 (Pham.

278 1206 370 1292 Oai.)
381 1255 389 1282 ‚
402 1188 462 1268 alii
474 1200 671 1271 ianuarium
687 1201 773 1292 (Tol.
791 1205 875 1294 lap.
893 1202 1031 1291 datm).
1047 1201 1128 1269 lnde
1141 1203 1256 1293 itaque
1270 1199 1446 1288 colligitur
1458 1201 1601 1293 quando
1655 1194 1662 1208 “

276 1317 363 1379 lesus
373 1331 414 1374 ex
428 1308 553 1377 iudaea
564 1310 601 1376 in
616 1309 802 1377 Galilaeam
819 1309 1033 1401 postpascha
1048 1329 1201 1376 reversus
1213 1309 1271 1388 sit;
1285 1308 1388 1399 proin
1402 1309 1483 1375 satis
1494 1308 1600 1397 longo

274 1423 445 1505 tempore,
467 1439 488 1484 a
501 1417 661 1506 paschate
675 1436 781 1503 usque
794 1416 837 1483 ad
854 1436 1007 1487 mensem
1024 1413 1240 1483 decembrem
1256 1416 1294 1483 in
1308 1404 1435 1483 iudaea
1447 1420 1603 1482 versatus

273 1507 323 1589 est
338 1522 395 1612 (cl.
412 1524 520 1611 332).
543 1551 559 1585 «
573 1526 638 1589 Vos
649 1527 797 1611 quatuor
812 1543 942 1590 menses
959 1521 1164 1612 computatis
1176 1544 1285 1612 nsque
1299 1521 1346 1589 ad
1359 1541 1520 1603 messem3
1536 1541 1602 1608 ego

275 1628 491 1697 vobisaliam
500 1649 643 1694 messem
657 1626 773 1693 albam
785 1633 819 1694 et
829 1633 986 1718 paratam
996 1628 1139 1695 ostendo
1156 1656 1172 1689 ν
1185 1630 1286 1718 (Auq.
1296 1626 1416 1718 Bed.);
1434 1648 1513 1696 ecce
1526 1625 1602 1694 dico

275 1735 385 1821 uobis,
410 1735 524 1803 levate¹
538 1732 653 1800 oculos
672 1744 799 1800 vestros
811 1746 845 1801 et
864 1732 975 1818 videte
986 1735 1142 1823 regiones
1158 1733 1243 1824 qaia
1255 1732 1355 1801 albae
1367 1745 1449 1801 sunt
1460 1732 1533 1801 iam
1551 1730 1601 1800 ad

275 1863 417 1926 messem
430 1842 455 1907 i.
476 1863 507 1908 e.
525 1838 637 1907 videte
649 1838 812 1925 regiones
826 1841 897 1907 iem
910 1840 1008 1909 albas
1023 1862 1095 1907 esse
1107 1841 1152 1909 ad
1164 1861 1308 1908 messem
1323 1839 1386 1925 (ita
1400 1838 1534 1930 explica
1546 1842 1603 1920 τὰς

274 1951 378 2037 χώρας
402 1953 448 2016 ὅτι
468 1952 532 2014 etc.
555 1969 595 2013 ex
619 1951 702 2014 nota
722 1944 783 2013 illa
803 1947 1031 2037 attractione).
1054 1946 1346 2025 Quemadmodum
1364 1946 1501 2037 spicae,
1522 1966 1603 2014 cum
1705 2029 1707 2032 v

274 2052 374 2123 albae
388 2058 483 2133 sunt,
500 2050 570 2119 iam
590 2052 633 2119 sd
649 2073 791 2120 messem
800 2059 880 2120 sunt
894 2060 1050 2145 paratae,
1065 2053 1113 2122 sic
1125 2052 1329 2121 Samaritani
1343 2074 1426 2121 voce
1445 2050 1605 2120 mulieris

274 2159 411 2228 invitati
429 2158 475 2227 od
502 2158 605 2226 tidem
631 2159 701 2227 iam
724 2165 803 2227 sunt
824 2160 934 2251 parati
954 2164 989 2228 et
1007 2160 1137 2228 idonei.
1158 2165 1229 2227 lam
1257 2159 1539 2251 appropinquant
1558 2158 1605 2226 ad

274 2272 402 2349 lesum;
416 2288 524 2357 quare
536 2269 615 2357 apte
628 2264 755 2333 dieitur
772 2286 781 2334 :
795 2267 905 2334 levate
917 2267 1051 2349 oculos,
1070 2267 1183 2335 videte
1197 2266 1275 2334 illos
1289 2265 1453 2335 advenire
1468 2271 1503 2333 et
1515 2264 1599 2333 inde

274 2373 459 2465 perspicite
472 2374 561 2440 hanc
582 2372 759 2461 regionem
772 2395 841 2458 esse
860 2379 1018 2464 paratam
1033 2374 1078 2442 ad
1097 2395 1243 2462 regnum
1257 2372 1316 2441 Dei
1329 2371 1602 2463 suscipiendum.

275 2481 370 2549 Unde
385 2480 479 2549 haud
498 2479 671 2547 immerito
686 2478 765 2547 chr.
782 2479 867 2548 dicit
879 2480 1000 2548 oculos
1018 2480 1074 2547 hic
1086 2481 1209 2548 mentis
1221 2487 1254 2548 et
1267 2480 1421 2571 corporis
1433 2477 1601 2567 intelligi;

279 2615 295 2650 α
321 2609 404 2656 nem
432 2587 596 2656 videbant
622 2587 930 2656 Samaritanorum.
946 2589 1085 2656 turbam
1110 2587 1320 2669 venientem
1352 2586 1495 2656 illorum
1519 2607 1601 2654 vero

276 2700 472 2784 promptam
486 2694 698 2763 voluntatem
713 2695 871 2784 regiones
885 2695 983 2763 albas
994 2696 1148 2786 appellet
1164 2723 1180 2756 ν
1197 2695 1287 2785 (sim.
1307 2693 1456 2784 Tarm).

316 2889 412 2953 Pauci
428 2895 502 2951 sunt
516 2889 572 2968 qui
586 2891 685 2955 verba
695 2889 750 2951 ille
766 2908 774 2951 :
790 2890 892 2952 adhuc
908 2895 1044 2968 quatuor
1059 2908 1222 2953 menses...
1238 2888 1445 2970 proverbium
1462 2905 1534 2950 esse
1549 2904 1605 2949 ve·

274 2988 351 3062 lint,
368 3005 432 3068 quo
447 2988 553 3050 solum
571 2987 787 3051 enuntietura
801 2994 945 3050 semente
961 2988 1001 3049 ad
1021 2980 1160 3050 messem
1179 3006 1282 3067 usque
1297 3005 1367 3050 esse
1382 3004 1510 3049 menses
1526 3002 1605 3066 qua·

257 3089 349 3148 tuor
364 3087 385 3146 i.
401 3103 430 3147 e.
447 3085 522 3148 satis
542 3103 612 3148 esse
632 3086 785 3166 temporis
807 3092 844 3148 ut
857 3086 898 3148 de
918 3087 1025 3166 aliqua
1044 3105 1077 3149 re
1099 3087 1258 3167 cogitetur
1276 3084 1434 3158 facienda,
1452 3102 1490 3147 eo
1508 3085 1605 3165 plane

164 3168 170 3184 ’
273 3183 372 3246 modo
396 3201 459 3262 quc
482 3183 582 3245 latine
603 3183 721 3244 dicitur
743 3201 751 3244 :
772 3183 878 3245 adhuc
902 3201 994 3263 seges
1015 3185 1050 3244 in
1074 3185 1171 3246 herba
1196 3190 1245 3245 est
1263 3180 1374 3265 (Mold.
1395 3183 1469 3244 sim.
1493 3179 1603 3242 Wetst.

272 3280 418 3361 aliique).
433 3284 552 3342 Verum
569 3280 758 3342 enuntiandi
774 3282 889 3344 modus
903 3281 1072 3360 proverbio
1088 3288 1182 3360 aptus
1197 3299 1261 3344 non
1276 3272 1335 3343 est.
1345 3283 1430 3342 Nam
1445 3278 1549 3340 adbuc
1563 3277 1608 3339 ἔτι

273 3379 377 3440 solum
398 3385 525 3468 tempus
545 3378 623 3440 illud
639 3377 760 3440 indicat
777 3397 842 3459 quc
862 3380 939 3441 haec
954 3379 1050 3440 verba
1067 3378 1236 3453 dicuntum
1256 3396 1331 3459 ergo
1348 3379 1388 3440 ab
1404 3395 1442 3440 eo
1457 3382 1604 3456 tempore

273 3493 337 3555 quc
353 3475 529 3554 loquuntur
544 3493 645 3553 usque
662 3476 703 3537 ad
722 3492 861 3537 messem
881 3482 956 3537 sunt
975 3481 1112 3555 quatuor
1126 3493 1267 3547 mensem
1282 3493 1387 3554 neque
1406 3473 1508 3535 adhuc
1523 3480 1605 3536 tem·

93 3612 96 3621 ·
121 3594 125 3602 ·
168 3566 171 3570 ‘
274 3591 334 3654 pus
356 3573 510 3633 sementis
533 3577 639 3652 potest
660 3573 817 3647 indicare,
831 3577 864 3634 et
886 3579 1050 3652 praeterea
1071 3591 1090 3634 a
1111 3579 1254 3635 semente
1278 3572 1317 3634 ad
1340 3588 1482 3634 messem
1502 3588 1604 3651 usque

275 3675 349 3733 sunt
362 3671 470 3750 potius
483 3688 539 3732 sex
553 3687 693 3732 menses.
713 3670 815 3741 Quare
828 3670 1038 3750 proverbium
1046 3671 1079 3731 in
1094 3670 1159 3730 illis
1174 3670 1300 3749 agnosci
1312 3670 1437 3748 nequit.
1455 3671 1536 3749 Ergo
1551 3686 1606 3730 so·
1690 3684 1691 3687 ’

275 3767 344 3829 lum
360 3767 563 3846 relinquitur,
581 3772 617 3830 ut
630 3773 759 3848 tempus
773 3768 846 3830 anni
862 3768 1070 3848 exprimatur.
1520 3769 1527 3789 ⁸

315 3865 412 3927 Plane
429 3883 545 3927 novam
560 3867 802 3946 explicationem
816 3866 986 3945 proposuit
997 3863 1106 3924 Pcwer
1119 3866 1152 3925 in
1166 3865 1330 3944 periodico
1345 3865 1464 3926 Dublin
1476 3863 1606 3926 Review

276 3964 356 4025 ¹890
370 3980 481 4024 menso
501 3963 594 4042 aprili
610 3961 685 4042 (vol.
702 3965 741 4024 23
759 3981 791 4043 p.
805 3964 968 4043 351-367);
984 3962 1147 4042 τετράρηνος
1161 3964 1206 4023 ait
1221 3961 1466 4043 intelligendum
1479 3979 1548 4024 esse
1565 3961 1606 4023 de

276 4061 439 4122 frumento
457 4060 622 4138 quodiam
641 4065 732 4140 pert
748 4077 876 4122 menses
891 4061 1046 4130 creverit,
1062 4060 1106 4120 ita
1121 4066 1156 4122 ut
1174 4060 1287 4122 messis
1303 4060 1366 4122 iam
1381 4077 1481 4140 prope
1492 4059 1603 4134 adsit:

275 4177 331 4238 say
344 4176 384 4238 ye
400 4158 524 4221 nottho
538 4175 615 4238 crcp
631 4157 803 4238 isalready
818 4158 891 4219 tour
905 4158 1032 4220 months
1047 4157 1099 4218 old
1120 4159 1183 4220 and
1201 4159 1253 4220 the
1268 4158 1397 4219 harvest
1412 4158 1440 4219 is
1455 4158 1607 4236 coming?

275 4274 391 4340 vocem
415 4257 524 4335 itaque
549 4256 765 4334 accipiendam
790 4273 860 4318 esse
884 4255 967 4317 sicut
991 4279 1005 4310 «
1031 4256 1182 4317 trimense
1206 4257 1365 4332 triticum,
1386 4255 1436 4316 vel
1459 4255 1606 4316 tetransi-

275 4358 331 4416 ton
355 4373 387 4427 »;
412 4361 504 4433 negat
531 4355 712 4415 versionem
740 4354 891 4416 usitatam
920 4353 1069 4414 sustineri
1092 4371 1197 4431 posse.
1218 4357 1257 4414 At
1283 4352 1390 4433 graeci
1412 4353 1605 4431 interpretes

275 4451 398 4511 nullam
415 4453 447 4512 in
463 4469 500 4513 ea
516 4469 592 4512 voce
612 4450 833 4512 difficultatem
848 4451 969 4531 experti
990 4457 1079 4524 sunt;
1096 4451 1141 4510 ita
1157 4447 1230 4532 Cpr.
1245 4455 1337 4528 καιροῦ
1357 4447 1537 4528 δὲτεσσᾶρων
1553 4473 1605 4526 ρη-

276 4551 327 4606 νῶν
346 4549 567 4624 ieiunationum
588 4548 613 4609 Τ
613 4547 721 4630 keopll.
739 4553 753 4607 ὁ
769 4551 889 4628 θερισμὸς
909 4551 934 4607 lv
953 4553 986 4628 τῇ
1005 4549 1161 4630 τετραμήνῳ
1181 4548 1266 4629 ταύτῃ
1285 4546 1403 4628 ἔρχεται.
1420 4549 1514 4608 Recte
1534 4547 1605 4626 qul·

276 4635 352 4706 dein
367 4644 446 4705 dicit
457 4646 576 4724 Passer,
591 4663 701 4708 vocem
714 4647 875 4723 τετράμηνος
888 4666 951 4708 non
967 4663 1035 4706 esse
1051 4647 1303 4717 substantivum,
1320 4645 1375 4707 sed
1388 4645 1603 4718 adiectivum',

275 4759 387 4804 verum
402 4742 476 4803 inde
496 4746 640 4806 nondum
655 4744 802 4822 sequitur
813 4745 918 4806 solum
933 4753 1002 4809 σῖτος
1017 4761 1110 4822 posse
1122 4763 1158 4806 ac
1174 4746 1290 4806 debere
1304 4743 1467 4821 suppleri3
1483 4741 1604 4803 sufficit

275 4840 369 4920 χρόνος
383 4841 531 4919 supplere
544 4843 597 4919 (et.
613 4842 737 4904 Loheck
749 4842 789 4902 ad
803 4842 917 4922 Fhryn.
931 4861 962 4922 p.
975 4844 1045 4917 549,
1064 4841 1180 4923 Weiss).
1194 4845 1313 4904 Novam
1326 4840 1408 4902 hanc
1422 4840 1603 4919 explicandi

277 4938 438 5000 rationem
458 4940 662 5016 excogitavit,
680 4941 756 5020 quia
774 4940 842 5000 fieri
861 4959 925 5003 non
944 4956 1037 5020 posse
1058 4941 1119 5001 sibi
1140 4941 1312 5022 persuasit,
1329 4943 1365 5000 ut
1384 4939 1603 5017 metaphorice
