4116 5648
831 378 916 424 roas.
940 363 1058 434 iai-r.
1548 362 1607 424 ool

277 518 391 582 autem
423 514 572 582 narratio
593 509 740 577 aliorum
767 513 979 603 suppletur:
1005 517 1115 579 lesum
1144 515 1449 578 transtorrentem
1476 514 1609 582 Cedron

277 636 450 706 egressum
475 642 562 700 esso,
584 616 730 685 adfuisse
751 639 912 686 romanos
925 617 1061 700 milites,
1088 615 1283 698 tribunum,
1305 639 1383 685 cum
1405 624 1606 708 caperetur3
1680 655 1682 658 >

277 748 332 792 eos
358 727 499 794 laternis
524 731 558 791 et
582 724 715 791 facibus
737 724 840 793 luisse
865 725 1066 803 instruct0s;
1099 727 1235 789 Petrum
1258 722 1412 792 eduxisse
1436 724 1606 811 gladium,

276 853 410 899 servum
432 852 554 901 nomen
580 831 700 898 Malehi
718 830 897 913 habuissc;
915 838 1038 897 cuncta
1051 852 1141 919 quae
1159 830 1319 916 leguntur
1336 835 1468 913 18,t-9;
1487 830 1611 898 Christi

277 938 381 1007 verba
399 940 442 1007 de
464 937 568 1005 calice
586 960 607 1005 a
625 943 722 1005 Patre
742 938 809 1004 sibi
830 937 928 1019 dato,
953 941 1062 1004 lesum
1082 957 1154 1003 esse
1176 937 1340 1023 ligatum,
1360 935 1547 1004 adductum
1565 935 1610 1005 ad

276 1051 419 1126 Annam,
438 1051 600 1113 loannem
611 1066 748 1135 quoque
759 1051 914 1111 secutum
931 1065 1002 1109 esse
1019 1047 1146 1126 lesum,
1165 1042 1208 1109 ab
1221 1064 1261 1108 eo
1278 1047 1415 1109 Petrum
1431 1041 1610 1115 inductum

277 1151 312 1219 in
332 1153 458 1220 atrium
478 1157 512 1217 et
536 1150 581 1218 ab
600 1150 741 1218 ostiaria
759 1151 993 1241 exploratum
1014 1155 1120 1216 totam
1140 1143 1236 1215 illam
1258 1148 1350 1240 apud
1370 1154 1504 1216 Annam
1520 1171 1613 1217 soce.

278 1281 352 1325 rum
370 1257 518 1346 Caiphae
537 1256 796 1348 inquisitionem
817 1262 992 1338 18‚19-23;
1011 1256 1159 1346 primam
1182 1255 1272 1323 Petri
1300 1255 1521 1342 negationem
1541 1255 1611 1325 fao·

278 1374 345 1433 tam
359 1387 446 1445 esse,
467 1364 549 1431 dum
573 1369 662 1431 lesus
687 1376 773 1432 esset
792 1385 910 1430 eoram
933 1368 1048 1442 Anna3
1067 1361 1104 1429 id
1124 1362 1216 1453 quod
1235 1368 1347 1442 lano.
1365 1368 1483 1430 28-31.
1506 1367 1610 1430 3t-38

277 1478 448 1553 narratur,
466 1478 600 1538 Petrum
616 1493 637 1538 a
651 1478 798 1558 cognato
818 1471 936 1537 llalchi
954 1492 1025 1537 csse
1045 1470 1241 1536 convictum
1261 1468 1454 1546 mendacii,
1476 1491 1539 1537 cur
1555 1474 1616 1536 lu·

277 1576 354 1643 daei
364 1600 436 1644 non
450 1576 646 1644 introierint
657 1576 693 1642 in
708 1578 936 1666 praetorium
957 1597 1079 1643 eorum
1096 1598 1173 1643 eum
1187 1575 1294 1642 Pilato
1307 1575 1607 1666 expostulationes,

276 1683 486 1774 colloquium
506 1690 580 1751 lesu
597 1704 676 1751 cum
692 1682 814 1751 Pilato.
833 1683 1065 1769 Evangelistae
1085 1688 1201 1749 nostro
1217 1684 1349 1772 pariter
1367 1681 1511 1773 propria
1530 1670 1611 1750 sunt

276 1812 364 1878 quae
395 1794 753 1877 19,t-16na1·rantur,
781 1794 891 1856 iesum
919 1790 1022 1856 etiam
1042 1810 1179 1856 crucem
1202 1788 1391 1870 haiulasse;
1415 1787 1609 1856 narratione

278 1898 340 1964 hac
354 1919 546 1965 suusverus
561 1896 757 1984 assignatur
776 1895 1002 1983 flagellationi
1029 1895 1141 1977 locus,
1161 1919 1229 1986 qua
1254 1918 1332 1962 usus
1355 1903 1405 1962 est
1423 1895 1550 1962 Pilatus
1573 1900 1612 1963 ut

277 2003 321 2069 ad
338 2003 587 2071 miserationem
607 2004 742 2092 animos
766 2002 972 2070 ludaeorum
987 2003 1184 2083 inclinaret,
1206 2002 1289 2068 dum
1306 2002 1400 2091 apud
1416 2000 1612 2091 sinopticos

276 2110 384 2176 videri
408 2116 520 2200 posset
542 2098 619 2177 eam
637 2132 710 2176 esse
730 2109 897 2177 inllictam
917 2108 1087 2176 sententia
1102 2107 1272 2175 mortisia
1288 2112 1397 2175 lesum
1414 2108 1484 2175 iam
1504 2107 1609 2175 dieta.

277 2217 406 2283 Pariter
423 2217 563 2307 propria
586 2223 667 2284 sunt
687 2238 777 2305 quae
797 2217 994 2283 reseruntur
1006 2215 1048 2282 de
1065 2215 1165 2283 titulo
1180 2214 1291 2281 crucis
1306 2221 1481 2296 who-un,
1498 2215 1542 2283 de
1556 2223 1612 2282 tu-

278 2325 354 2391 nica
376 2324 588 2413 inconsutili,
615 2345 720 2414 quam
743 2323 898 2408 scindere
925 2322 1049 2390 milites
1068 2321 1249 2403 nolebant;
1274 2315 1364 2411 quae
1379 2321 1422 2389 de
1442 2328 1551 2389 matre
1567 2321 1612 2391 ad

277 2451 412 2496 crucem
436 2436 561 2512 stante,
584 2452 672 2520 quae
693 2452 796 2497 curae
816 2431 951 2496 loannis
967 2429 1233 2496 commendatur
1251 2428 1444 2507 habentur,
1468 2427 1612 2497 verbum

278 2537 418 2603 Christi:
435 2537 528 2618 sitio,
540 2543 815 2604 consummatum
827 2542 876 2603 est
888 2545 971 2602 etea
983 2554 1121 2625 quoque
1136 2556 1224 2623 quae
1243 2540 1403 2614 laur-37
1421 2534 1609 2618 habentur3

278 2646 358 2711 item
373 2644 592 2711 Nicodemum
609 2646 701 2710 circa
718 2643 853 2709 Domini
873 2643 1086 2731 sepulturam
1107 2641 1211 2707 fuisse
1234 2640 1319 2708 adeo
1338 2641 1524 2710 sollicitum
1543 2646 1610 2710 ete.

278 2789 322 2800 —
335 2755 378 2817 Ex
395 2751 520 2839 quibus
543 2751 622 2817 satis
642 2757 789 2840 apparet
811 2754 973 2816 loannem
993 2754 1221 2838 spectatorem
1240 2754 1275 2814 et
1300 2753 1421 2814 testem
1446 2746 1611 2837 passionis

279 2858 368 2924 hanc
382 2879 520 2947 quoque
535 2857 768 2924 narrationem
783 2856 932 2923 aliorum
947 2855 1092 2921 voluisse
1110 2853 1285 2922 illustrare
1298 2859 1332 2921 et
1345 2852 1519 2945 supplere.

710 3070 736 3141 ο)
755 3074 852 3125 Iesus
867 3072 1004 3136 capitur
1026 3071 1173 3137 18,1-12.

318 3272 387 3329 l8,l.
402 3270 478 3321 Haec
488 3283 574 3334 quum
585 3271 702 3321 dixisset
714 3271 808 3332 lesus,
823 3281 920 3333 egres·
942 3271 945 3307 ¹
1005 3268 1075 3328 18,l.
1100 3265 1187 3319 Ταῦτα
1211 3262 1287 3317 εἰπὼν
1313 3262 1411 3331 Ἰησοῦς
1437 3262 1539 3331 ἐξῆλθεν
1567 3266 1609 3319 σὺν

277 3374 326 3411 sus
340 3366 383 3410 est
399 3372 463 3410 cum
476 3360 620 3423 discipulis
633 3361 693 3410 auis
712 3364 791 3410 trans
809 3365 918 3409 torrcn·
965 3359 1018 3415 τοῖς
1041 3354 1168 3421 μαθηταῖς
1194 3351 1270 3406 αὐτοῦ
1297 3354 1374 3424 πέραν
1402 3357 1446 3407 τοῦ
1475 3350 1611 3427 penditio

279 3456 335 3499 tem
356 3448 481 3509 Cedron,
502 3448 550 3499 ubi
573 3452 633 3499 erat
652 3449 765 3509 hortus,
784 3449 813 3497 ln
837 3461 922 3512 quam
966 3447 1016 3495 τῶν
1035 3441 1149 3512 Κέδρων,
1175 3443 1234 3495 ὅπου
1253 3437 1284 3509 ἣν
1310 3446 1402 3512 κῆπος,
1423 3441 1457 3505 εἰς
1479 3445 1508 3495 ὃν
1529 3441 1610 3510 aicit·

280 3538 404 3588 introlvit
418 3539 479 3601 ipse
492 3545 520 3589 et
533 3537 662 3601 discipuli
673 3539 744 3588 eius.
762 3537 788 3586 t.
807 3537 923 3587 Solebat
965 3533 1008 3584 θεν
1024 3530 1097 3593 αὐτὸς
1115 3531 1158 3584 aci
1183 3531 1208 3583 ot
1227 3533 1336 3602 μαθηταὶ
1355 3531 1443 3589 αὺτοῦ.
1465 3535 1492 3588 2.
1513 3532 1567 3605 flou
1585 3530 1612 3586 ti

281 3630 375 3677 autem
385 3633 414 3677 et
424 3627 507 3677 ludas
517 3628 565 3690 qui
577 3627 704 3677 tradebat
718 3639 794 3687 eum,
809 3627 920 3677 locum:
964 3620 1006 3672 καὶ
1027 3619 1122 3682 Ἰούδας
1128 3621 1167 3688 ,t
1182 3621 1330 3691 παροδιδο1ς
1348 3620 1438 3689 αὖτδν,
1456 3621 1501 3675 τὸν
1519 3622 1607 3675 τόκον·

278 3718 344 3778 quia
370 3715 530 3779 lrequenter
552 3714 632 3766 lesus
659 3723 831 3768 convenerat
853 3715 923 3765 illuc
964 3711 1003 3763 tin
1028 3709 1149 3772 πολλάκις
1175 3711 1321 3783 arripiat
1348 3711 1445 3778 Ἰησοῦς
1471 3709 1534 3780 μετὰ
1561 3716 1611 3765 τῶν

266 3801 340 3855 'cum
358 3804 502 3868 discipulis
513 3807 581 3855 suis.
603 3805 628 3855 3.
649 3804 733 3855 iudas
748 3816 818 3868 ergo
831 3817 917 3868 quum
965 3801 1084 3870 μαθητῶν
1106 3797 1181 3852 αὺτοῦ
1200 3799 1261 3859 ἐκεῖ.
1284 3803 1309 3853 3.
1326 3794 1399 3852 toti
1418 3798 1513 3862 Ἰούδας
1526 3799 1612 3854 moos

280 3895 433 3957 accepisset
452 3894 610 3953 cohortem,
624 3897 652 3943 et
667 3906 684 3942 a
699 3892 878 3957 pontificibus
892 3898 920 3943 et
964 3887 1009 3954 τήν
1029 3889 1149 3958 σπεῖρον,
1167 3887 1212 3940 acl
1231 3887 1258 3942 ta
1277 3894 1329 3941 τῶν
1349 3887 1487 3960 ἀρχιερέων
1507 3888 1611 3943 καὶτῶν

279 3983 434 4045 pharisaeis
447 3984 602 4042 ministros,
622 3983 699 4032 venit
717 3982 785 4031 illuc
799 3995 863 4032 cum
878 3983 921 4031 la·
941 3964 944 4061 1
964 3977 1106 4047 Φαρισαίων
1129 3977 1264 4047 iuppiter,
1285 3977 1385 4047 ἔρχεται
1409 3975 1466 4031 1κεῖ
1477 3975 1539 4049 μετὰ
1562 3998 1610 4050 pa·

281 4073 366 4122 ternis
376 4078 404 4122 et
419 4071 525 4121 lacibus
540 4077 568 4122 ct
582 4073 676 4121 armis.
691 4071 715 4120 1.
730 4071 809 4121 lesus
824 4072 921 4135 ltaque
941 4071 944 4131 1
964 4072 1013 4118 νῶν
1033 4066 1075 4118 καί
1086 4064 1227 4136 λαμπάδων
1242 4065 1285 4117 καὶ
1298 4066 1395 4122 ὅπλων.
1414 4070 1439 4121 l.
1457 4064 1552 4134 Ἰησοῦς
1562 4061 1607 4120 οὖν

279 4161 372 4210 sciens
390 4163 485 4210 omnia
503 4173 575 4224 quae
596 4166 717 4211 ventura
734 4165 816 4210 erant
832 4173 918 4223 super
941 4137 944 4215 1
964 4153 1034 4215 εἰδὼς
1053 4154 1133 4208 πάντα
1151 4153 1181 4208 τὰ
1200 4152 1325 4226 ἐρχόμενοι
1340 4153 1383 4208 ἐπ’
1401 4154 1487 4223 atros,
1503 4154 1604 4223 ἰξῆλθον

280 4263 358 4308 crint,
373 4251 523 4312 prooessit,
539 4254 567 4301 et
581 4250 650 4301 dixit
659 4251 701 4301 ois
714 4266 720 4298 ;
735 4248 825 4308 Quem
836 4262 920 4311 quae·
963 4243 1005 4296 acl
1022 4243 1091 4313 λέγει
1109 4242 1204 4312 αὐτοῖς,
1220 4243 1280 4296 itia
1294 4245 1410 4314 (nerim
1431 4251 1457 4300 5.
1472 4243 1607 4315 ἀποκρίθη-

280 4339 356 4388 ritis'?
372 4340 399 4388 5.
420 4338 634 4402 Responderunt
653 4341 679 4390 ei
695 4352 702 4387 ε
721 4338 813 4389 lesum
829 4337 920 4387 Naza-
963 4352 1008 4385 σαν
1036 4332 1117 4404 cirri»,
1150 4331 1249 4400 Ἰησοῦν
1278 4333 1321 4386 τὀν
1353 4332 1511 4404 Ναζωραῖον.
1542 4332 1610 4405 λέγει

281 4439 388 4476 renum.
404 4428 476 4478 Dicit
486 4428 527 4478 cls
543 4427 620 4476 lesus
636 4441 642 4474 :
661 4427 720 4491 Ego
733 4441 806 4478 sum.
822 4426 920 4476 Stabat
963 4421 1065 4488 αὐτοῖς,
1090 4420 1159 4492 Ἐγώ
1185 4422 1235 4492 εἰμι
1258 4419 1368 4491 Ἰησοῦς,
1390 4424 1496 4490 εἱστήκει
1522 4418 1551 4477 at
1569 4425 1611 4476 καὶ

282 4521 417 4566 autemst
438 4516 533 4575 iudas,
550 4518 598 4580 qui
617 4516 745 4566 tradebat
759 4529 839 4575 eum,
855 4528 918 4564 curn
941 4544 943 4569 2
967 4509 1059 4575 Ἰούδας
1078 4510 1092 4564 t
1115 4511 1263 4581 παραδιδοὺς
1288 4510 1363 4564 αὑτὸν
1390 4510 1450 4583 μετ’
1469 4511 1559 4569 αὑτῶν.
1582 4517 1607 4569 6.

281 4605 359 4665 ipsis.
385 4605 411 4654 o.
438 4606 475 4656 Ut
500 4616 568 4668 ergo
589 4603 658 4653 dixit
677 4607 742 4654 eis:
764 4605 824 4669 Ego
838 4617 918 4662 sum,
941 4601 995 4663 ἓὼς
1014 4596 1059 4654 οὖν
1092 4599 1162 4653 εἶπεν
1191 4599 1292 4668 αὐτοῖς,
1321 4599 1373 4670 ἐγώ
1401 4599 1466 4673 εἰμι,
1491 4600 1605 4668 ἀπῆλθαν

282 4692 410 4743 abierunt
422 4698 584 4754 retrorsum,
600 4695 629 4744 et
642 4693 803 4743 ceciderunt
818 4695 846 4743 in
866 4701 919 4743 tcr-
941 4670 944 4755 1
963 4689 996 4751 εἰς
1014 4690 1043 4741 τὰ
1069 4688 1164 4758 orrico,
1182 4689 1224 4742 nai
1250 4689 1339 4743 ἔπεσαν
1368 4691 1459 4762 papati.
1488 4694 1513 4744 7.
1534 4689 1608 4744 πάλιν

285 4794 354 4832 ram.
372 4782 399 4832 7.
425 4782 528 4833 lterum
553 4796 621 4847 ergo
642 4784 826 4846 interrogarit
843 4795 893 4834 cos
912 4797 918 4830 :
940 4758 1007 4843 1οὖν
1031 4778 1191 4850 ἐπηρώτησεν
1211 4777 1307 4840 atrahe
1332 4781 1392 4834 Τίνα
1410 4782 1522 4848 (ataias,
1542 4778 1611 4833 οἱδὶ
