4050 5648
712 524 716 531 '
785 480 1049 597 manath-dl(

244 695 372 742 manua
387 677 558 744 advitam
575 671 665 737 hanc
685 675 867 757 tuendam,
884 695 996 765 neque
1015 675 1130 737 tamen
1150 670 1198 736 ita
1216 690 1291 737 eam
1310 676 1444 761 poterat
1463 673 1569 752 tueri,

20 762 30 808 ¹³
244 787 281 847 ut
304 804 325 849 a
348 788 458 850 morte
491 786 768 865 praeservaretur
792 781 890 868 (Rup.
921 779 993 848 Coi.
1023 776 1094 845 Tol.
1128 774 1271 864 Mold.);
1289 776 1391 846 aliter
1415 779 1457 846 de
1471 799 1571 868 pane

244 889 334 957 vitae
354 909 361 956 :
378 910 411 954 v.
430 892 473 951 50
488 881 543 948 ln'c
558 898 607 951 est
619 887 725 976 panis
739 884 781 952 dc
795 885 886 953 coelo
901 881 1121 968 desomdens,
1135 894 1174 949 ut
1187 880 1218 947 si
1237 884 1314 971 quis
1329 907 1372 952 ea
1387 885 1460 977 ipso
1474 907 1572 951 man-

244 991 419 1063 ducaverit
434 1011 504 1056 non
518 991 689 1066 moriatur
703 994 788 1070 οὗτός
801 999 876 1061 ἐστιν
892 1003 907 1062 ὁ
920 999 1010 1080 ἄρτος
1023 991 1046 1059 i.
1065 1013 1095 1058 e.
1110 990 1199 1070 talis,
1214 987 1381 1056 eiusmodi
1397 998 1446 1058 est
1461 993 1569 1082 panis,

25 1056 39 1077 'v
58 1076 91 1193 f}
105 1081 114 1154 Ᾰ
164 1131 165 1134 “
244 1106 281 1170 ut
301 1102 329 1166 si
353 1097 430 1186 quis
454 1118 493 1163 ex
512 1120 552 1165 eo
573 1097 833 1165 manducaverit
858 1120 927 1165 non
956 1095 1124 1165 moriatur
1145 1093 1269 1186 (Mala.
1290 1095 1426 1185 Sclzz.);
1443 1097 1573 1187 duplici

242 1208 359 1292 itaque
373 1202 570 1271 discrimine
585 1201 684 1291 panis
699 1200 760 1269 iste'
777 1191 929 1292 praestat
941 1225 1024 1292 prae
1039 1225 1182 1285 monna;
1208 1201 1310 1268 datur
1323 1201 1367 1267 ad
1379 1203 1486 1270 vitam
1500 1203 1573 1271 ani-

28 1376 31 1386 „
53 1304 94 1396 Ξ
119 1391 121 1394 y
150 1304 160 1368 ζ
243 1331 319 1377 mae
340 1309 504 1377 tuendam
523 1314 557 1376 et
581 1308 687 1375 hahet
710 1309 747 1374 in
769 1331 803 1376 se
822 1312 891 1377 vim
913 1314 947 1376 et
963 1307 1165 1392 efficaciam,
1188 1308 1285 1375 hanc
1304 1307 1411 1374 vitam
1430 1310 1574 1377 reddere

30 1420 31 1424 ’
243 1417 499 1506 sempiternam.
524 1415 575 1480 Fit
594 1415 710 1504 itaque
730 1417 941 1506 comparatio
960 1415 996 1481 in
1020 1415 1154 1483 diverso
1175 1437 1304 1502 genere
1324 1415 1445 1481 mortis
1464 1419 1513 1498 et,
1537 1422 1574 1482 ut
1650 1404 1653 1415 '

20 1513 105 1615 '³373
122 1565 137 1604 μ
168 1583 169 1586 ,
244 1521 353 1590 Mala.
373 1531 501 1603 censet,
519 1521 569 1587 vis
583 1526 615 1586 et
628 1521 802 1608 elegantia
811 1529 882 1590 tota
891 1521 1042 1589 consistit
1052 1519 1144 1612 quod
1159 1543 1228 1587 non
1242 1521 1279 1587 in
1293 1522 1415 1589 eodem
1430 1544 1571 1609 genere,

242 1631 362 1698 sedin
388 1630 525 1695 minore
554 1628 753 1717 maioreque
780 1634 1032 1719 comparentur.
1055 1648 1182 1695 manna
1210 1648 1277 1693 non
1292 1629 1445 1717 ¹potuisse
1468 1629 1573 1695 vitam

224 1721 326 1803 [dare
346 1734 549 1823 corporibus
568 1733 661 1824 quod
681 1733 795 1802 minus
816 1741 905 1816 erat,
930 1756 1057 1824 panem
1079 1734 1172 1800 hunc
1193 1733 1303 1801 vitam
1321 1735 1425 1801 etiam
1450 1734 1575 1802 animis

20 1839 136 1927 a
199 1904 205 1914 ,
242 1841 325 1908 dare
350 1839 445 1929 quod
472 1840 580 1908 maius
598 1839 703 1928 longe
723 1846 784 1908 est.
807 1841 937 1931 Dicitur
955 1838 1161 1931 descendens
1182 1854 1220 1907 ut
1236 1838 1431 1907 declaretur
1449 1862 1575 1930 panem

163 1989 166 1992 -
190 1973 195 1982 ·
239 1947 335 2015 ¹hunc
357 1945 520 2014 continuo
539 1968 610 2014 esse
636 1954 770 2037 praesto
793 1943 1027 2027 credentibus,
1051 1947 1252 2037 neutiquam
1274 1954 1312 2013 ut
1335 1968 1462 2014 munna
1482 1946 1585 2043 quod¹

243 2053 355 2120 solum
370 2052 665 2121 commorantibus
677 2054 759 2120 olim
776 2054 814 2120 in
831 2053 965 2122 deserto
981 2051 1224 2144 praebebatur.

289 2166 359 2227 lam
376 2181 466 2249 quae
485 2158 576 2227 dicta
597 2165 678 2227 sunt
699 2161 742 2226 de
763 2160 827 2227 isto
847 2182 935 2250 pane
953 2159 1041 2226 vitae
1058 2164 1146 2226 lesus
1161 2159 1203 2226 de
1217 2181 1253 2226 se
1266 2161 1469 2249 pronuntiat
1480 2183 1512 2227 v.
1534 2168 1573 2228 51

245 2251 408 2355 eqo'sum
431 2265 535 2355 ponis
559 2266 655 2332 uicus
674 2266 736 2356 qui
760 2265 803 2333 de
822 2267 914 2333 coelo
930 2264 1120 2334 descendit
1139 2271 1270 2346 καταὸἀς
1286 2266 1359 2333 scil.
1382 2277 1397 2335 t
1417 2275 1524 2356 ἄρτος,
1541 2274 1577 2333 at

245 2371 373 2439 dicitur
396 2374 527 2439 ratione
555 2372 677 2440 habita
698 2395 864 2462 personae
884 2395 971 2462 quae
997 2370 1190 2455 descendit;
1219 2373 1316 2440 vivus
1340 2372 1384 2441 cl.
1413 2381 1504 2456 t,10.
1536 2381 1576 2442 lt

244 2478 351 2546 hahet
364 2479 402 2544 in
416 2500 451 2545 se
465 2478 571 2546 vitam
593 2479 808 2568 spiritualem
826 2479 920 2546 illam
936 2485 970 2546 et
983 2480 1243 2569 sempiternam
1261 2479 1361 2569 proin
1376 2502 1453 2547 eam
1473 2480 1577 2547 etiam

245 2586 500 2653 communicare
515 2591 640 2676 potest,
654 2587 747 2655 unde
760 2587 867 2677 panz's
881 2587 971 2654 vitoe
988 2588 1099 2675 magis
1111 2586 1319 2671 declaratur,
1336 2588 1380 2654 cl.
1398 2610 1431 2655 v.
1447 2594 1502 2656 33.
1520 2594 1574 2655 35.

244 2696 355 2758 tlonet
382 2693 460 2780 Cpr.
489 2694 662 2759 Christum
689 2693 838 2761 eundem
860 2715 1050 2761 sermonem
1071 2693 1203 2760 ludaeis
1227 2692 1363 2783 saepius
1386 2693 1575 2774 inculcare,

26 2802 80 2879 ,2
137 2821 146 2840 =
224 2815 318 2865 'esse
331 2798 404 2865 scil.
420 2798 536 2865 animo
550 2799 747 2867 contumaci
766 2805 801 2867 et
813 2802 984 2889 perfracto
1000 2798 1121 2866 crebra
1138 2820 1179 2866 ac
1194 2799 1578 2887 continuaamagistris

246 2903 446 2971 adhibenda
464 2904 628 2972 subsidia.
642 2908 725 2972 Cum
743 2907 860 2996 itaque
881 2905 924 2973 sit
939 2905 1047 2996 ponis
1062 2904 1169 2990 vivon,
1184 2927 1217 2972 v.
1235 2911 1278 2973 52
1297 2904 1328 2971 si
1342 2905 1421 2995 quis
1435 2905 1579 2972 mandu-

93 3013 96 3018 ’
135 3021 137 3025 ’
229 3010 373 3099 *caverit
396 3033 439 3078 ea
460 3011 523 3078 hoc
537 3034 648 3102 pone,
669 3013 757 3079 vivet
776 3012 813 3079 in
828 3025 1026 3099 aeternum,·
1044 3011 1123 3078 dein
1143 3033 1220 3079 cum
1235 3010 1339 3079 modo
1359 3034 1394 3079 se
1409 3013 1579 3080 vocaverit

230 3139 371 3206 xpanem
397 3118 530 3199 vivum,
554 3118 662 3186 aliam
687 3121 786 3209 panis
808 3120 977 3187 rationem
1002 3140 1095 3186 nunc
1109 3117 1272 3208 proponit
1284 3140 1387 3207 quem
1405 3118 1501 3187 dabit
1518 3142 1531 3186 .·
1546 3133 1579 3188 ec

243 3223 348 3314 ponis
363 3231 412 3292 καὶ
431 3235 446 3293 ὁ
464 3233 553 3314 ἄρτος
573 3234 604 3292 δὲ
622 3226 646 3291 i.
669 3250 698 3292 e.
721 3231 753 3292 et
767 3227 865 3316 panis
884 3248 965 3292 vero
981 3218 1043 3314 (cf,
1057 3225 1183 3314 Klotz,
1194 3224 1328 3291 Devarii
1342 3225 1386 3292 de
1401 3227 1579 3316 particulis

248 3335 276 3397 ll
292 3353 325 3420 p.
349 3329 427 3418 615)
448 3352 517 3419 quo
538 3331 640 3398 modo
654 3353 781 3418 graece
796 3332 958 3421 loquendi
965 3331 1073 3422 ponis
1087 3329 1243 3398 redditur
1255 3338 1374 3399 acutus
1395 3337 1429 3399 et
1449 3334 1578 3400 notioni

63 3477 66 3484 ,
164 3461 166 3464 ·
247 3434 470 3526 praecedenti
484 3437 701 3526 aliquatenus
718 3439 914 3529 opponitur,
931 3455 1032 3528 quem
1049 3459 1112 3527 eqo
1127 3426 1231 3524 dado,
1249 3460 1328 3505 coro
1348 3460 1424 3506 meo
1448 3452 1498 3506 est
1517 3461 1578 3528 pro

214 3573 217 3579 ·
248 3542 371 3609 mundi
383 3542 456 3609 vita
482 3543 504 3608 i.
526 3567 556 3609 e.
581 3566 661 3611 caro
682 3567 758 3611 mea
784 3566 872 3633 quae
896 3566 957 3634 pro
977 3543 1097 3611 mundi
1111 3543 1185 3611 vita
1205 3543 1308 3611 datur
1326 3544 1381 3612 vel
1397 3545 1512 3612 danda
1530 3553 1580 3612 cst

250 3649 308 3738 (cl.
327 3656 447 3732 ·11,51.
473 3655 545 3737 52);
571 3651 671 3740 proin
697 3651 769 3718 iam
795 3672 931 3718 carnem
946 3672 1050 3718 ¹suam
1071 3650 1115 3717 iri
1139 3650 1355 3718 oblatum'in
1375 3651 1577 3719 sacrificium

248 3754 399 3822 insinuat
413 3760 448 3822 et
463 3755 551 3823 hanc
565 3778 705 3824 carnem
723 3779 811 3846 quae
834 3757 935 3824 datur
951 3779 1015 3847 pro
1036 3756 1155 3823 mundi
1170 3756 1241 3824 vita
1254 3779 1290 3824 se
1309 3757 1469 3824 daturum
1482 3759 1580 3824 nobis

241 3860 287 3930 ,in
300 3859 417 3927 cibum
433 3864 599 3932 enuntiat.
624 3863 717 3930 Unde
732 3871 765 3931 et
778 3863 984 3931 sacrificium
1001 3862 1109 3946 crucis
1132 3869 1164 3929 et
1182 3862 1387 3930 eucharist-ia
1405 3864 1462 3931 hic
1482 3870 1579 3931 nota-

249 3973 319 4034 tur.
341 3970 449 4044 Quare
469 3968 505 4034 in
529 3969 595 4036 hac
620 3971 733 4059 prima
758 3971 929 4037 mentione
953 3967 1177 4037 eucharistiae
1202 3967 1326 4036 intima
1351 3969 1419 4036 iam
1441 3971 1581 4037 ellertur

250 4073 418 4141 habitudo
439 4097 528 4164 quae
548 4082 597 4142 est
617 4077 799 4143 inteream
822 4081 856 4142 et
877 4067 1085 4142 sacrificium
1107 4074 1231 4141 Christi
1250 4081 1443 4143 cruentum.
1468 4105 1484 4137 «
1507 4081 1579 4143 Non

250 4182 323 4247 sinc
333 4201 461 4267 magno
475 4184 636 4270 mysterio
656 4182 821 4272 passionis
835 4203 915 4248 suae
935 4182 1091 4248 meminit
1105 4180 1196 4248 hunc
1216 4182 1419 4271 promittens
1435 4206 1577 4272 panem,

250 4290 429 4355 nonenim
450 4310 528 4355 caro
547 4289 619 4355 eius
637 4289 674 4355 in
694 4288 812 4356 cibum
829 4289 931 4355 datur
945 4289 1012 4354 nisi
1028 4293 1104 4378 post
1119 4311 1216 4356 suam
1238 4295 1384 4356 mortem
1399 4295 1433 4356 et
1452 4298 1489 4356 ut
1507 4310 1579 4355 me-

252 4394 363 4461 moria
380 4394 552 4484 quaedam
575 4394 738 4484 passionis
758 4396 846 4478 eius,
863 4395 1020 4484 quamvis
1035 4395 1139 4484 paulo
1158 4401 1238 4461 ante
1256 4397 1448 4483 passionem
1467 4418 1578 4462 sacra-

251 4508 406 4570 mentum
428 4501 495 4568 hoc
515 4505 559 4568 sit
579 4502 772 4570 institutum
798 4531 814 4566 »
837 4502 954 4592 (rot).
971 4501 1111 4569 utillud
1126 4500 1213 4568 dabo
1231 4527 1247 4560 «
1269 4523 1390 4568 omnes
1401 4509 1532 4567 veteres
1547 4509 1580 4568 et

252 4596 336 4673 boni
354 4614 510 4676 auctores
525 4610 568 4676 de
586 4611 814 4676 eucharistiae
828 4616 1040 4677 sacramento
1058 4606 1208 4694 intelligi
1223 4609 1359 4688 volunt,
1381 4630 1401 4674 a
1418 4629 1488 4695 qua
1502 4630 1578 4675 sen-

251 4715 358 4780 tentia
378 4717 437 4803 qui
464 4715 659 4798 discedunt,
676 4716 704 4782 si
722 4715 885 4783 haeretici
907 4725 1001 4797 sunt,
1029 4714 1198 4801 maligne,
1215 4716 1244 4782 si
1258 4713 1436 4793 catholici,
1452 4721 1578 4782 temere

252 4819 338 4886 mihi
361 4822 475 4889 lacere
494 4821 665 4889 videntur.
684 4827 750 4889 Hoc
769 4844 860 4889 nunc
874 4821 1036 4902 dicimus,
1054 4827 1092 4888 ut
1110 4822 1152 4889 de
1165 4821 1337 4911 spirituali
1351 4825 1444 4887 extra
1464 4845 1576 4888 sacra-

252 4931 407 4992 mentum
427 4926 619 5019 sumptione
633 4928 782 5017 intelligi
795 4928 913 5018 possit,
931 4938 1047 4997 tamen
1064 4929 1185 5015 negari
1194 4928 1259 4995 nisi
1273 4926 1493 5017 impudenter
1507 4952 1575 4996 non
