4116 5648
1008 369 1090 416 roan.
1115 357 1257 430 atr-to.
1738 360 1796 420 {29

466 514 552 577 longe
569 509 629 573 pler
649 523 825 579 ιαταμῐεται.
843 512 875 562 ln
891 521 918 556 v.
939 506 969 556 l8
985 509 1031 560 sln
1051 511 1182 563 dixerunt
1195 509 1222 558 el
1245 507 1355 570 ludael;
1371 508 1484 571 saeptus
1500 519 1551 571 pro
1570 506 1634 558 lesu
1648 509 1692 558 etn
1712 511 1797 563 habet

467 601 603 653 Dominus
617 603 711 651 noster
726 600 763 667 (v.
788 599 880 657 19,11;
903 596 1026 656 31510
1042 597 1120 665 etc).
1138 597 1171 646 ln
1186 610 1212 644 v.
1233 598 1263 648 19
1278 600 1322 649 sln
1336 597 1437 647 solvite
1453 597 1588 661 templum
1605 593 1658 661 tom
1672 594 1748 664 hoc).
1764 599 1798 649 ln

467 704 493 738 v.
505 687 539 737 20
553 687 597 735 sin
610 698 655 736 om
671 689 775 741 ludeel.
789 689 821 739 ln
834 700 860 734 v.
878 685 912 734 ‘t‘t
927 689 971 738 sin
985 685 1146 752 scripturls;
1161 699 1188 735 v.
1200 686 1233 736 13
1249 689 1278 737 1η
1292 687 1338 737 die
1354 685 1425 735 festo
1438 698 1612 748 azymorum,
1628 690 1657 737 et
1671 685 1796 738 credlde·

467 780 532 828 runt
553 771 667 828 domino'
684 782 780 829 nostro
797 773 911 824 multl...
930 789 1003 840 quae
1024 774 1143 825 faciebat
1157 776 1213 836 ets;
1228 777 1258 825 ln
1272 789 1298 825 v.
1316 773 1348 822 rt
1362 774 1406 823 sin
1421 786 1466 824 om
1481 787 1516 824 oo
1535 774 1609 838 quod
1627 777 1686 840 lpse
1700 779 1797 827 nosset

465 876 578 924 omnes;
595 865 622 914 in
638 880 664 914 v.
680 866 713 916 15
728 868 772 915 sin
791 863 826 912 de
838 873 922 925 opere
936 864 1073 919 homlnls;
1091 862 1150 924 ipse
1165 866 1240 915 enlm
1253 863 1330 911 novit
1345 875 1393 912 cor
1408 863 1436 911 tn
1451 863 1563 913 homine
1577 862 1644 926 quid
1658 867 1741 914 esset.

512 1034 601 1097 lesus
613 1028 788 1119 discipulis
801 1048 836 1093 sc
852 1028 1084 1095 manifestavit
1093 1035 1127 1094 et
1140 1027 1211 1095 illis
1224 1049 1362 1116 quoque
1377 1028 1436 1116 qui
1451 1028 1581 1117 nuptiis
1593 1028 1792 1112 intererant,

466 1135 591 1224 quibus
605 1137 723 1205 saltem
735 1135 865 1201 occasio
880 1132 1122 1224 praebebatur,
1139 1142 1176 1201 ut
1189 1134 1225 1198 in
1236 1155 1276 1199 eo
1288 1133 1445 1199 altiorem
1458 1134 1632 1223 quandam
1650 1136 1793 1204 auctori·
1903 1187 1905 1191 ,
1951 1143 2047 1239 «ωτι

468 1247 570 1310 tatem
596 1252 631 1309 et
652 1245 870 1330 potestatem,
896 1238 1040 1329 proinde
1068 1239 1262 1307 missionem
1291 1246 1325 1306 et
1348 1239 1559 1326 legationem
1578 1240 1739 1310 divinitus
1761 1242 1793 1309 ei

465 1351 680 1416 commissam
696 1353 934 1432 agnoscerent.
960 1350 997 1411 ln
1017 1354 1186 1433 quantum
1205 1346 1256 1412 illi
1282 1347 1347 1412 hac
1365 1346 1619 1435 opportunitate
1638 1348 1690 1414 usi
1708 1348 1790 1432 sint,

465 1478 534 1523 non
552 1459 699 1532 constat,
713 1454 795 1542 quia
811 1452 1025 1538 evangelista
1036 1451 1079 1518 de
1094 1452 1175 1518 solis
1187 1451 1343 1543 loquitur
1353 1451 1545 1542 discipulis,
1558 1476 1705 1542 quorum
1717 1457 1788 1523 scil.

462 1559 709 1630 institutionem
733 1582 773 1626 ac
796 1558 1095 1625 confirmationem
1125 1564 1215 1625 lesus
1237 1559 1442 1648 praeprimis
1467 1560 1673 1628 intenderat.
1701 1561 1792 1629 Alios

465 1667 553 1735 nihil
564 1666 719 1733 utilitatis
728 1688 769 1732 ex
779 1666 879 1752 signo
892 1663 951 1730 illo
961 1665 1105 1754 cepisse,
1119 1664 1236 1751 colligi
1254 1673 1346 1732 certe
1358 1666 1480 1755 nequit
1493 1689 1533 1732 ex
1545 1666 1678 1734 silentio
1691 1690 1791 1737 cvan-

463 1773 619 1861 gelistae.
639 1773 829 1840 Notandum
846 1792 984 1860 quoque
1001 1779 1050 1837 est
1070 1771 1246 1858 quomodo
1264 1776 1354 1839 lesus
1366 1773 1531 1861 paulatim
1548 1774 1657 1860 magis
1675 1774 1711 1841 in
1726 1797 1791 1864 pu-

463 1881 593 1948 blicum
607 1902 642 1946 se
663 1880 826 1967 proferat,
849 1883 1016 1945 Reversus
1036 1900 1073 1943 ex
1094 1878 1227 1945 deserto
1246 1900 1317 1945 sese
1341 1878 1510 1967 baptistae
1527 1880 1675 1947 ostendit
1692 1886 1729 1947 nt
1746 1882 1791 1949 ab

465 2011 505 2055 eo
519 1987 597 2054 aliis
618 1984 885 2064 demonstretur,
907 1983 1042 2072 aliquos
1062 1983 1126 2049 sibi
1146 1983 1301 2051 adsciscit
1318 1985 1519 2075 discipuloS,
1536 2008 1615 2054 cum
1627 1986 1668 2054 iis
1682 2010 1721 2054 ex
1737 1992 1790 2055 lu-

464 2093 550 2161 daea
564 2092 789 2182 proficiscitur
805 2090 840 2156 in
860 2090 1067 2169 Galilaeam,
1088 2090 1124 2156 in
1140 2093 1231 2157 Cana
1250 2113 1365 2158 coram
1386 2091 1544 2180 pluribus
1566 2116 1601 2160 se
1624 2096 1788 2162 maiorem

464 2200 611 2290 baptista
626 2198 740 2287 palam
760 2218 863 2287 opere
884 2196 1088 2263 miraculoso
1103 2196 1184 2263 facit
1202 2204 1236 2263 et
1256 2220 1286 2262 v.
1308 2203 1348 2263 12
1360 2212 1438 2286 post
1452 2198 1515 2265 loc
1529 2198 1702 2268 descendit
1725 2204 1790 2270 Ga·

460 2305 657 2395 plumeum
672 2306 743 2395 ipse
760 2318 793 2371 et
808 2316 921 2370 mater
938 2303 1011 2370 eins
1025 2315 1059 2368 et
1080 2302 1247 2393 discipuli
1259 2304 1353 2388 eius‚·
1367 2305 1450 2372 urbs
1464 2311 1538 2373 erat
1553 2307 1632 2373 satis
1644 2308 1788 2377 celebris

463 2420 497 2479 et
512 2413 714 2479 commercio
729 2412 950 2500 frequentata
964 2408 1009 2475 ad
1029 2410 1142 2475 lacum
1156 2410 1361 2489 Tiberiadis;
1376 2413 1532 2501 plerique
1546 2436 1586 2480 eo
1601 2413 1676 2481 loco
1688 2414 1787 2482 sitam

463 2526 617 2598 censent,
635 2519 694 2586 ubi
714 2516 815 2606 hodie
828 2516 901 2583 Tell
916 2520 1020 2593 llum,
1035 2515 1118 2582 dum
1134 2516 1195 2583 alii
1210 2523 1369 2606 pugnant
1389 2519 1568 2604 (acerrime
1584 2543 1615 2586 v.
1630 2543 1665 2609 g.
1682 2521 1787 2612 Sepp)

464 2650 526 2717 pro
540 2627 634 2693 Chen
651 2625 773 2692 llinieh
788 2624 892 2712 (llefr,
911 2622 1082 2690 Choerbet
1096 2622 1252 2712 llinieh);
1270 2623 1347 2691 vide
1362 2625 1406 2692 ad
1421 2625 1534 2691 llatth.
1554 2633 1643 2706 t,13.
1662 2633 1700 2695 ln
1712 2650 1788 2697 eam

464 2735 584 2801 urbem
600 2756 636 2799 se
652 2732 812 2812 contulit,
834 2732 917 2819 quia
938 2738 1012 2797 erat
1025 2730 1304 2818 frequentissima
1323 2738 1356 2797 et
1373 2731 1454 2821 quia
1471 2732 1522 2798 ibi
1536 2755 1572 2800 se
1586 2734 1723 2802 volebat
1736 2758 1787 2803 os-

463 2841 602 2907 tendere
619 2838 676 2905 ubi
695 2838 804 2906 maior
822 2844 897 2903 erat
919 2836 1129 2926 frequentia,
1147 2843 1180 2903 et
1198 2838 1409 2924 evangelista
1423 2839 1459 2906 id
1481 2848 1734 2925 commemorat,
1749 2849 1787 2910 ut

463 2948 583 3014 doceat
602 2951 709 3012 lesum
729 2946 797 3011 iam
815 2966 884 3010 non
900 2943 1049 3009 voluisse
1061 2942 1185 3027 latere,
1199 2944 1260 3010 sed
1279 2931 1554 3033 frequentissima
1565 2948 1699 3038 petiisse
1713 2949 1787 3017 loca

465 3052 611 3142 (trata).
635 3052 768 3142 Optime
787 3051 914 3117 dicitur
930 3049 1123 3129 descendit,
1147 3072 1226 3117 cunr
1249 3051 1331 3117 urbs
1346 3058 1378 3117 et
1397 3053 1490 3120 lacus
1505 3054 1580 3121 loco
1603 3055 1713 3142 magis
1726 3055 1797 3123 de··

463 3183 577 3250 presso
595 3160 661 3226 sint
679 3166 713 3225 et
728 3165 836 3224 totum
853 3158 919 3222 iter
939 3178 960 3222 a
979 3159 1072 3222 Cana
1092 3178 1243 3245 eousque
1257 3157 1454 3226 descendat.
1471 3160 1665 3228 Coniectant
1678 3162 1786 3252 aliqui

464 3269 561 3356 (lap.
581 3265 685 3353 Corl.)
701 3270 808 3331 lesum
829 3264 926 3352 prius
938 3285 974 3328 se
990 3264 1172 3329 contulisse
1187 3266 1369 3344 Nazareth,
1386 3265 1446 3332 sed
1461 3265 1573 3333 inanis
1591 3268 1786 3336 coniectura

464 3381 594 3441 tacente
613 3373 840 3457 evangelista;
858 3369 917 3435 alii
937 3391 1016 3435 eum
1040 3369 1160 3435 urbem
1178 3368 1300 3436 adiisse
1322 3371 1438 3438 volunt
1461 3375 1544 3462 quia
1563 3373 1612 3440 ihi
1635 3382 1742 3443 mater
1752 3383 1787 3443 et

459 3483 584 3548 fratres
597 3481 622 3547 i.
644 3503 673 3546 e.
697 3477 835 3565 cognati
850 3497 949 3542 suum
964 3476 1202 3542 transtulerint
1223 3477 1433 3544 domicilium
1460 3479 1620 3569 (Theoph.
1639 3481 1782 3572 scteqq,

471 3587 606 3675 Weiss),
628 3586 662 3653 id
679 3583 771 3675 quod
791 3584 921 3672 pariter
939 3583 1109 3652 incertum
1127 3588 1188 3649 est.
1207 3588 1273 3650 llac
1288 3590 1402 3652 autem
1414 3587 1683 3656 commoratione
1697 3589 1786 3659 bene

464 3694 677 3784 praeluditur
689 3692 737 3758 illi
753 3690 920 3775 longiori,
937 3710 1041 3777 quam
1056 3691 1226 3777 synoptiei
1242 3690 1342 3757 nobis
1361 3692 1515 3760 referunt
1529 3701 1563 3761 et
1576 3717 1645 3784 qua
1658 3697 1785 3765 lactum

463 3809 528 3880 est,
551 3807 589 3866 ut
607 3798 846 3887 capharnaum
862 3795 1037 3861 diceretur
1055 3793 1175 3861 civitas
1188 3817 1250 3862 sua
1264 3796 1389 3885 (llatth.
1412 3800 1496 3887 9,1).

509 3909 617 3974 Etiam
642 3904 763 3971 maiori
786 3902 1002 3991 frequentiae
1024 3906 1058 3966 et
1083 3902 1350 3969 manifestationi
1370 3905 1582 3972 sollemniori
1601 3907 1736 3976 obviam
1760 3913 1787 3978 it

466 4039 497 4080 v.
517 4023 555 4081 13
573 4026 604 4080 et
619 4033 724 4102 prope
740 4021 814 4075 erat
824 4008 957 4097 pascha
977 4005 1183 4075 ludaeorum
1201 4021 1234 4076 et
1249 4009 1405 4076 ascendit
1421 4014 1513 4078 lesus
1524 4015 1766 4103 lerosolymam
1771 4037 1787 4101 ,·

464 4121 543 4188 inde
559 4118 687 4209 aliquid
703 4116 865 4201 colligere
882 4115 962 4181 licet
982 4136 1044 4203 pro
1059 4119 1213 4202 tempore
1228 4115 1443 4204 baptismatis
1455 4118 1593 4198 Chrisli;
1613 4143 1692 4187 nam
1707 4129 1783 4202 139

464 4225 736 4319 probabilissime
750 4223 862 4288 evenit
878 4243 947 4287 non
963 4222 1011 4287 ita
1026 4221 1086 4289 diu
1101 4229 1178 4309 post
1199 4222 1348 4289 reditum
1365 4225 1489 4291 Christi
1504 4248 1543 4292 ex
1558 4226 1706 4309 deserto,
1726 4229 1784 4296 ubi

464 4342 539 4424 post
551 4332 758 4422 baptismum
774 4350 836 4418 per
853 4334 894 4393 -l0
910 4328 983 4394 dies
994 4333 1225 4395 commoratus
1241 4336 1301 4396 est.
1319 4330 1508 4397 certissime
1522 4354 1659 4422 quoque
1671 4355 1710 4400 ex
1724 4335 1788 4404 hoe

465 4442 538 4509 loco
559 4445 690 4507 constat
700 4438 837 4525 nuptias
852 4434 888 4500 in
903 4438 995 4500 eam
1011 4457 1077 4500 non
1090 4433 1278 4504 celebratas
1291 4458 1362 4502 esse
1377 4436 1433 4502 die
1448 4444 1468 4503 6
1486 4439 1610 4506 mensis
1624 4442 1784 4525 ianuarii,

466 4551 514 4614 uti
529 4546 734 4637 quandoque
754 4541 864 4631 aliqui
883 4563 922 4606 ex
940 4541 1081 4626 liturgia
1100 4540 1311 4610 concludunt
1334 4543 1425 4629 (vide
1444 4567 1533 4633 quae
1552 4547 1620 4612 diri
1634 4547 1670 4613 in
1690 4552 1786 4617 Com·

465 4664 570 4720 ment.
591 4652 704 4721 llatth.
722 4654 732 4716 l
749 4673 783 4738 p.
806 4653 876 4735 73).
895 4648 1056 4714 Ascendit
1075 4655 1189 4715 autem
1205 4650 1378 4737 eregione
1394 4648 1603 4740 depressiore
1618 4654 1653 4719 in
1667 4658 1786 4724 urbem

464 4771 498 4829 et
514 4784 586 4828 sese
605 4762 716 4828 statim
733 4758 864 4824 confert
883 4756 920 4822 in
942 4756 1125 4842 templum,
1149 4755 1241 4844 quod
1257 4759 1395 4846 incepta
1410 4759 1548 4826 landem
1565 4759 1634 4826 vita
1649 4762 1786 4852 publica

931 4881 1113 4920 rnaaeneauen
1132 4883 1157 4920 nt
1173 4883 1241 4921 toan.
1259 4900 1290 4909 -
1306 4877 1328 4920 9.
