4050 5648
188 401 258 555 ff
287 545 289 550 ·
327 513 396 587 'aaa
610 478 614 483 ’
870 478 950 589 ιω.
973 475 1132 604 rassae.

188 560 191 571 ι

188 581 196 601 Ε·

215 680 218 687 ’
334 677 419 746 alias
432 684 614 771 occupato,
642 671 779 759 singula
800 673 905 742 verba
920 699 989 746 non
1009 679 1249 768 perceperunt,
1271 674 1331 742 sed
1356 679 1488 748 tantum
1507 678 1656 749 sonitum

332 788 508 875 quendam
532 806 562 847 v.
584 784 627 845 29
647 781 748 847 turta
762 803 946 872 erqoquoc
957 783 1070 851 stabat
1088 792 1121 846 et
1133 780 1292 849 audierat
1310 778 1446 849 dicebat
1464 787 1655 854 tonitruum

332 915 402 961 csse
412 892 570 980 factuam·
581 907 660 953 cum
674 909 739 955 vox
757 889 818 956 illa
838 887 952 958 subito
971 889 1015 957 sit
1031 885 1136 953 allata
1154 887 1251 956 nullo
1270 886 1307 953 id
1328 896 1541 977 exspectante
1555 892 1656 962 lacile

331 999 407 1067 fieri
419 991 530 1085 potuit
550 997 589 1059 ut
609 994 710 1061 multi
733 980 809 1063 aliis
830 990 1097 1083 cogitationibus
1110 992 1233 1062 intanti
1247 1014 1323 1061 eam
1338 1016 1408 1062 non
1427 994 1585 1068 distincte
1599 1022 1656 1068 ca-

189 1161 192 1165 .
332 1104 465 1195 parcnt.
482 1126 499 1160 «
512 1098 606 1168 Unde
620 1101 686 1169 hoc
698 1104 887 1192 putarunt?
897 1120 1011 1169 annon
1026 1097 1120 1168 clara
1134 1106 1168 1168 et
1179 1100 1362 1190 conspicua
1371 1123 1436 1168 vox
1443 1102 1528 1169 fuit?
1537 1128 1656 1174 verum

200 1248 202 1252 .
220 1276 225 1286 ,
331 1209 398 1276 cito
408 1204 559 1275 avolavit
572 1207 616 1275 ab
626 1206 710 1285 illis,
728 1211 847 1297 utpote
856 1203 1096 1291 crassioribus,
1111 1206 1322 1288 carnalibus,
1335 1208 1497 1295 segnibus
1511 1236 1527 1269 n
1544 1211 1654 1302 (car.)
1676 1269 1679 1274 ,

329 1311 524 1400 Magnitudo
542 1315 635 1382 vocis
652 1311 826 1381 indicatur
840 1311 934 1401 quod
948 1311 1079 1381 tonitru
1098 1313 1228 1382 lactum
1245 1333 1316 1391 esse
1336 1320 1503 1402 putarunt
1516 1313 1652 1408 (Bup.);

330 1419 395 1486 alii
408 1418 595 1489 dicebant:
619 1418 764 1507 capetus
787 1418 820 1483 ei
841 1419 974 1485 locutus
995 1431 1061 1507 est,
1078 1421 1116 1488 in
1134 1421 1310 1510 Scriptura
1331 1441 1480 1513 namque
1499 1423 1655 1510 legerant

192 1610 207 1621 Ἴ
329 1527 472 1616 angelos
485 1526 659 1619 prophetis
673 1523 805 1592 locutos
819 1545 890 1592 esse
903 1524 914 1609 (
919 1524 1004 1615 Tol.)
1018 1532 1053 1594 ot
1067 1525 1151 1594 alias
1165 1548 1301 1618 quoque
1315 1527 1519 1615 angelorum
1534 1529 1579 1597 ad
1593 1529 1654 1595 ho·

188 1670 220 1727 ·,'
247 1723 249 1729 s
327 1631 941 1715 mineslocutiocommemoratur;cf.
956 1635 1038 1700 Gen.
1051 1636 1390 1717 ao,9321‚17;2a‚11
1401 1657 1409 1717 ;
1420 1642 1538 1718 31,11;
1553 1640 1651 1703 Num.

327 1747 443 1823 2232.
460 1738 535 1808 lud.
553 1744 628 1822 2,1;
647 1743 744 1820 5,aa;
761 1744 858 1821 6203
877 1744 977 1822 lala
992 1743 1056 1806 etc.
1075 1742 1140 1806 ote.
1158 1739 1251 1807 Hisce
1266 1762 1298 1806 v.
1312 1746 1355 1807 30
1369 1741 1546 1831 respondit
1564 1745 1654 1811 lesus

327 1860 360 1916 et
374 1846 467 1915 dixit
480 1868 494 1912 .·
507 1867 579 1911 non
589 1857 731 1935 propter
746 1866 799 1912 me
813 1843 895 1912 daec
909 1865 976 1911 voa
986 1843 1095 1928 venit,
1115 1841 1179 1912 sed
1184 1858 1326 1936 propter
1339 1869 1396 1914 vos
1401 1867 1417 1931 ,·
1429 1847 1489 1915 sed
1501 1849 1531 1916 si
1549 1871 1654 1939 prop·

324 1959 379 2021 ter
391 1952 470 2020 illos
492 1953 575 2019 data
589 1959 656 2033 ost,
674 1971 745 2018 non
755 1950 870 2041 potuit
890 1972 962 2018 esso
980 1949 1111 2018 sonitus
1126 1950 1267 2042 quidam
1281 1952 1496 2021 indistinctus
1512 1954 1650 2045 (Theod.

324 2061 364 2128 M
366 2059 408 2148 .)‚
429 2079 549 2126 verum
572 2055 693 2124 debuit
712 2079 783 2126 esse
797 2056 841 2125 de
860 2078 897 2125 so
918 2056 1026 2140 clara,
1045 2055 1223 2139 distincta,
1239 2057 1480 2146 intelligibilis.
1500 2065 1586 2143 Non,
1602 2062 1654 2128 in·

205 2206 208 2212 ·
235 2209 236 2212 =
324 2165 415 2258 quit,
432 2170 472 2231 ut
482 2164 607 2232 scirem
621 2183 687 2250 ego
704 2163 798 2253 quod
812 2170 914 2231 antea
926 2162 1136 2244 nesciebam,
1153 2185 1218 2231 vox
1232 2165 1318 2233 baec
1333 2164 1440 2248 venit,
1458 2166 1518 2235 sed
1537 2174 1576 2237 ut
1593 2189 1654 2238 vos

320 2272 468 2342 credatis
485 2294 578 2339 nunc
597 2292 736 2361 quoque
749 2269 888 2338 coelesti
904 2269 1097 2338 testimonio
1111 2270 1305 2339 confirmati
1319 2272 1451 2363 (dap).

245 2429 249 2436 ·
366 2384 476 2470 Atque
489 2399 607 2446 vocem
616 2377 714 2444 illam
723 2376 863 2444 missam
875 2398 947 2444 asse
959 2377 996 2444 in
1004 2375 1207 2464 gravissimo
1219 2399 1337 2446 rerum
1349 2378 1563 2464 discrimine,
1581 2403 1651 2471 quo

322 2486 426 2554 simul
444 2486 638 2577 explicatur
657 2482 742 2573 quid
764 2483 829 2550 sibi
851 2482 935 2550 velit
952 2483 1016 2550 ista
1031 2482 1284 2553 clarificationis
1303 2487 1438 2575 sponsio
1454 2486 1583 2578 (dap),
1600 2510 1652 2555 se·

205 2628 211 2635 ·
320 2591 506 2683 quentibus
519 2590 675 2659 innuitur
688 2612 721 2657 v.
739 2596 779 2657 31
794 2589 1064 2657 nunciudicium
1073 2602 1123 2657 est
1134 2589 1272 2676 mundi,
1285 2593 1653 2685 nuacprineepsbuius

321 2700 446 2767 mundi
463 2698 748 2787 eiicietursoras;
759 2703 930 2788 quaerunt
944 2697 1045 2787 quale
1061 2696 1230 2765 iudicium
1241 2698 1467 2786 intelligatur.
1485 2700 1651 2769 iudicium

322 2807 617 2874 condemnationis
633 2805 727 2894 (Bur.
744 2803 834 2873 Corl.
851 2802 950 2872 Schz.
960 2803 1049 2890 rit.)
1060 2857 1068 2886 ‚
1080 2802 1297 2872 discretionis
1312 2805 1413 2895 (dap.
1429 2809 1530 2896 Καρ.)
1543 2859 1552 2891 ,
1565 2806 1652 2875 libe-

321 2915 465 2983 rationis
486 2902 572 3002 (Tol.
598 2909 708 2978 Mcld.
732 2912 812 2978 Bar.
835 2913 938 2999 Lup.)
960 2909 1182 2999 respondent,
1205 2918 1350 2996 ἐκδίκησιν
1367 2914 1548 2980 nominant
1570 2914 1648 2982 Chr.

324 3024 403 3111 Gyr.
424 3018 569 3109 Theopd.
586 3017 692 3095 Quale
705 3017 749 3083 sit
762 3015 929 3084 iudicium
944 3015 1080 3098 mundi,
1095 3014 1232 3084 videtur
1242 3016 1412 3086 declarari
1422 3019 1530 3087 altero
1544 3042 1652 3088 mem·

321 3130 401 3211 bro,
423 3125 465 3194 eo
486 3126 561 3193 scil.
588 3123 681 3215 quod
700 3123 864 3214 princeps
885 3122 1006 3190 mundi
1028 3123 1147 3206 huius,
1172 3122 1345 3207 diabolus,
1362 3125 1423 3217 qui
1450 3126 1595 3216 imperio
1612 3150 1651 3195 ac

319 3231 503 3324 tyrannide
516 3254 578 3299 sua
588 3230 746 3297 homines
758 3228 906 3320 peccatis
919 3235 954 3297 et
965 3227 1162 3297 idololatria
1179 3230 1358 3298 obstrictos
1370 3238 1472 3315 tenet,
1491 3254 1511 3299 a
1526 3234 1607 3301 sede
1619 3245 1652 3302 et

320 3341 524 3409 auctoritate
541 3336 767 3427 depellendus
778 3341 829 3403 est
842 3336 901 3426 (ol.
917 3339 1008 3425 Auq.
1024 3335 1098 3404 cai.
1115 3335 1236 3426 lam).
1255 3341 1284 3403 ls
1298 3337 1414 3428 itaque
1428 3341 1489 3429 qui
1501 3340 1652 3409 habebat

320 3446 438 3514 mortis
457 3445 645 3536 imperium
659 3442 901 3525 destruendus,
915 3463 976 3510 suo
991 3441 1137 3532 imperio
1146 3441 1336 3534 privandus
1347 3450 1397 3511 est
1411 3444 1525 3533 (Hebr.
1541 3448 1647 3537 Mt).

320 3553 416 3622 Unde
430 3557 480 3621 est
500 3551 670 3619 iudicium
689 3548 985 3618 condemnationis
1008 3547 1131 3616 mundi
1153 3550 1178 3617 i.
1200 3572 1232 3617 e.
1253 3572 1371 3618 eorum
1394 3552 1456 3641 qui
1475 3553 1573 3642 quasi
1587 3554 1651 3621 [ilii

319 3658 449 3729 diaboli
461 3663 557 3739 sunt;
577 3658 620 3724 cl.
643 3661 739 3740 8,tt;
765 3661 800 3723 et
813 3654 953 3723 diabolo
971 3653 1104 3722 devicto
1123 3657 1283 3727 omnibus
1299 3657 1442 3724 offertur
1456 3658 1596 3726 libertas
1610 3660 1650 3726 fi-

214 3835 216 3841 ,
321 3768 450 3835 liorum
464 3766 541 3845 θείς
561 3785 679 3831 omnes
689 3765 724 3830 in
739 3761 827 3829 illud
841 3761 940 3852 quasi
960 3767 1175 3830 momentum
1186 3761 1405 3832 adducuntur
1420 3787 1489 3854 quo
1502 3772 1649 3835 statuere

320 3878 479 3965 oporteat
490 3874 561 3938 utri
571 3893 700 3938 nomen
710 3871 806 3951 dent,
819 3867 950 3936 Christo
961 3890 1007 3935 an
1019 3869 1091 3936 eius
1102 3867 1315 3952 adversario,
1329 3871 1479 3938 diabolo.
1500 3873 1651 3940 Christus

320 3987 370 4050 est
388 3981 511 4048 [ortior
532 3978 590 4046 ille
614 3977 821 4068 qui-fortem
845 3980 1015 4042 armatum
1030 3975 1127 4059 vicit,
1149 3998 1246 4043 arma
1270 3978 1343 4043 eius
1357 3978 1514 4061 abstulit,
1540 3980 1649 4070 spolia

319 4092 393 4157 eius
407 4085 584 4154 distribuit
599 4086 691 4174 (Luc.
718 4089 837 4165 11,22;
863 4083 906 4150 ol.
927 4087 968 4148 ls.
992 4087 1105 4165 'amb
1128 4085 1198 4172 25).
1217 4088 1304 4150 llaec
1318 4083 1436 4151 eiectio
1459 4084 1587 4152 diaboli
1601 4093 1650 4153 est

319 4196 382 4264 illa
397 4192 540 4261 victoria
558 4193 628 4258 iam
647 4191 684 4257 in
705 4187 904 4279 primordiis
917 4188 1053 4276 generis
1076 4188 1223 4256 humani
1236 4190 1423 4279 promissa,
1441 4214 1509 4279 qua
1533 4214 1648 4261 semen

322 4301 478 4371 mulieris
493 4305 597 4389 caput
610 4295 781 4386 serpentis
793 4295 1020 4364 contriturum
1035 4316 1106 4363 essc
1120 4296 1333 4384 praedicitur
1343 4299 1433 4383 (Gen.
1453 4305 1532 4379 3,15
1547 4300 1645 4366 hebr.

320 4408 461 4498 graece)
475 4413 509 4473 et
533 4426 637 4495 quam
659 4402 839 4470 victoriam
858 4401 1032 4493 apostolus
1045 4400 1193 4489 singulis
1207 4410 1413 4492 apprecatur
1430 4426 1437 4472 :
1456 4409 1542 4474 Deus
1556 4408 1648 4494 pacis

319 4520 476 4583 conterat
496 4519 652 4580 satanam
675 4509 740 4578 sub
755 4507 904 4599 pedibus
922 4509 1043 4576 vestris
1066 4508 1232 4576 velociter
1247 4509 1359 4597 (Rom.
1386 4513 1513 4599 1620).
1539 4513 1645 4579 Etiam

317 4623 413 4712 apud
430 4621 592 4689 rabbinos
606 4618 762 4685 diabolus
780 4624 918 4682 vocatur
933 4605 1029 4709 obita]
1050 4619 1107 4703 'lita
1128 4616 1173 4682 cf.
1190 4622 1211 4682 2
1227 4621 1302 4684 Cor.
1321 4622 1388 4697 lat.

364 4728 499 4795 Diaboli
512 4730 679 4817 potestate
691 4723 824 4791 deiecta
836 4721 985 4790 Christus
1001 4723 1117 4790 omnia
1129 4722 1168 4789 in
1179 4745 1276 4791 suam
1291 4730 1491 4814 potestatem
1507 4732 1541 4792 ct
1556 4727 1647 4816 prin-

318 4837 471 4925 cipetum
490 4838 667 4902 convertet
678 4837 712 4898 et
726 4831 841 4898 trahet
855 4852 888 4895 v.
904 4834 947 4896 32
964 4842 996 4897 et
1012 4852 1072 4920 epo
1087 4830 1117 4896 si
1126 4829 1301 4897 exaltatus
1312 4833 1415 4918 suero
1427 4855 1449 4898 a
1470 4847 1558 4899 terra
1574 4855 1646 4898 orra-

316 4943 380 5010 nia
395 4940 531 5009 tradam
543 4940 591 5008 ad
601 4961 654 5006 me
665 4938 789 5029 ipsum,
802 4960 834 5004 v.
849 4943 890 5005 33
902 4935 1086 5005 doeautem
1099 4936 1232 5006 dicebat
1245 4938 1444 5028 siqnificans
1456 4962 1525 5029 pira
1541 4953 1646 5006 morte
