4116 5648
838 403 918 449 roan.
945 387 1047 457 1530.
1547 390 1605 449 tos
1731 386 1733 390 ”

277 549 541 633 persequentur;
556 540 601 607 cf.
618 535 732 606 Natth.
753 541 865 619 ΜΒ.
890 545 933 606 25
951 535 980 602 si
1001 538 1284 624 patremfamilias
1308 535 1495 604 Beelzebub
1508 561 1606 607 voca·

279 649 415 723 verunt,
434 652 564 733 quanto
585 643 695 729 magis
710 641 913 711 domesticos
927 643 1020 709 eius?
1035 649 1110 711 Luc.
1130 650 1227 723 o‚t0;
1244 644 1401 710 similiter
1419 643 1487 709 iam
1502 664 1607 730 quae·
1721 651 1726 659 '

278 752 355 819 sivit
378 771 418 815 ex
440 751 488 819 eis
512 775 520 823 :
546 748 686 842 potestis
706 747 827 826 bibare
844 751 988 818 calicem
1002 771 1106 838 quem
1121 771 1185 837 ego
1201 749 1371 817 bibiturus
1382 773 1455 818 sum
1478 751 1604 839 (llatth.

280 855 413 939 20,22);
431 859 491 926 scd
505 857 621 946 gloria
644 875 772 942 magna
793 863 842 925 est
861 855 959 946 sequi
982 859 1163 923 Dominum
1188 854 1300 942 (Eccli.
1323 861 1439 938 aaa&
1461 859 1603 942 llrom.);

278 962 458 1033 exhortans
467 964 514 1033 ad
528 960 649 1029 mundi
660 962 739 1031 odia
756 960 964 1054 perferenda
978 963 1114 1030 nullum
1131 962 1239 1030 maius
1251 962 1301 1028 eis
1313 968 1347 1027 et
1361 962 1482 1028 melius
1500 984 1604 1052 quam

277 1068 320 1135 de
345 1073 455 1163 seipso
478 1067 641 1163 proponit
662 1069 861 1160 exemplum
884 1068 1019 1157 (dap).
1048 1074 1164 1136 Parem
1180 1074 1263 1135 'curn
1283 1068 1413 1135 Christo
1430 1068 1607 1136 habebunt

277 1184 402 1246 sortem
425 1179 463 1243 in
487 1197 629 1243 munere
651 1175 840 1267 apostolico
867 1194 874 1241 :
899 1174 930 1241 si
952 1191 1143 1243 sermonem
1177 1197 1290 1242 meum
1315 1189 1548 1260 servaverunt,
1576 1189 1608 1241 et

277 1296 424 1352 oestrum
448 1284 630 1350 servabunt
635 1305 651 1369 ‚·
675 1308 693 1344 s
718 1303 817 1350 suum
842 1286 958 1348 autem
982 1288 1016 1349 et
1037 1282 1178 1349 illorum
1201 1304 1389 1349 sermonem
1414 1282 1512 1363 dicit,
1539 1304 1607 1349 non

277 1391 371 1483 quod
387 1390 522 1456 diversa
540 1388 699 1487 doctrina
717 1394 818 1469 essct,
835 1388 895 1456 sed
911 1389 1003 1479 quod
1022 1411 1085 1480 per
1098 1389 1249 1456 diversos
1268 1390 1440 1456 ministros
1456 1389 1607 1456 tradere·

277 1506 334 1565 tur
358 1523 373 1554 o
400 1494 556 1584 (Mala).
579 1495 731 1563 Christus
753 1499 939 1585 utrumque
960 1501 1121 1586 expertus
1140 1501 1191 1562 est
1211 1495 1487 1585 :persecutiones
1499 1502 1534 1561 et
1548 1496 1608 1562 oh-

276 1603 484 1670 servantiam
498 1624 559 1671 seu
574 1602 790 1668 voluntatem
799 1622 1026 1692 propensam,
1048 1601 1164 1669 fidem.
1182 1605 1368 1691 Utrumque
1388 1601 1491 1669 etiam
1505 1602 1607 1669 disci·

277 1708 369 1800 pulis
384 1711 574 1797 continget.
875 1708 878 1715 '

321 1820 363 1882 At
377 1815 533 1906 plerique
543 1815 644 1881 aliter
655 1813 842 1904 accipiunt,
860 1814 1033 1883 Christum
1046 1814 1122 1882 scil.
1140 1815 1253 1883 dicere
1268 1816 1353 1882 velle
1372 1837 1379 1882 :
1396 1815 1483 1882 sicut
1494 1836 1607 1882 mcum

276 1943 472 1989 sermonem
492 1944 562 2015 raon
583 1927 823 2004 servaverunt,
848 1922 898 1989 ita
920 1927 1069 1989 vestrum
1095 1944 1232 2013 quoque
1258 1945 1328 1989 non
1343 1921 1528 1990 servabunt
1548 1921 1604 2010 tol.

280 2027 358 2097 etr.
379 2028 524 2120 Theopla.
546 2026 652 2095 Euat.
675 2029 754 2116 Cpr.
772 2016 875 2117 Any(
889 2032 976 2119 Rup.
1001 2027 1078 2097 Alb.
1104 2032 1191 2095 Bon.
1215 2031 1306 2096 lans.
1332 2028 1400 2096 Tol.
1425 2031 1506 2119 lap.
1525 2031 1605 2095 Bar.

279 2134 386 2202 Mald.
404 2139 486 2204 Not.
507 2135 597 2204 Corl.
610 2133 745 2223 Schz.);
768 2134 878 2224 aliqui
894 2145 1042 2223 ἐτήρησαν
1060 2136 1255 2225 explicant:
1278 2135 1541 2225 exploraverunt
1557 2136 1609 2200 in-

276 2242 401 2309 sidiose
422 2243 496 2309 scil.
523 2242 579 2329 (cl.
607 2240 750 2330 Calm.);
771 2241 832 2308 sed
848 2241 934 2308 haec
957 2241 1050 2308 notio
1067 2243 1163 2309 verbi
1175 2242 1266 2333 apud
1283 2242 1531 2328 evangelistam
1551 2242 1610 2308 ad-

277 2349 365 2416 mitti
376 2348 506 2438 nequit.
527 2353 642 2437 Neque
655 2353 737 2438 puto
752 2348 924 2422 Christum
939 2349 1038 2439 quasi
1049 2371 1130 2416 cum
1142 2349 1252 2416 ironia
1266 2349 1387 2416 dixisse
1402 2373 1409 2417 :
1427 2356 1609 2416 servarunt
1676 2390 1678 2399 ,

277 2457 300 2523 i.
321 2478 350 2523 e.
369 2478 439 2523 non
457 2461 648 2523 servarunt.
668 2459 783 2544 Neque
799 2455 900 2523 vidco
915 2478 977 2523 cur
995 2455 1146 2524 Christus
1161 2455 1221 2546 qui
1236 2478 1314 2522 suos
1325 2457 1447 2543 elegit,
1468 2466 1504 2522 ut
1519 2455 1609 2521 truc·

277 2570 350 2628 tum
365 2560 544 2644 afferrent,
559 2583 653 2630 nunc
667 2560 789 2628 iisdem
808 2561 923 2629 dicere
938 2563 1132 2630 censendus
1155 2562 1198 2628 sit
1218 2585 1225 2630 :
1249 2585 1319 2628 non
1341 2563 1527 2628 servabunt
1541 2584 1609 2628 ser-

175 2721 179 2732 .
277 2690 411 2736 monem
435 2673 597 2736 vestrum.
624 2672 752 2756 Urgent
774 2667 916 2758 quidem
937 2668 1031 2735 idem
1053 2668 1248 2736 subiectum
1264 2668 1522 2756 grammaticale
1537 2690 1608 2735 esse

278 2776 496 2843 retinendum
521 2774 579 2863 (cf.
603 2774 735 2864 Selia).
761 2774 826 2841 Sed
850 2774 963 2842 forma
985 2775 1081 2843 verbi
1106 2781 1248 2858 ἐδίωξαν,
1275 2786 1420 2864 ἐτήρησαν
1449 2782 1498 2841 est
1526 2775 1608 2840 satis

278 2903 365 2969 vaga
379 2889 413 2948 ct
427 2905 467 2948 ex
486 2881 640 2949 subiecta
662 2881 804 2949 materia
829 2881 884 2948 vel
908 2903 948 2948 ex
970 2881 1166 2972 praedicato
1186 2882 1358 2972 alteraque
1375 2882 1607 2949 enuntiatione

278 2987 439 3054 facillime
452 2987 630 3075 colligitur
644 2988 730 3055 alios
744 2989 846 3055 aliter
855 3009 928 3054 esse
942 2995 1090 3055 acturos.
1104 2988 1225 3078 Utique
1239 2989 1306 3055 dici
1319 2995 1429 3078 potest
1446 3011 1484 3054 ex
1500 3010 1531 3052 v.
1555 2993 1604 3054 18.

279 3100 318 3161 19
334 3094 506 3160 Christum
526 3094 622 3185 loqui
642 3094 684 3162 de
705 3092 853 3176 mundo;
872 3116 955 3181 ergo
976 3094 1081 3161 etiam
1103 3097 1140 3161 in
1156 3118 1188 3160 v.
1205 3094 1427 3162 inmundum
1447 3117 1517 3161 esse
1530 3095 1608 3160 suh-

277 3202 401 3268 iectum
422 3200 585 3288 logicum.
601 3204 717 3290 Neque
734 3199 770 3266 id
787 3207 976 3289 repugnat;
994 3222 1076 3267 nam
1092 3207 1166 3268 tum
1190 3201 1325 3282 dicitur,
1350 3203 1436 3268 sicut
1459 3200 1608 3268 Christus

276 3329 354 3374 suos
372 3306 517 3393 elegerit
540 3306 583 3373 de
609 3305 756 3388 mundo,
783 3308 831 3373 ita
855 3306 931 3373 iore
956 3313 993 3373 ut
1016 3307 1163 3398 apostoli
1187 3307 1289 3375 etiarn
1306 3330 1324 3374 e
1339 3308 1469 3375 mundo
1486 3307 1607 3373 Christi

277 3413 424 3480 cultores
445 3415 638 3502 acquirant.
663 3417 732 3480 Hoc
756 3434 876 3480 verum
898 3421 963 3495 est,
992 3435 1032 3481 ea
1054 3415 1129 3504 ipsa
1147 3417 1317 3482 sententia
1336 3414 1497 3505 apostolis
1511 3413 1608 3479 innui

276 3519 570 3609 praedicationem
586 3536 704 3586 eorum
721 3542 742 3587 a
758 3520 886 3587 maiore
902 3525 1002 3610 parta
1015 3543 1085 3588 non
1102 3521 1147 3589 iri
1166 3530 1344 3611 acceptum
1359 3529 1393 3588 et
1405 3523 1606 3610 praesertim

276 3648 297 3692 a
321 3625 454 3693 ludaeis
476 3625 520 3692 iri
550 3626 785 3716 repudiatum,
807 3625 890 3715 quia
916 3626 1020 3694 etiam
1048 3626 1144 3695 haud
1164 3628 1264 3695 multi
1288 3651 1327 3695 ex
1352 3628 1450 3717 plebe
1475 3626 1609 3693 iudaica

276 3731 400 3798 Christi
422 3753 617 3799 sermonem
640 3736 878 3800 servaverunt.
906 3737 1015 3810 Quare
1039 3735 1146 3801 verba
1159 3733 1221 3802 illa
1233 3735 1268 3801 in
1291 3757 1390 3801 sensu
1413 3757 1474 3801 sno
1495 3734 1608 3801 nativo

277 3838 457 3906 retinenda
478 3847 559 3905 sunt
579 3839 622 3928 (Τ
620 3838 711 3906 hom.
732 3838 837 3928 Schq.
856 3838 953 3925 hilp
977 3861 1017 3907 ea
1033 3840 1144 3909 Salm.
1160 3842 1207 3908 ita
1220 3841 1369 3908 declarat
1385 3863 1392 3908 :
1411 3870 1426 3901 α
1444 3842 1530 3907 sicut
1545 3862 1609 3925 ego

277 3944 479 4034 praedicans
496 3967 566 4012 non
587 3945 653 4012 nisi
675 3967 802 4035 paucos
815 3951 1003 4014 sectatores
1025 3946 1154 4031 haheo,
1171 3948 1230 4015 sed
1245 3956 1319 4039 post
1338 3956 1483 4015 mortem
1497 3967 1608 4012 meam

276 4052 375 4118 multi
388 4052 433 4118 ad
448 4074 503 4119 me
518 4051 693 4119 confluent
706 4052 898 4119 secundum
912 4052 1001 4121 illud
1017 4075 1024 4121 :
1044 4053 1074 4119 si
1085 4060 1199 4121 autem
1216 4061 1387 4122 mortuum
1402 4054 1504 4120 fuerit
1520 4057 1608 4139 (gra-

277 4181 358 4225 num
388 4159 585 4248 frumenti),
612 4158 759 4226 multum
787 4159 939 4226 fructum
968 4159 1066 4226 affert
1091 4160 1239 4249 (1225),
1266 4161 1314 4227 ita
1341 4159 1437 4226 vobis
1457 4159 1605 4231 eveniet:

276 4287 370 4332 raros
385 4265 478 4331 enim
496 4264 682 4356 discipulos
705 4271 739 4332 et
759 4263 934 4332 auditores
959 4265 1146 4349 habebitis,
1174 4267 1374 4357 priusquam
1396 4275 1503 4332 morte
1520 4265 1608 4332 testi-

278 4371 430 4437 monium
445 4381 597 4438 vestrum
612 4370 813 4462 compleatis
841 4398 871 4436 a.
899 4376 939 4439 nt
962 4373 1111 4463 Keppler
1135 4374 1181 4440 ita
1210 4394 1217 4440 :
1240 4373 1270 4439 si
1288 4395 1401 4440 meum
1415 4394 1607 4439 sermonem

275 4483 494 4544 servaverunt
518 4484 615 4544 —et
637 4477 730 4545 scitis
753 4476 866 4545 solum
886 4499 1016 4568 paucos
1038 4500 1188 4547 servasse
1206 4518 1250 4530 -
1265 4488 1327 4547 etc.
1349 4482 1512 4546 maiorem
1535 4502 1607 4566 par·-

276 4587 345 4649 tem
361 4592 481 4652 contra
495 4606 553 4650 vos
565 4605 653 4666 essc;
670 4585 872 4652 minorema
890 4583 1009 4651 vestris
1028 4586 1101 4652 lore
1115 4587 1280 4675 partibus.

320 4695 361 4755 at
375 4712 417 4757 ne
434 4691 502 4759 ullo
518 4690 622 4758 modo
641 4690 720 4757 odio
735 4690 795 4757 illo
809 4697 843 4758 et
854 4693 1151 4781 persecutionibus
1170 4693 1252 4760 inde
1267 4694 1390 4760 exortis
1408 4692 1609 4781 perturben-

277 4802 343 4878 tur,
364 4819 482 4864 verum
510 4797 624 4888 potius
642 4798 883 4865 utercitcntur
897 4796 1172 4885 adiungendum
1188 4822 1228 4865 eo
1243 4800 1441 4887 diligentius
1463 4822 1607 4868 munere
