4116 5648
1956 256 1978 266 ,ι.
2039 258 2041 262 a

1943 267 1987 289 .⁴.'=fl.
2007 290 2010 296 Ι
2028 275 2046 292 ’μ

1948 292 2043 317 Nsemp..

1888 333 1890 335 ,
1929 317 1946 333 ι’
1961 319 1977 344 ,ι
1994 316 2041 349 ‚3¹2ss

1736 346 1813 407 {03¹
1973 349 2000 385 ”²
2019 342 2043 361 ⁸

1988 376 1992 384 α

1933 400 1937 408 ·
1962 391 1970 406 θ
1997 392 2047 417 )1“1’

1935 407 1996 441 ¹..t
2025 425 2031 432 .

1953 445 1968 479 ι.
2001 447 2038 475 ⁸⁸·

1949 487 1954 495 V
2013 478 2023 489 υ

466 517 533 564 non
564 491 712 564 hahetur
745 497 782 563 in
819 490 902 559 locis
934 490 1126 582 parallelis;
1144 493 1317 583 explicant
1340 514 1416 560 eam
1441 492 1483 559 de
1507 494 1616 558 aetate
1640 497 1791 580 perfecta

466 597 624 690 (Theoph.
644 598 995 685 chonodamarus
1015 602 1111 668 omni
1132 602 1257 665 virtute
1277 599 1434 687 praedito
1455 606 1489 666 et
1504 599 1654 689 perlecto
1671 596 1789 690 (liupr.)

464 711 497 770 et
515 726 555 771 ex
575 691 763 800 prophetiis
783 705 838 792 (rs.
861 710 952 789 sas.
975 709 1040 774 ter.
1063 713 1159 789 a,11;
1175 710 1295 786 stne.
1317 704 1415 772 zach.
1440 705 1790 796 s‚1a‚inquibusvir

463 813 667 901 appellatur,
694 809 799 901 Tol.);
824 841 840 875 a
863 811 977 900 potius
1003 811 1238 880 hebraismum
1258 834 1329 879 esse
1351 810 1472 890 credo,
1490 832 1559 898 quo
1579 827 1643 873 uss
1659 813 1711 878 vir
1729 833 1790 902 pro

462 920 613 1006 quodam
636 916 789 1008 ponitur,
817 915 914 1009 quasi
938 916 1091 986 diceret:
1107 925 1185 1006 post
1205 941 1260 984 me
1279 921 1443 983 venturus
1457 921 1506 1006 est
1520 915 1663 1005 quidam
1680 919 1790 985 maior

462 1045 517 1093 me
536 1054 553 1091 »
574 1022 723 1112 (Meldi.
745 1023 842 1103 Quod
865 1022 937 1090 eius
961 1022 1195 1092 testimonium
1217 1027 1259 1090 eo
1280 1022 1420 1089 maioris
1443 1027 1493 1088 est
1509 1023 1689 1106 momenti,
1708 1025 1789 1112 quia

461 1152 528 1199 non
556 1129 754 1199 coniectura
776 1153 836 1199 seu
862 1130 1061 1218 cognitione
1091 1131 1259 1208 humana,
1285 1128 1344 1196 sed
1377 1127 1583 1195 revelatione
1612 1128 1729 1196 divina
1756 1135 1790 1197 et

379 1316 382 1321 ,
461 1237 622 1306 mandato
639 1236 758 1305 divino
772 1235 965 1327 proiectum
978 1242 1029 1304 est
1042 1258 1076 1303 v.
1094 1243 1134 1303 31
1155 1248 1189 1303 et
1202 1258 1264 1326 epo
1277 1235 1468 1302 nesciebam
1481 1257 1576 1315 enm,
1595 1234 1656 1302 sed
1667 1249 1705 1302 nt
1714 1259 1791 1302 sren-

459 1344 644 1433 nifastetur
666 1343 703 1411 in
726 1335 836 1412 Israel
853 1355 894 1432 τῷ
922 1344 1067 1433 Ἰσραήλ,
1095 1342 1211 1410 Israeli
1236 1343 1339 1432 (Any.
1370 1342 1468 1425 Cni.,·
1487 1341 1564 1408 vide
1586 1341 1666 1408 lect.
1684 1344 1787 1430 van),

456 1460 634 1541 propterca
645 1450 726 1518 veni
734 1471 797 1540 epo
812 1448 850 1515 in
864 1473 957 1540 aqua
973 1448 1154 1538 baptizans
1158 1469 1174 1533 ‚·
1188 1449 1297 1516 voluit
1307 1448 1423 1537 itaque
1437 1452 1533 1531 ilaus,
1547 1454 1584 1516 ut
1598 1452 1688 1515 lesus
1703 1449 1785 1537 bap·

458 1557 597 1624 tismum
622 1559 825 1647 susciperct3
852 1579 960 1646 quare
983 1560 1076 1623 lesus
1100 1556 1203 1639 dixit,
1225 1578 1304 1622 cum
1329 1555 1478 1644 baptista
1498 1576 1576 1622 eum
1601 1555 1788 1644 prohibere

458 1661 583 1730 vellet:
600 1663 674 1731 sine
688 1663 810 1744 modo;
828 1651 878 1729 sic
888 1663 979 1730 onim
993 1662 1092 1730 decet
1100 1684 1163 1729 nos
1170 1663 1314 1752 implere
1326 1684 1465 1729 omnem
1477 1661 1639 1729 iustitiam
1658 1662 1785 1751 (Matth.

328 1837 341 1854 „
457 1771 567 1854 3,15);
584 1773 689 1859 atque
702 1770 741 1837 in
759 1770 826 1837 hoc
852 1768 1025 1861 baptismo
1043 1767 1154 1837 voluit
1169 1791 1246 1836 eum
1263 1769 1481 1836 manifestare
1499 1769 1613 1836 Israeli
1629 1769 1696 1835 illis
1711 1768 1784 1835 scil.

374 1940 377 1952 ἲ
456 1876 563 1964 signis
579 1897 668 1966 qnae
688 1877 876 1945 factasunt
896 1877 1026 1966 (nach.
1056 1882 1149 1957 ato.
1171 1883 1224 1943 17.
1246 1881 1345 1943 llaec.
1364 1880 1489 1955 1,9-11.
1509 1880 1584 1942 Luc.
1604 1881 1695 1956 331.
1714 1877 1784 1962 22).

457 1987 566 2061 Quare
581 1989 741 2072 apertum
757 1987 809 2049 est
822 1981 890 2052 hoc
903 1983 979 2051 loco
994 1982 1031 2048 id
1045 1986 1167 2049 notum
1181 1982 1328 2072 supponi
1343 1982 1435 2072 quod
1452 1981 1621 2071 synoptici
1639 1982 1682 2048 de
1697 1981 1784 2071 hap-

422 2099 423 2104 ’
457 2089 555 2157 tismo
582 2094 656 2157 lesu
680 2090 846 2157 referunt.
869 2089 1037 2179 Baptistae
1057 2089 1176 2178 itaque
1201 2088 1314 2155 missio
1340 2093 1427 2169 erat,
1447 2093 1485 2154 ut
1506 2095 1540 2154 et
1565 2094 1636 2155 lesu
1657 2088 1785 2155 adven·

457 2201 527 2262 tum
551 2195 782 2284 praediceret,
807 2196 840 2263 ei
869 2218 932 2286 per
957 2194 1211 2285 poenitentiam
1240 2196 1375 2263 animos
1403 2202 1641 2285 praepararet,
1671 2201 1703 2260 et
1726 2217 1786 2261 suo

459 2301 649 2369 ministerio
665 2324 747 2369 eum
758 2301 917 2370 sollemni
935 2302 1038 2370 modo
1053 2302 1182 2392 populo
1197 2302 1441 2374 manifestaret

498 2406 601 2474 Solvit
623 2407 742 2499 itaque
765 2408 917 2500 baptista
938 2414 1015 2498 post
1038 2431 1074 2476 se
1098 2415 1284 2476 venturum
1304 2430 1375 2475 esse
1398 2407 1570 2497 quendam
1596 2407 1778 2488 maiorem,

455 2512 515 2603 qui
530 2513 624 2605 prior
637 2514 711 2604 ipso
726 2513 902 2582 exstiterit.
927 2518 1051 2582 Verum
1070 2515 1209 2583 huncne
1224 2514 1328 2582 etiam
1344 2523 1434 2582 recte
1446 2513 1641 2601 designavit
1655 2514 1692 2579 in
1710 2536 1783 2602 per-

455 2640 538 2688 sona
552 2622 647 2688 lesui
665 2621 712 2689 ad
737 2623 803 2690 hoc
825 2620 1011 2713 respondet
1032 2621 1260 2710 evangelista,
1282 2644 1447 2689 enarrans
1466 2621 1560 2712 quali
1578 2622 1677 2708 signo
1695 2621 1783 2709 bap-

454 2726 531 2794 tista
550 2727 716 2796 divinitus
737 2728 781 2796 sit
804 2728 959 2813 edoctus,
977 2729 1054 2817 quis
1076 2734 1164 2796 esset
1185 2728 1245 2796 ille
1267 2759 1283 2790 «
1310 2736 1503 2795 venturus»
1527 2752 1558 2794 v.
1574 2735 1616 2794 32
1635 2742 1667 2793 et
1690 2728 1782 2794 testi-

452 2832 606 2900 monium
623 2833 801 2924 perhibuit
818 2837 963 2902 Ioannes
982 2833 1100 2903 dicens
1113 2856 1126 2900 .·
1149 2835 1233 2926 quin
1253 2835 1327 2901 vidi
1342 2834 1511 2924 Spiritum
1527 2834 1781 2900 descendentem

451 2938 555 3026 quasi
569 2940 761 3006 columbam
777 2938 820 3006 de
833 2940 926 3008 coelo
942 2953 975 3008 et
990 2943 1119 3008 mansit
1137 2964 1240 3032 snper
1252 2962 1350 3026 etttn‚·
1364 2946 1441 3014 Luc.
1464 2947 1543 3024 3,ἳὲ
1558 2945 1591 3006 et
1606 2940 1783 3007 descendit

452 3045 595 3134 Spiritus
614 3050 751 3113 sanctus
779 3047 948 3137 corporali
969 3047 1083 3136 specie
1106 3048 1194 3115 sicut
1219 3047 1382 3115 columba
1407 3049 1443 3114 in
1464 3049 1593 3136 ipsum3
1616 3048 1663 3114 ita
1682 3049 1778 3136 quasi

452 3151 645 3218 columbam
655 3159 827 3243 exponunt
834 3161 876 3234 ὡς
886 3163 917 3221 ἐν
927 3162 997 3222 εἴδει
1006 3163 1184 3243 περιστερᾶς
1196 3155 1291 3236 Chr„
1303 3165 1332 3222 ἐν
1344 3165 1486 3242 σχήματι,
1496 3163 1574 3238 εῖδει,
1584 3164 1778 3241 σχηματίσμῳ

454 3259 532 3345 Cpr.
552 3265 586 3324 et
607 3259 849 3338 communitam
869 3259 956 3327 falso
986 3260 1093 3328 Weiss
1117 3261 1156 3328 id
1176 3262 1287 3328 solum
1316 3261 1385 3328 dici
1417 3261 1504 3340 vult,
1528 3260 1777 3350 apparitionem

452 3363 625 3452 quandam
650 3364 804 3433 lucidam
830 3366 1044 3434 descendisse
1065 3369 1194 3435 nonin
1220 3368 1331 3454 figura
1360 3369 1412 3434 vel
1440 3369 1551 3433 forma
1580 3368 1775 3448 columbae,

451 3469 510 3537 sed
524 3471 573 3537 ita
587 3469 720 3560 placide
731 3471 820 3539 sicut
833 3471 997 3541 columba
1015 3473 1150 3564 placide
1161 3475 1268 3542 soleat
1282 3474 1508 3555 descendere3
1525 3474 1584 3541 sed
1600 3473 1636 3540 id
1655 3474 1689 3539 in
1708 3496 1776 3562 quo

451 3581 536 3643 esset
550 3576 762 3666 comparatio
779 3599 850 3646 non
871 3578 1130 3670 exprimeretur,
1154 3587 1187 3647 et
1212 3580 1353 3670 insuper
1374 3579 1552 3647 columbae
1569 3579 1723 3669 placidus
1739 3601 1778 3646 ae

449 3681 559 3749 lentus
582 3683 716 3750 volatus
734 3683 932 3752 nullatcnus
956 3692 1006 3753 est
1031 3685 1080 3753 ita
1101 3688 1276 3777 proprius,
1303 3694 1341 3753 ut
1357 3688 1428 3755 sola
1448 3688 1575 3754 mentio
1595 3687 1775 3754 columbae

449 3779 619 3856 sufficeret
637 3790 683 3857 ad
702 3790 902 3858 demensum
923 3791 1100 3879 placidum
1123 3816 1163 3861 uc
1186 3792 1319 3861 lentum
1345 3793 1607 3880 designandum.
1627 3798 1695 3859 lam
1723 3793 1774 3858 ul-

451 3894 556 3962 terius
569 3897 713 3986 explicat
725 3898 795 3963 vim
814 3903 849 3964 et
866 3896 1156 3985 significationem
1177 3900 1281 3968 huius
1296 3901 1386 3987 signi
1409 3924 1441 3967 v.
1463 3907 1504 3968 33
1523 3914 1555 3966 et
1572 3922 1634 3989 epo
1650 3899 1775 3965 nescie-

450 4003 527 4068 bam
538 4003 925 4093 enm,·sciehatquidem
936 4003 1109 4072 Christum
1123 4028 1195 4073 esse
1210 4014 1408 4088 venturum,
1426 4012 1534 4073 lesum
1554 4012 1666 4072 autem
1690 4005 1775 4071 lacie

451 4130 519 4175 non
541 4109 651 4192 novit3
672 4138 687 4171 «
709 4132 789 4177 nam
808 4114 880 4176 toto
901 4109 990 4177 vitae
1012 4118 1166 4201 tempore
1184 4115 1218 4179 in
1239 4113 1374 4179 deserto
1389 4111 1588 4179 versabatur
1603 4116 1696 4177 extra
1714 4134 1773 4200 pa·

450 4197 582 4281 ternanh
605 4214 748 4285 domum
776 4244 792 4278 u
824 4215 919 4305 (etr.
948 4220 1028 4285 Luc.
1059 4224 1155 4298 1‚80;
1181 4218 1271 4308 3,u);
1297 4247 1312 4278 «
1336 4226 1369 4285 et
1383 4219 1553 4308 quomodo
1573 4217 1775 4284 mittebatur

449 4320 585 4388 Samuel
599 4320 636 4387 in
653 4323 852 4391 Bethlehem
866 4321 976 4391 sciens
991 4347 1063 4392 esse
1080 4325 1115 4391 in
1137 4325 1216 4392 liliis
1233 4326 1296 4392 lsai
1309 4348 1411 4415 quem
1428 4332 1571 4411 ungeret
1584 4327 1619 4390 iu
1633 4345 1772 4410 regem,

449 4428 506 4495 sed
533 4429 608 4518 quis
630 4427 781 4497 liliorum
805 4431 877 4497 eius
906 4436 994 4498 esset
1016 4431 1186 4512 nesciens,
1213 4433 1259 4499 sie
1286 4439 1320 4498 et
1343 4455 1409 4519 ego
1435 4432 1512 4497 veni
1535 4433 1568 4495 in
1595 4430 1773 4496 iordanem

449 4533 617 4604 Christum
646 4534 715 4601 iam
739 4538 867 4604 venisse
883 4535 1010 4619 sciens,
1037 4538 1096 4605 sed
1118 4539 1153 4605 in
1174 4561 1319 4628 persona
1338 4540 1414 4627 quis
1437 4537 1586 4603 Christus
1610 4543 1698 4603 esset
1717 4557 1774 4601 ne-

448 4641 554 4707 sciens
579 4672 595 4703 »
626 4641 726 4732 (nep.
755 4643 863 4712 Satm.
891 4643 961 4710 Tol.
989 4647 1068 4711 Bor.
1094 4646 1207 4734 Lep).
1232 4650 1347 4733 Neque
1373 4643 1580 4710 contrarium
1606 4642 1773 4729 estquod

449 4748 564 4814 Matth.
581 4753 844 4830 astusastus.
867 4755 948 4818 Cum
968 4751 1060 4818 enim
1081 4753 1184 4819 sciret
1198 4750 1369 4818 Christum
1384 4772 1454 4816 esse
1469 4751 1513 4816 ad
1528 4772 1561 4814 se
1576 4757 1770 4830 renarrem,
