4050 5648
347 327 408 387 530
900 344 981 390 roan.
1007 327 1121 399 {sc-7.

342 500 460 550 caesus
475 490 542 561 est;
559 481 667 547 servet
679 475 888 562 ignominia,
904 471 1218 570 frigesootinvidia3
1230 474 1373 542 sednon
1388 476 1556 565 frigescit,
1575 475 1671 543 inar-

343 585 453 657 descit
479 588 593 677 potius
614 587 648 648 ct
668 581 865 652 increscit»
894 586 999 675 (Anq.
1027 578 1171 668 raom).
1194 585 1289 648 Nunc
1309 585 1359 647 est
1383 581 1561 673 impletum
1579 579 1670 650 illud

228 754 229 760 ,
341 695 444 762 Isaiae
462 717 469 760 :
487 712 553 756 non
583 693 633 754 est
651 690 785 778 species
803 693 832 759 ci
852 714 964 780 neque
990 689 1093 755 decor
1108 693 1141 754 et
1161 687 1308 755 vidimus
1326 708 1405 754 eum
1420 688 1619 781 despectum
1637 696 1673 756 et

341 798 560 867 novissimum
590 795 760 882 virorum,
788 801 899 865 virum
924 797 1081 864 dolorum
1109 795 1213 879 (532.
1233 803 1269 877 3;
1294 795 1410 885 nupt
1429 798 1538 864 lesum
1551 799 1672 888 itaque

342 905 428 973 adeo
440 900 627 970 crudeliter
641 905 797 972 habitum
812 910 850 970 ut
861 903 1077 971 considerent
1088 910 1201 969 monet
1218 926 1226 970 :
1245 901 1356 970 videte
1372 901 1543 970 hominem
1560 904 1668 987 bunc,

342 1007 455 1074 videte
477 1007 549 1075 eius
575 1011 853 1098 castigationem,
875 1008 986 1074 videte
1009 1006 1252 1091 deiectionem,
1277 1008 1387 1075 videte
1410 1029 1488 1074 eum
1502 1008 1590 1076 adeo
1605 1011 1671 1078 mi·

342 1135 456 1181 serum
472 1116 610 1206 (Iona).
634 1121 701 1184 Hoc
722 1113 961 1201 indignissimo
980 1115 1174 1202 spectaculo
1198 1114 1360 1204 sperabat
1379 1115 1538 1183 satiatum
1559 1114 1603 1183 iri
1615 1121 1671 1185 lu·

342 1220 508 1288 dacorum
526 1223 677 1290 furorem
695 1222 818 1310 (Gya).

389 1355 405 1388 ι(
428 1333 470 1396 lt
482 1328 613 1395 obstitit
626 1326 839 1416 inexplebile
858 1327 974 1395 odium
990 1328 1190 1417 pontificum
1212 1338 1246 1395 et
1260 1327 1496 1396 ministrorum
1518 1328 1671 1418 quisuis

344 1435 516 1522 magistris
534 1434 812 1502 subscribebant.
836 1435 874 1502 lli
895 1436 1005 1516 enim,
1029 1441 1068 1500 ut
1086 1433 1244 1500 viderunt
1270 1455 1367 1514 eum,
1388 1440 1521 1503 tantum
1538 1434 1668 1518 abluit,

344 1547 381 1607 ut
399 1541 621 1632 placarentur
645 1547 679 1607 et
703 1540 748 1608 ad
772 1541 1027 1608 miserationem
1047 1545 1358 1619 commoverentur,
1382 1545 1419 1606 ut
1436 1542 1540 1609 etiam
1558 1541 1672 1630 magis

343 1648 560 1714 irritarentur
574 1653 608 1713 et
631 1646 739 1713 instar
760 1669 882 1714 canum
906 1669 948 1715 ac
963 1647 1117 1713 ferarum
1130 1667 1217 1734 quae
1232 1651 1369 1732 gustata
1381 1668 1484 1715 carne
1495 1648 1610 1736 magis
1622 1648 1671 1716 ad

343 1775 418 1820 eam
437 1753 668 1819 devorandam
684 1753 866 1832 anbelant,
883 1775 923 1818 ex
937 1758 1117 1840 conspecto
1132 1755 1204 1819 eius
1218 1753 1386 1839 sanguine
1400 1753 1550 1842 amplius
1562 1754 1668 1821 etiam

343 1858 475 1925 sitirent
493 1859 673 1946 sanguinis
690 1861 761 1926 eius
780 1859 978 1926 effusionem
1006 1886 1022 1920 a
1044 1860 1148 1946 (lons,
1175 1860 1252 1926 sim.
1275 1861 1355 1949 Cyr.
1381 1859 1488 1950 Tol.);
1505 1883 1539 1929 v.
1557 1867 1671 1929 (teum

343 1987 424 2055 erpo
437 1963 602 2032 vidissent
628 1986 706 2032 eum
725 1965 908 2056 pontifices
926 1977 959 2032 et
984 1965 1137 2032 ministri
1151 1964 1344 2051 clamabant
1357 1964 1506 2033 dicentes
1524 1988 1539 2033 .·
1558 1968 1670 2035 cruci·

339 2072 429 2160 fiqe,
450 2072 612 2162 crucifiqe
631 2094 728 2152 carm,
749 2101 764 2132 ιι
790 2080 965 2163 tamquam
990 2074 1053 2139 leri
1076 2095 1234 2140 canesco
1260 2072 1371 2139 solum
1390 2073 1461 2140 viso
1483 2072 1670 2142 furibunde

342 2178 573 2260 oblatrabant,
588 2180 686 2268 quasi
699 2180 790 2247 ferae
802 2179 932 2246 bestiae
947 2202 1034 2268 quae
1050 2179 1215 2268 praedam
1229 2179 1414 2247 sentientes
1428 2180 1670 2249 statimincur-

342 2293 438 2363 runt;
450 2307 529 2352 nam
539 2286 669 2353 invidia
677 2286 764 2352 ebrii
773 2286 810 2353 in
818 2285 958 2353 caedem
967 2285 1128 2354 adversus
1135 2309 1214 2353 eum
1221 2286 1477 2355 debacchantur
1485 2315 1502 2349 »
1513 2287 1668 2378 (Eutd.);

343 2392 471 2459 Pilatus
482 2394 586 2459 etiam
595 2393 799 2460 buncsuum
815 2398 976 2460 conatum
988 2415 1058 2460 esse
1075 2394 1275 2460 frustratum
1294 2391 1505 2481 intelligens,
1522 2416 1600 2462 cum
1616 2395 1671 2462 ira

343 2505 376 2565 et
405 2498 641 2586 indignatione
662 2505 696 2566 et
717 2499 841 2567 acerbo
866 2521 1037 2566 sarcasmo
1059 2498 1245 2589 respondet
1268 2522 1276 2567 ε
1298 2500 1444 2591 occipite
1458 2522 1536 2567 eum
1555 2523 1614 2569 vos
1637 2514 1670 2568 et

343 2606 556 2694 crrrcifiqitoe
568 2606 734 2696 eqoenim
749 2628 819 2672 raon
832 2605 968 2673 inuenio
989 2605 1027 2672 in
1040 2629 1078 2673 eo
1097 2626 1258 2689 causam;
1272 2628 1336 2694 ego
1352 2629 1423 2673 non
1437 2629 1574 2696 possum
1589 2628 1668 2676 eum

344 2712 563 2799 crucifigere;
582 2713 773 2801 crucifigite
791 2736 867 2797 vos,
884 2714 912 2779 si
930 2713 1085 2802 potestiS,
1101 2713 1160 2780 sed
1178 2714 1277 2780 vobis
1291 2715 1352 2802 qui
1365 2716 1469 2782 vultis
1483 2736 1554 2781 non
1569 2714 1667 2797 licet;

345 2841 410 2906 ego
426 2819 486 2909 qui
502 2842 634 2909 possem
650 2819 747 2887 nolo!
768 2819 856 2886 bene
871 2818 1015 2909 Tlreoplr.
1032 2840 1046 2884 :
1062 2847 1079 2880 ι(
1095 2841 1161 2906 ego
1172 2820 1312 2909 quidem
1327 2820 1387 2910 qui
1396 2820 1507 2887 babeo
1520 2821 1671 2911 potesla-

346 2933 414 2993 tem
434 2926 678 3014 crucifigendi,
704 2926 835 2993 nullam
862 2926 1001 2992 invenio
1024 2947 1175 3006 oausam,
1197 2906 1388 2994 vosautem
1413 2949 1482 2995 non
1504 2927 1670 2996 babentes

344 3039 546 3124 potestatem
574 3032 686 3100 dicitis
714 3055 793 3099 eum
812 3054 928 3113 reum3
947 3032 1090 3121 accipito
1106 3033 1214 3119 igitur
1231 3055 1311 3099 eum
1331 3041 1365 3100 et
1383 3034 1591 3121 crucifigite:
1608 3035 1669 3103 sed

344 3161 413 3207 non
426 3140 766 3230 habetispotestatem
777 3160 785 3219 3
798 3159 881 3225 ergo
891 3138 1084 3205 dimittatur
1096 3140 1199 3206 bomo
1215 3139 1273 3205 ille
1291 3168 1306 3199 a
1319 3147 1353 3207 et
1368 3140 1445 3208 Chr.
1464 3162 1477 3205 .·
1493 3168 1509 3202 «
1528 3141 1669 3209 adverte

343 3254 428 3337 quot
450 3246 560 3313 modis
584 3246 681 3313 illum
704 3253 829 3335 purget
848 3250 882 3313 et
900 3266 1001 3334 quam
1019 3246 1217 3334 frequenter
1236 3245 1380 3314 crimina
1399 3249 1593 3337 propulset;
1606 3247 1668 3315 sed

344 3376 444 3420 canes
464 3352 538 3419 illos
554 3352 639 3419 nihil
652 3357 805 3419 avertere
819 3352 945 3442 potuit;
962 3373 1042 3419 nam
1056 3351 1145 3418 illud
1156 3351 1304 3443 occipite
1320 3364 1353 3420 et
1364 3353 1553 3443 crucifiqite
1576 3354 1669 3422 iusti-

345 3459 468 3527 dientis
481 3466 533 3526 est
545 3466 579 3526 et
591 3459 799 3549 impellentis
814 3458 857 3526 ad
872 3480 946 3526 rem
972 3457 1042 3525 illis
1063 3480 1132 3524 non
1144 3481 1339 3526 concessam
1358 3488 1387 3528 ».
1403 3460 1541 3527 lliratur
1555 3462 1665 3542 enim,

346 3573 384 3634 ut
401 3568 481 3655 Cpr.
506 3567 570 3647 ait,
596 3567 737 3634 illorum
757 3566 954 3646 audaciam,
978 3587 1047 3654 qua
1072 3573 1141 3632 tam
1167 3566 1374 3633 horrendam
1395 3574 1540 3646 mortem
1561 3566 1670 3635 velint

347 3674 474 3740 inierre
497 3675 571 3740 sine
594 3673 665 3739 ullo
691 3673 850 3756 crimine3
873 3671 1001 3739 idcirco
1020 3694 1097 3739 cum
1121 3672 1361 3760 indignatione
1375 3674 1445 3740 ait:
1463 3696 1563 3742 mene
1577 3676 1669 3741 iniu-

346 3788 417 3847 stae
438 3781 551 3847 caedis
576 3781 679 3847 huius
705 3787 880 3848 auctorem
907 3778 1054 3846 fecistis?
1083 3801 1147 3867 ego
1173 3786 1293 3846 contra
1312 3779 1405 3867 leges
1433 3785 1667 3847 Romanorum

347 3888 452 3954 etiam
480 3888 679 3954 innocentes
704 3886 884 3954 occidam?
900 3908 960 3952 vos
982 3907 1119 3953 crucem
1143 3886 1173 3953 ei
1197 3881 1309 3973 figite,
1329 3887 1357 3953 si
1381 3893 1581 3978 potestatem
1607 3888 1669 3954 ha·

346 3994 450 4062 betis!
1242 4060 1246 4069 .

390 4102 475 4180 Quid
498 4103 605 4189 igitur
623 4102 853 4188 synedristae?
870 4088 1010 4168 Frustra
1030 4100 1201 4187 urgebant
1222 4098 1369 4167 crimina
1388 4108 1422 4168 et
1437 4101 1668 4168 accusationes

343 4217 462 4278 contra
478 4233 549 4276 rem
571 4208 718 4276 civilem.
738 4209 863 4276 Pilatus
884 4207 1048 4298 perspicit
1065 4206 1183 4272 inania
1200 4229 1242 4273 ea
1256 4229 1325 4274 esse
1341 4217 1374 4275 et
1390 4207 1512 4276 iutilia.
1531 4211 1668 4296 Cogun-

344 4323 399 4383 tur
419 4317 535 4405 itaque
548 4316 591 4383 ad
608 4337 680 4382 rem
697 4337 902 4404 causamque
920 4314 1115 4400 religiosam
1133 4337 1309 4382 recurrere
1325 4320 1358 4382 et
1368 4316 1506 4383 student
1518 4314 1666 4382 Pilatum

345 4446 485 4511 cogere,
501 4421 726 4491 obtendentes
739 4445 836 4490 suam
848 4423 961 4507 legem
972 4475 979 4503 ,
992 4420 1180 4488 secundum
1199 4444 1304 4511 quam
1318 4422 1393 4490 iisa
1412 4421 1574 4490 Romanis
1589 4444 1667 4512 per-

347 4532 492 4597 mittitur
521 4532 647 4598 vinere.
676 4534 859 4620 Opponunt
881 4550 965 4615 crgo
986 4528 1035 4594 illi
1057 4551 1064 4596 :
1086 4551 1146 4619 eqo
1170 4552 1241 4595 non
1263 4517 1578 4614 invenio'causam,
1604 4552 1666 4596 nos

348 4636 514 4703 babemus
537 4637 651 4724 legem
671 4658 702 4701 v.
728 4643 748 4700 7
776 4634 1021 4725 responderunt
1044 4636 1076 4702 ei
1100 4634 1222 4702 Iudaei
1238 4635 1263 4702 i.
1286 4659 1316 4703 e.
1343 4635 1490 4720 nobiles,
1507 4635 1665 4724 synedri-

346 4750 437 4810 stae:
456 4766 516 4809 nos
536 4745 643 4834 legem
658 4742 820 4810 habentus
834 4755 865 4809 ct
880 4743 1067 4809 securtdum
1083 4743 1190 4832 laeam
1211 4740 1307 4809 debet
1319 4744 1415 4826 mori,
1438 4743 1521 4831 quio
1539 4744 1665 4810 Filiam
