4116 5648
292 39 643 210 wi

800 361 860 415 cua
882 358 1043 407 occasionn
1064 362 1152 407 ursan
1173 362 1220 406 sir
1240 359 1393 406 scaurus.
1720 346 1753 405 tt

435 490 757 581 merobaptistarum
772 517 914 570 nomen,
930 498 963 557 ct
978 491 1140 563 Clement.
1160 495 1252 559 hom.
1272 499 1350 574 223
1366 494 1475 561 solum
1491 497 1633 559 loannes
1648 500 1757 564 nomi·
1896 498 1950 539 h

435 609 553 679 natur3
566 598 793 685 inllecognit.
812 601 973 669 clement.
997 608 1084 682 1,5t·.
1100 608 1152 666 60.
1167 605 1209 664 93
1226 598 1287 686 (Μ.
1304 608 1424 681 1,1238
1440 602 1525 690 seq.)
1543 600 1668 667 dicitur
1683 604 1757 688 qui·

435 708 514 774 dem
538 704 583 771 ab
607 704 781 793 aliquibus
808 704 944 773 loannis
968 706 1144 798 discipulis
1170 707 1372 793 magistrum
1400 708 1629 796 praedicatum
1658 706 1757 773 luisse

299 898 304 907 .
362 825 365 845 ³
435 810 600 894 llessiam,
614 817 649 877 at
665 812 725 880 hos
738 810 921 899 discipulos
930 835 1003 880 esse
1016 837 1054 882 ex
1072 813 1370 902 hemerobaptistis
1384 812 1576 878 nullatenus
1591 815 1754 880 innuitur.

296 962 316 1010 1
333 983 335 987 ,
434 920 549 1007 Neque
564 939 605 984 ex
619 920 796 1007 evangelio
811 923 926 985 nostro
945 927 1021 998 ara
1037 940 1107 1005 seq.
1123 923 1156 982 et
1173 925 1252 1000 325
1266 940 1337 1007 seq.
1357 924 1466 1005 potest
1483 918 1639 985 concludi
1654 920 1689 986 icl
1704 921 1756 986 di-

306 1086 310 1095 .
327 1025 335 1082 3
412 1067 415 1071 -
434 1023 502 1110 rigi
516 1031 633 1094 contra
647 1022 813 1095 eiusmodi
828 1023 1023 1116 discipulos.
1048 1026 1264 1111 Evangelista
1279 1024 1471 1091 testimonio
1487 1026 1622 1091 loannis
1635 1027 1753 1106 utitur,

415 1200 418 1206 ,
434 1129 516 1218 quia
525 1130 630 1222 ipsius
640 1130 821 1200 auctoritas
833 1132 927 1220 apud
941 1133 1079 1200 ludaeos
1090 1140 1162 1197 erat
1178 1154 1320 1218 magne,
1337 1133 1384 1196 uti
1396 1153 1434 1196 ex
1445 1132 1752 1221 synopticisethct.
1889 1206 1891 1210 Α

435 1241 476 1304 13
479 1241 534 1321 et
545 1244 648 1329 patet
663 1237 782 1324 nuque
792 1258 820 1302 s1
811 1236 974 1306 aderant
985 1237 1154 1304 eiusmodi
1167 1239 1314 1305 cultores
1326 1237 1459 1303 loannis
1472 1236 1650 1326 baptistae
1663 1260 1757 1305 error
1849 1247 1856 1299 ’.

433 1365 552 1413 eorum
566 1344 686 1411 eodem
702 1343 804 1409 modo
823 1345 1025 1423 excluditur,
1043 1366 1111 1432 quo
1132 1345 1344 1433 reliquorum
1361 1344 1624 1424 haereticorum,
1639 1354 1757 1459 contra
1894 1336 1950 1362 ’

298 1481 300 1487 ’
330 1494 333 1498 -
434 1473 521 1541 quos
534 1456 650 1516 tamen
663 1449 791 1516 directe
805 1471 863 1536 ag1
854 1450 947 1518 dici
962 1451 1092 1539 nequit.

284 1542 287 1551 ’
477 1561 599 1622 Verum
618 1561 737 1623 contra
754 1578 840 1645 quos
854 1563 973 1647 aperte
988 1562 1021 1624 et
1035 1556 1163 1623 directe
1184 1557 1312 1624 scribat
1328 1563 1469 1625 loannes
1481 1565 1514 1623 et
1527 1579 1610 1647 quos
1623 1578 1755 1645 pugna-

433 1663 518 1730 citer
533 1662 767 1748 aggrediatur,
787 1666 868 1730 satis
886 1670 1030 1754 apparet
1051 1686 1091 1729 ex
1105 1663 1411 1752 disceptationibus
1427 1668 1497 1729 lesu
1518 1685 1595 1730 cum
1612 1663 1756 1730 ducibus

433 1768 569 1859 populi,
591 1790 669 1836 cum
689 1769 900 1856 synedristis.
923 1775 1048 1837 Horum
1072 1771 1331 1847 infidelitatem,
1355 1770 1616 1851 contumaciam,
1640 1770 1753 1836 odium

283 1918 291 1965 ,¹
334 1909 337 1914 ’
433 1875 540 1943 effert.
554 1880 640 1944 llaec
653 1875 821 1943 nobilium
834 1877 1005 1966 oppositio
1019 1876 1132 1943 statim
1147 1877 1353 1943 describitur
1368 1883 1463 1958 a,18;
1482 1878 1605 1943 horum
1618 1899 1756 1964 perver-

431 1983 513 2050 sitas
528 1988 876 2065 accusatur3,19-21;
894 1984 935 2049 iis
951 1982 1176 2073 exprobratur
1188 1984 1281 2072 quod
1299 1988 1388 2049 lesus
1398 1983 1519 2051 debuit
1532 1983 1689 2050 iudaeam
1705 2004 1756 2049 re·

432 2089 590 2178 linquere
610 2096 664 2172 t,1
687 2098 720 2156 et
739 2089 830 2178 quod
854 2094 943 2156 lesus
962 2089 1194 2157 testinnonium
1217 2090 1410 2178 perhibuit,
1433 2092 1514 2179 quia
1534 2091 1701 2180 propheta
1719 2089 1756 2156 in

395 2198 396 2202 ’
431 2217 492 2264 sua
504 2196 615 2286 patria
629 2196 794 2264 honorem
807 2219 875 2263 non
894 2197 999 2264 habet
1011 2202 1101 2276 t,tt.
1118 2202 1241 2264 Eorum
1256 2198 1388 2263 malitia
1399 2198 1578 2286 exponitur
1593 2205 1682 2275 ΜΞ.
1699 2203 1752 2264 16.

289 2290 295 2302 “
433 2306 474 2369 18
479 2357 491 2388 ,
506 2324 585 2369 cum
598 2309 708 2370 lesum
719 2305 763 2372 ob
771 2305 984 2371 sanationem
999 2305 1143 2371 sabbato
1155 2305 1278 2372 iactam
1295 2311 1543 2394 persequantur
1555 2312 1588 2371 et
1600 2305 1754 2390 obsuum

431 2407 474 2475 de
493 2430 528 2475 se
546 2409 777 2476 testimonium
799 2411 908 2498 signis
933 2412 1115 2501 probatum
1140 2414 1250 2497 magis
1270 2418 1438 2499 quaerant
1461 2411 1666 2490 interlicere;
1688 2411 1756 2476 illis

431 2514 591 2582 obiicitur
604 2516 775 2606 appetitus
789 2517 920 2602 gloriae
933 2540 1002 2606 quo
1017 2539 1038 2583 a
1053 2517 1119 2583 fide
1136 2518 1358 2595 retineantur,
1376 2523 1409 2583 et
1424 2517 1490 2581 iam
1505 2539 1547 2582 ne
1564 2516 1663 2603 Moysi
1677 2517 1754 2605 qui-

430 2620 510 2689 dem
525 2622 664 2690 credere
679 2623 927 2713 perhibeantur
943 2623 1128 2708 (eat-tr).
1144 2628 1238 2689 Festo
1252 2624 1476 2712 scenopegiae
1493 2646 1596 2712 quam
1611 2625 1754 2689 maxime

431 2729 589 2819 proditur
603 2728 723 2797 odium
741 2751 859 2797 eorum
876 2736 908 2797 et
928 2730 1140 2817 malignitas3
1160 2731 1281 2796 turbae
1303 2731 1424 2796 timore
1442 2738 1653 2811 coercentur;
1672 2731 1755 2818 pha·

413 2835 529 2916 ¹risaei
552 2857 631 2903 eum
650 2836 909 2926 apprehendere
936 2836 1069 2914 volunt;
1097 2837 1308 2903 invehuntur
1328 2837 1363 2902 in
1386 2860 1442 2903 eos
1468 2838 1526 2924 qui
1550 2837 1656 2903 coacti
1677 2843 1755 2902 sunt

431 2928 531 3008 lateri
549 2963 557 3009 :
572 2962 747 3030 nunquam
761 2942 808 3009 sic
821 2942 955 3008 locutus
969 2950 1019 3009 est
1032 2943 1151 3024 homo,
1168 2950 1200 3009 et
1217 2945 1248 3007 in
1265 2943 1487 3009 Nicodemum
1503 2945 1561 3032 qui
1576 2947 1691 3008 monet
1703 2947 1756 3008 tu-

330 3035 333 3040 ’
432 3047 614 3114 multuaric
624 3069 693 3115 non
703 3070 773 3114 esse
784 3053 990 3114 contraeum
1003 3050 1257 3137 procedendum
1271 3049 1375 3136 (7,11.
1389 3055 1438 3115 13.
1449 3055 1501 3114 30.
1512 3051 1638 3136 t5-52).
1650 3055 1754 3127 Quam

328 3238 331 3245 1
432 3153 577 3221 maxime
596 3153 865 3244 deprehenditur
883 3156 967 3221 haec
986 3157 1199 3243 oppugnatio
1219 3178 1293 3245 cap.
1317 3162 1354 3235 8;
1376 3178 1451 3221 nam
1474 3157 1664 3222 testimonio
1684 3161 1754 3221 lesu

332 3319 339 3349 ·.
366 3257 369 3264 ’
431 3266 612 3352 opponunt
626 3261 834 3340 irrisionem;
850 3261 942 3329 unde
959 3262 1080 3328 merito
1097 3268 1186 3328 lesus
1199 3285 1256 3328 eos
1273 3264 1453 3328 morituros
1470 3285 1542 3329 esse
1556 3264 1590 3328 in
1611 3264 1755 3352 peccatis

275 3400 279 3415 ·
318 3346 348 3441 ,·’
430 3367 529 3449 dicit,
544 3367 610 3435 nisi
625 3367 848 3448 crediderint3
865 3368 1077 3435 demonstrat
1092 3391 1150 3435 cos
1165 3392 1236 3436 esse
1252 3391 1366 3436 servos
1380 3370 1522 3459 peccati,
1541 3370 1650 3436 iacere
1667 3391 1754 3458 quae

275 3464 278 3471 ⁵
313 3476 317 3483 ’
430 3473 602 3542 adiabolo
617 3479 782 3565 patrosuo
795 3474 995 3553 didicerint,
1009 3498 1067 3541 eos
1078 3498 1147 3542 esse
1162 3499 1231 3542 non
1241 3499 1281 3542 ex
1294 3483 1376 3559 Deo,
1392 3477 1450 3542 sed
1460 3499 1498 3542 ex
1510 3483 1605 3565 patre
1619 3474 1754 3542 diabolo

431 3585 466 3648 et
475 3581 547 3648 eius
555 3581 720 3672 perficere
729 3581 909 3649 desideria.
921 3582 1164 3672 Blasphemant
1175 3584 1225 3647 illi
1238 3586 1271 3648 in
1282 3589 1402 3666 lesum,
1416 3605 1493 3649 eum
1504 3582 1754 3650 samaritanum

431 3691 464 3753 et
481 3685 665 3754 habentem
685 3688 904 3754 daemonium
920 3695 1077 3754 vocantes
1091 3695 1124 3754 et
1139 3691 1313 3776 praeclaro
1336 3695 1407 3756 lesu
1426 3689 1469 3755 de
1483 3711 1544 3756 sua
1558 3689 1674 3755 divina
1694 3711 1754 3754 na-

431 3798 509 3859 tura
530 3794 723 3862 testimonio
749 3795 958 3884 respondent
981 3801 1105 3861 conatu
1131 3819 1209 3861 eum
1235 3796 1423 3885 lapidandi.
1452 3797 1613 3862 Voluntas
1636 3817 1752 3861 eorum

431 3910 646 3990 summopere
661 3923 820 3989 perversa
833 3902 1013 3968 exhibetur
1025 3925 1100 3990 cap.
1119 3909 1155 3979 9;
1177 3926 1317 3971 caecum
1334 3903 1430 3968 illum
1445 3926 1513 3969 esse
1528 3908 1683 3967 sanatum
1697 3921 1753 3965 ne·

432 4027 517 4094 gare
536 4012 727 4095 nequeunt;
752 4015 957 4095 argumento
980 4011 1051 4074 eius
1074 4032 1082 4074 ε
1107 4011 1173 4075 nisi
1197 4011 1250 4075 hic
1276 4016 1364 4076 esset
1381 4033 1401 4075 a
1421 4016 1503 4088 lteo,
1531 4029 1600 4073 non
1623 4011 1754 4095 poterat

432 4114 543 4181 lacere
562 4113 767 4203 quidquam,
785 4115 870 4182 nihil
890 4122 1031 4204 possunt
1050 4138 1241 4204 opponere,
1259 4139 1377 4183 verum
1395 4116 1569 4203 impotenti
1592 4114 1705 4179 lurore
1719 4113 1754 4178 in

432 4241 510 4287 eum
523 4220 731 4288 invehuntur
746 4243 892 4311 eumque
904 4224 1088 4289 eiecerunt.
1108 4222 1192 4297 Quid
1208 4222 1317 4307 igitur
1331 4222 1373 4287 de
1385 4221 1508 4288 talibus
1523 4220 1677 4300 ducibus,
1695 4220 1754 4307 qui

431 4327 501 4393 iam
519 4327 797 4417 conspiraverant
811 4336 847 4393 ut
863 4331 891 4396 si
905 4330 982 4417 quis
997 4335 1106 4395 lesum
1121 4328 1344 4394 confiteretur
1358 4329 1525 4394 Christum
1541 4349 1558 4391 e
1578 4347 1755 4413 synagoga

433 4431 689 4501 excluderetur?
706 4435 796 4500 iures
815 4441 848 4500 et
867 4435 1016 4502 latrones
1030 4457 1086 4501 eos
1105 4443 1203 4500 vocat
1224 4440 1314 4502 lesus
1334 4443 1367 4501 et
1384 4436 1465 4501 tales
1480 4456 1537 4499 eos
1555 4455 1625 4499 esse
1644 4434 1754 4498 statim

431 4539 554 4609 iterum
568 4545 676 4631 patet,
694 4542 774 4632 quia
787 4547 894 4607 lesum
908 4544 950 4608 ad
967 4564 1070 4631 opera
1088 4564 1148 4608 sua
1164 4550 1406 4631 provocantem
1420 4548 1453 4606 et
1468 4540 1509 4606 de
1526 4563 1560 4606 se
1575 4547 1754 4606 testantem

433 4645 587 4738 lapidare
597 4645 715 4716 volunt
730 4650 833 4737 (toa.
849 4650 978 4737 sato),
994 4649 1149 4738 quamvis
1164 4650 1228 4738 ipsi
1239 4649 1442 4738 postularint
1456 4653 1492 4712 ut
1503 4647 1615 4735 palam
1628 4646 1756 4712 diceret

433 4753 508 4842 quis
519 4760 614 4822 esset.
627 4756 896 4823 Resuscitatione
908 4758 1022 4823 Lazari
1035 4756 1242 4842 synedristac
1256 4761 1289 4820 et
1300 4756 1364 4822 hoc
1376 4754 1538 4820 miraculo
1550 4762 1581 4821 et
1593 4753 1658 4819 lide
1667 4748 1755 4817 mul-
