4116 5648
855 387 940 434 roan.
963 370 1116 447 tant-23.
1589 373 1648 433 479

364 522 547 601 Exemplum
567 526 607 588 de
628 529 723 606 partu
738 521 827 582 vario
844 525 942 587 modo
963 521 1151 600 applicatur.
1160 525 1254 583 *Mors
1275 521 1389 583 Christi
1406 538 1500 581 cansa
1519 524 1579 586 tuit
1593 543 1645 586 re-

324 619 545 697 surrectionis,
560 625 646 686 sicut
665 624 775 700 partus
791 637 886 683 causa
905 626 954 683 est
972 619 1039 680 eius
1055 620 1108 697 qui
1130 621 1160 680 in
1181 619 1282 679 lucam
1302 621 1416 681 editur.
1434 619 1575 680 Christus
1591 641 1648 700 per

322 725 460 782 mortem
475 723 564 798 quasi
581 740 638 801 per
649 717 808 796 quendam
818 727 948 782 uterum
960 717 1087 802 genitus
1105 724 1137 778 et
1152 717 1263 777 solutis
1278 719 1441 779 doloribus
1455 717 1570 807 mortis
1590 737 1645 778 na-

302 806 304 812 ’
322 824 374 879 tus
389 820 437 876 est
447 835 549 881 novus
563 815 703 879 homoin
713 818 870 879 mundum
887 814 973 898 (Cir.
994 813 1122 895 Tleopb.
1135 814 1232 874 Eutlt.
1252 813 1334 873 lans.
1351 814 1452 896 Lala).
1470 815 1645 877 Tristitiam

322 917 353 974 et
368 913 508 978 dolorem
519 913 749 993 discipulorum
761 922 845 977 reete
855 913 1026 976 assimilari
1040 914 1149 974 dicunt
1164 912 1264 972 dolori
1283 918 1403 989 partus,
1419 932 1493 974 narn
1510 920 1645 992 uterque

306 1010 414 1092 dolor
431 1019 480 1076 est
502 1012 819 1087 vehementissimum
836 1012 956 1083 brevis;
978 1027 1034 1088 per
1053 1011 1195 1072 dolorem
1219 1010 1399 1088 pervenitur
1416 1011 1455 1070 ad
1476 1013 1643 1089 gaudium;

321 1108 411 1173 adest
424 1112 457 1172 in
472 1111 822 1190 utroquepericulnm;
840 1109 951 1171 eadem
967 1115 1016 1169 est
1034 1126 1126 1169 causa
1144 1107 1264 1169 doloris
1280 1113 1311 1167 et
1337 1108 1462 1186 gaudii;
1480 1111 1547 1169 scil.
1566 1127 1645 1189 puer

322 1225 419 1271 causa
444 1210 492 1270 est
514 1205 635 1268 doloris
657 1212 689 1270 et
716 1208 843 1287 gaudii,
869 1208 911 1266 ita
932 1205 1072 1267 Christus
1100 1224 1245 1284 quoque;
1267 1207 1419 1285 gaudium
1446 1207 1643 1285 subsequens

320 1310 369 1368 est
383 1305 552 1378 eximium,
563 1306 739 1384 perdurans
754 1305 805 1382 (el.
827 1302 917 1382 Tot).
936 1305 1069 1365 Domum
1082 1305 1247 1381 applicant
1265 1305 1446 1381 exemplum
1461 1305 1520 1365 boc
1534 1310 1567 1367 et
1586 1308 1644 1367 toti

322 1403 481 1467 Ecclesiae
491 1407 523 1464 et
533 1404 668 1483 siugulis
682 1388 841 1464 fidelibus.
855 1403 986 1480 Oportet
997 1403 1082 1463 enim
1094 1419 1150 1480 per
1162 1404 1282 1462 multas
1293 1403 1514 1464 tribulationes
1527 1404 1644 1464 intrare

321 1502 496 1580 inregnum
506 1502 681 1563 coelorum.
695 1502 799 1578 neque
811 1501 844 1560 in
855 1501 1014 1578 praesenti
1024 1499 1151 1561 saeculo
1165 1504 1291 1577 tempus
1305 1506 1353 1560 est
1365 1507 1473 1578 partus
1484 1503 1643 1563 bonorum

320 1603 602 1679 operum‚tempus
614 1603 663 1660 est
678 1603 713 1658 ut
727 1598 867 1659 Ecclesia
877 1598 1069 1658 multosbeo
1085 1598 1166 1657 lilios
1187 1598 1362 1676 progignat.
1377 1599 1433 1659 Cui
1447 1601 1550 1677 partui
1565 1600 1645 1662 dum

321 1696 474 1758 insistunt
495 1697 587 1771 iusti,
602 1713 715 1775 graves
727 1695 892 1774 patiuntur
907 1713 925 1754 a
939 1712 1032 1755 carne
1055 1702 1085 1755 et
1105 1694 1224 1756 mundo
1247 1696 1372 1756 dolores
1388 1704 1420 1756 et
1439 1697 1644 1770 aillictiones;

322 1811 431 1855 verum
451 1812 516 1856 non
529 1793 633 1855 solum
652 1800 724 1872 post
736 1791 880 1862 dolores,
897 1792 953 1853 sed
967 1792 1063 1854 etiam
1080 1810 1136 1871 per
1150 1793 1221 1853 illos
1235 1792 1384 1854 succedet
1399 1795 1432 1854 in
1443 1796 1507 1855 vita
1518 1802 1645 1857 aeterna

322 1892 476 1974 gaudium
492 1896 525 1954 et
547 1891 726 1957 maximum
749 1896 781 1952 et
795 1891 1028 1969 sempiternum
1054 1889 1175 1971 (lem).
1198 1893 1257 1952 Per
1273 1892 1398 1953 dolores
1414 1895 1499 1954 nasei
1520 1899 1646 1974 oportet

321 1990 409 2071 vitae
425 1994 589 2063 aetemae3
610 2006 669 2068 per
686 1988 812 2050 dolores
830 1989 1046 2067 poenitentiae
1061 1990 1202 2050 nascitur
1217 1989 1313 2073 homo
1331 2008 1440 2051 novus.
1458 1990 1562 2052 Sancti
1582 1992 1643 2053 iam

321 2106 384 2150 nou
397 2105 555 2150 memores
571 2091 648 2149 sunt
662 2103 827 2167 pressurae
843 2103 937 2164 quam
955 2087 1114 2152 habebant
1130 2087 1161 2145 in
1175 2087 1306 2147 mundo.

361 2189 406 2247 Eo
418 2189 525 2247 antem
547 2184 695 2264 exemplo
715 2184 875 2245 Christum
890 2184 1032 2262 generali
1054 2184 1192 2262 quodam
1213 2185 1310 2244 modo
1326 2185 1486 2247 delineare
1506 2187 1645 2250 voluisse

320 2284 419 2345 vitam
438 2282 650 2362 temporalem
666 2298 813 2353 suorum,
830 2279 1033 2342 manifestum
1053 2282 1086 2341 tit
1107 2300 1135 2339 v.
1153 2284 1191 2341 33
1206 2283 1236 2342 in
1254 2283 1373 2344 mundo
1389 2302 1573 2362 pressuram
1589 2286 1645 2347 ba-

321 2381 448 2442 bebitis.

365 2548 506 2628 Quando
530 2548 654 2616 iterum
680 2546 866 2637 discipulos
885 2547 1036 2615 Christus
1063 2549 1195 2613 visurus
1219 2556 1280 2628 est,
1310 2548 1418 2616 multa
1441 2574 1529 2640 quae
1553 2575 1645 2620 nunc

321 2656 468 2725 obscura
480 2655 610 2722 iissent
620 2653 706 2721 etde
716 2653 841 2744 quibus
853 2653 1069 2740 interrogare
1085 2653 1154 2719 illis
1168 2654 1205 2719 in
1220 2654 1336 2720 animo
1350 2663 1409 2738 est,
1423 2659 1642 2740 eruntelara;

321 2768 371 2832 est
383 2763 451 2831 alia
471 2761 558 2829 ratio
573 2760 829 2841 consolationis,
846 2782 951 2850 qnam
968 2760 1035 2825 illis
1047 2760 1160 2840 all‘ert,
1180 2767 1215 2825 nt
1229 2783 1365 2828 omnem
1379 2763 1643 2834 sollicitudiuem

321 2877 355 2938 et
369 2870 576 2937 anxietatem
595 2889 700 2957 quam
719 2888 839 2956 parere
863 2866 946 2932 solet
960 2866 1130 2933 dubitatio
1155 2890 1193 2932 ox
1216 2867 1354 2935 illorum
1378 2872 1501 2937 animis
1520 2873 1644 2941 eximat

321 3000 354 3044 v.
372 2982 413 3043 23
433 2987 467 3042 et
480 2974 519 3041 in
533 2973 594 3041 illo
609 2973 667 3040 die
686 2995 739 3041 me
756 2995 825 3039 non
848 2973 1016 3060 rogabitis
1035 2972 1246 3063 qur'dqnant‚·
1265 2974 1336 3042 dies
1350 2985 1400 3042 est
1418 2977 1492 3058 ille,
1511 2979 1553 3046 de
1575 3003 1643 3070 quo

308 3091 354 3149 ‘v.
373 3089 426 3150 16.
442 3088 497 3164 22,
515 3080 588 3148 dies
603 3101 672 3171 quo
687 3081 811 3147 iterum
832 3078 999 3146 videbunt
1016 3081 1213 3157 bominum,
1232 3088 1365 3172 tempus
1380 3091 1455 3171 post
1471 3106 1644 3155 resurrec-

321 3190 467 3270 tionem;
487 3195 618 3276 ἐρωτᾶν,
636 3187 686 3254 uti
703 3188 793 3276 dap.
815 3186 886 3253 iam
906 3192 1016 3265 notat,
1042 3186 1226 3253 adhibetur
1248 3191 1383 3255 notione
1409 3192 1643 3279 interrogandi

321 3301 357 3365 et
371 3293 547 3386 precandi.
571 3296 652 3360 Utra
676 3294 741 3360 hoc
763 3293 837 3359 loco
855 3293 920 3360 erit
938 3293 1136 3379 seligenda?
1159 3301 1338 3383 utramque
1358 3320 1397 3362 ex
1421 3300 1643 3388 explicatione

321 3403 401 3469 data
412 3400 572 3495 videntur
586 3399 750 3489 amplecti
771 3398 849 3467 car.
876 3398 1021 3488 Theopd.
1039 3399 1140 3464 Eutd.
1155 3404 1239 3466 Bon.
1260 3401 1375 3469 Tdom.
1386 3424 1399 3485 ‚·
1414 3406 1562 3494 priorem
1574 3416 1642 3477 sta-

319 3513 421 3576 tuunt
434 3506 533 3574 multi
549 3507 645 3596 (οΨ.
665 3510 751 3595 Rup.
779 3505 853 3573 Cei.
871 3505 979 3574 Selm.
1004 3507 1094 3572 lares.
1115 3507 1182 3572 Tol.
1201 3507 1308 3573 ,trata
1335 3513 1414 3576 Bar.
1434 3515 1530 3581 Patr.
1550 3515 1639 3584 Corl.

318 3614 422 3704 Scbq.
445 3612 544 3701 Fit),
570 3612 713 3680 alteram
733 3611 832 3680 Selia.
867 3613 983 3679 Weiss.
1015 3613 1179 3702 Equidem
1207 3615 1356 3702 priorem
1381 3622 1641 3706 praeferendam

320 3742 458 3803 cense03
480 3742 621 3787 nemea
640 3718 780 3786 notione
802 3719 906 3785 modo
927 3719 1049 3785 lectum
1064 3728 1113 3785 est
1137 3729 1247 3807 {pratil
1268 3723 1300 3787 in
1327 3746 1357 3787 v.
1385 3733 1423 3791 tt)
1439 3734 1472 3792 et
1491 3752 1569 3797 mox
1583 3756 1641 3801 oe·

319 3832 434 3895 curret
456 3850 488 3893 v;
510 3833 552 3893 30
576 3831 611 3892 et
629 3847 691 3915 pro
711 3826 850 3891 notione
877 3825 1039 3914 precandi
1058 3826 1092 3890 in
1113 3828 1175 3892 hoc
1199 3849 1296 3894 vorsu
1318 3835 1356 3895 23
1379 3835 1493 3901 statim
1516 3837 1643 3926 legitur

320 3939 425 4004 αἰτεῖν.
442 3933 475 4000 si
497 3932 622 4000 dicitur
639 3931 825 4021 discipulos
847 3954 915 3998 non
931 3932 1198 4019 interrogaturos
1218 3957 1286 4000 osse
1309 3937 1498 4027 quidquam
1516 3949 1640 4034 (οὐδέν),

321 4042 406 4110 haec
418 4039 584 4108 sententia
598 4038 770 4125 generalis
782 4037 1019 4125 restringenda
1031 4047 1080 4104 est
1098 4040 1141 4104 ad
1157 4063 1208 4118 ea,
1225 4040 1403 4129 dequibus
1417 4068 1528 4115 sermo
1544 4074 1643 4141 prae-

320 4171 396 4216 sens
409 4153 476 4229 est;
494 4167 574 4213 nam
587 4144 756 4212 eiusmodi
769 4145 957 4211 sententiae
972 4166 1106 4233 semper
1118 4146 1363 4232 intelligendae
1374 4163 1452 4218 sunt
1466 4155 1558 4224 iuxta
1574 4183 1643 4228 ma-

320 4256 441 4322 teriam
459 4252 501 4319 de
521 4274 591 4342 qua
605 4253 738 4339 agitur;
756 4251 793 4316 in
809 4251 873 4317 hoc
886 4258 1001 4318 autem
1017 4259 1174 4318 contextu
1191 4253 1232 4319 de
1248 4255 1394 4323 discessu
1414 4281 1474 4326 suo
1491 4262 1644 4354 loquitur

321 4362 411 4429 etde
433 4358 759 4445 interrogationibus
783 4356 921 4423 adeum
943 4358 1207 4447 pertinentibus
1231 4384 1377 4449 quamam
1400 4366 1642 4456 interrogatio-

322 4491 404 4535 num
428 4489 498 4535 non
519 4464 666 4555 amplius
694 4466 764 4531 ulla
791 4464 913 4530 similis
939 4465 1029 4530 facta
1057 4475 1105 4531 est
1138 4467 1257 4553 (l'ol.·:
1289 4491 1354 4535 non
1382 4472 1644 4557 interrogabunt

295 4573 510 4665 ¹quidquam
544 4572 685 4651 horum,
718 4593 806 4660 quae
833 4594 926 4638 nunc
949 4595 1112 4661 quaerore
1146 4574 1306 4640 volebant
1329 4576 1507 4648 audientes
1531 4589 1641 4656 morli-

322 4702 399 4748 cum
412 4687 474 4748 etc.
492 4682 600 4769 ,(Βιιρ.
621 4676 764 4765 οαΙυι.);
790 4701 870 4745 nam
887 4681 960 4769 ipsa
983 4701 1096 4745 rerum
1113 4679 1281 4747 evidentia
1302 4682 1412 4750 edoen
1427 4697 1515 4756 sunt.
1535 4698 1641 4764 Facile

323 4809 459 4855 omnem
483 4787 740 4865 difficultatem,
760 4786 901 4874 quaein
921 4788 1088 4853 sententia
1103 4779 1256 4873 gerlai-ali
1279 4789 1380 4857 latere
1402 4793 1576 4884 aliquibus
1596 4806 1643 4870 vi-
