4116 5648
356 552 357 555 ’
382 544 467 603 468·
916 565 1023 612 ¹rolla.
1047 549 1161 620 lta-9.

378 700 522 788 Spiritus
545 697 731 767 adveniens
759 696 874 765 alteret
904 708 937 767 et
960 701 1097 789 ponitur
1121 697 1242 786 triplex
1262 698 1408 780 utilitas,
1446 726 1513 770 uua
1537 725 1576 770 ex
1603 709 1702 790 parte

382 807 501 873 mundi
518 804 641 893 (tt-11),
659 802 765 870 altera
780 827 820 871 ex
832 816 930 896 parte
948 804 1195 894 discipulorum
1213 805 1260 893 (v.
1281 807 1417 892 11-13),
1436 810 1537 877 tertia
1554 813 1704 899 exparte

379 912 502 980 Christi
523 912 569 996 (v.
594 913 652 989 1t;
678 908 824 996 Thena),
846 934 935 999 quae
959 920 1075 980 tamen
1098 911 1219 999 triplex
1243 912 1389 993 utilitas,
1419 913 1503 1001 quia
1526 938 1604 984 eum
1628 910 1705 983 mu-

381 1041 460 1085 nere
481 1013 668 1103 apostolico
683 1018 802 1084 intime
826 1025 982 1085 conserta
996 1024 1060 1096 est,
1079 1018 1219 1086 omnino
1245 1019 1418 1086 redundat
1432 1019 1470 1085 iu
1484 1023 1704 1090 commodum

380 1133 415 1190 et
428 1120 587 1187 solatium
607 1124 855 1213 apostolorum;
878 1144 909 1188 v.
938 1131 959 1191 8
984 1137 1110 1191 etcum
1132 1125 1262 1192 venerit
1284 1125 1361 1207 ille,
1387 1138 1509 1215 arque!
1532 1129 1702 1196 mundum

380 1228 422 1293 de
442 1242 580 1316 peccato
594 1231 678 1296 etde
693 1228 825 1295 taetitia
843 1239 874 1294 et
890 1227 929 1294 de
944 1229 1073 1296 iudicio
1081 1281 1092 1313 ,
1109 1237 1247 1319 ἐλέγχειν
1263 1234 1482 1314 convincere,
1497 1254 1702 1319 coarguere,

379 1333 601 1420 redarguere;
622 1338 685 1403 hac
700 1335 837 1401 notione
855 1341 1017 1402 consueta
1032 1357 1097 1401 crox
1109 1343 1160 1403 est
1180 1336 1377 1421 retinenda,
1396 1361 1485 1429 quae
1499 1339 1703 1426 significatio

379 1448 484 1507 estut
505 1447 680 1519 consueta,
709 1441 757 1507 ita
776 1441 879 1507 ctiam
907 1441 1064 1508 hocloco
1086 1444 1226 1530 gravior
1243 1445 1425 1534 magisque
1445 1445 1488 1512 ad
1505 1468 1578 1513 rem
1598 1468 1702 1536 quam

379 1548 487 1615 altera
510 1547 742 1614 demonstrare
761 1546 897 1635 (Mutet.)
915 1548 960 1614 ad
978 1571 1084 1637 quam
1099 1549 1310 1639 quandoque
1333 1557 1525 1619 recurrunt.
1552 1554 1703 1621 Priorem

379 1656 553 1723 notionem
572 1676 661 1742 quae
680 1653 716 1719 in
739 1655 843 1720 sacris
866 1654 990 1722 litteris
1014 1657 1113 1722 unice
1134 1656 1308 1744 reperitur
1333 1654 1463 1744 (Sede.)
1486 1660 1607 1725 merito
1626 1660 1705 1726 reti-

379 1770 460 1830 nent
478 1761 632 1850 plerique
653 1760 741 1849 (Cai.
767 1761 835 1827 Tol.
857 1762 955 1828 lans.
978 1765 1056 1827 Bar.
1082 1760 1172 1827 Corl.
1194 1761 1294 1830 Sclee,
1321 1763 1435 1852 Kopl.
1452 1765 1614 1831 Mundum
1635 1787 1706 1833 non

377 1890 448 1935 esse
463 1868 506 1933 de
526 1866 606 1933 solis
626 1867 758 1933 ludaeis
779 1867 1064 1953 intelligendum,
1086 1868 1148 1934 sed
1166 1868 1208 1934 de
1227 1868 1361 1936 ludaeis
1379 1874 1413 1935 et
1430 1871 1591 1957 gentibus
1611 1878 1704 1938 recte

377 1974 533 2063 plerique
552 1980 707 2041 statuunt
723 1974 779 2062 (cl.
805 1975 886 2063 Cpr.
907 1977 992 2063 Rup.
1011 1973 1122 2040 Salm.
1143 1974 1211 2041 Tol.
1229 1974 1338 2041 Mald.
1357 1976 1452 2063 etc).
1469 1976 1604 2066 Triplex
1617 1979 1704 2046 haee

376 2082 521 2170 Spiritus
544 2081 743 2167 redargutio
771 2081 890 2161 hahet,
917 2086 955 2146 ut
979 2082 1074 2147 lans.
1100 2087 1212 2164 notat,
1242 2081 1402 2149 ordinem
1425 2084 1705 2152 convenientissi-
1767 2148 1770 2155 .

378 2210 469 2254 mum
495 2195 529 2255 et
551 2189 667 2254 omnia
690 2187 886 2254 summatim
911 2188 1078 2268 continet,
1104 2210 1193 2277 quae
1216 2188 1419 2276 evangelica
1442 2189 1706 2279 comprehendit

377 2295 598 2386 praedicatio.
623 2296 771 2361 Primum
790 2296 880 2361 enim
899 2295 1022 2360 horum
1039 2295 1142 2360 trium
1159 2293 1201 2360 de
1222 2295 1348 2385 quibus
1364 2296 1513 2364 muudus
1536 2305 1704 2384 arguetur

376 2403 535 2469 convenit
558 2401 766 2482 hominihuS,
787 2400 975 2467 seeundum
995 2401 1138 2482 Christo,
1166 2401 1306 2468 tertium
1321 2401 1473 2469 diabolo.
1501 2408 1539 2470 nt
1556 2411 1696 2493 peccato

376 2508 516 2597 quidem
535 2507 754 2594 coniungitur
768 2507 896 2574 iustitia
915 2514 1093 2597 tamquam
1114 2509 1336 2590 contrarium,
1357 2531 1418 2598 per
1438 2509 1532 2598 quod
1553 2509 1699 2577 alterum

376 2615 586 2683 contrarium
606 2622 680 2681 erat
705 2614 1004 2681 manifestandum.
1024 2615 1084 2681 Ubi
1102 2615 1192 2681 enim
1211 2621 1261 2682 est
1275 2615 1419 2683 alicuius
1434 2623 1628 2705 peceatum,
1652 2616 1705 2689 ibi

375 2723 517 2790 alterius
537 2724 579 2787 sit
593 2726 728 2811 oportet
745 2721 889 2804 iustitia,
917 2743 1096 2812 perquam
1113 2721 1204 2790 illius
1223 2728 1401 2810 peccatum
1422 2721 1653 2809 redarguatur
1667 2728 1701 2789 et

374 2832 610 2896 convincatur.
639 2829 788 2895 Iustitiae
816 2833 930 2894 autem
961 2828 1184 2914 coniungitur
1212 2827 1379 2895 iudicium
1404 2836 1580 2918 tamquam
1607 2827 1702 2919 quod

374 2937 424 3004 illi
434 2943 483 3004 est
495 2957 686 3003 connexum
702 2935 936 3023 iustitiamque
957 2932 1123 3001 declarat.

419 3051 490 3110 lam
518 3041 655 3129 singula
674 3048 892 3131 exponuntur
906 3063 939 3107 v.
961 3047 981 3107 9
1005 3040 1046 3107 de
1060 3054 1201 3130 peceato
1221 3041 1361 3131 quidem
1375 3049 1498 3129 arguet
1515 3043 1700 3125 muudum,

373 3151 458 3248 quia
480 3173 549 3216 uon
573 3147 793 3216 crediderent
817 3147 991 3235 (credunt,
1009 3147 1098 3214 codd
1120 3148 1195 3237 pler
1218 3148 1332 3235 vulg.;
1352 3150 1548 3237 πιστεύουσιν)
1573 3149 1611 3215 iu
1629 3169 1704 3233 me,·

372 3259 472 3347 quale
486 3260 527 3324 sit
548 3263 741 3346 peccatum,
768 3256 957 3346 quaeritur,
978 3255 1066 3321 sitne
1081 3261 1262 3344 peccatum
1276 3255 1508 3338 infidelitatis,
1524 3279 1568 3322 an
1583 3279 1703 3344 pecca-

374 3371 445 3431 tum
465 3364 669 3452 generatim.
700 3361 952 3453 Dispiciendum
979 3363 1060 3438 erit,
1091 3383 1160 3450 quo
1183 3383 1282 3429 sensu
1306 3367 1351 3430 ’ὁτι
1376 3363 1419 3429 sit
1442 3362 1701 3452 accipiendum,

373 3480 487 3540 utrum
510 3470 583 3537 scil.
602 3471 775 3536 notionem
791 3467 1048 3535 antecedentem
1060 3468 1170 3536 solum
1186 3468 1339 3535 declaret
1352 3474 1386 3535 et
1394 3469 1551 3559 explicet,
1565 3492 1609 3536 an
1622 3492 1703 3537 vero

373 3582 541 3646 rationem
571 3598 775 3664 causamque
797 3574 912 3642 addat.
937 3575 974 3641 ld
999 3598 1039 3641 ex
1062 3573 1504 3665 subsequentibusclarum
1529 3582 1594 3657 est3
1619 3598 1701 3643 nam

372 3688 499 3754 iustitia
516 3708 585 3752 non
603 3685 640 3750 in
654 3706 695 3749 eo
710 3690 760 3748 est
775 3682 855 3770 quia
869 3682 913 3748 ad
928 3686 1063 3748 Patrem
1083 3681 1188 3748 vadit.
1212 3683 1306 3749 Unde
1322 3689 1366 3750 ’ότι
1381 3683 1484 3749 etiam
1497 3683 1612 3772 priore
1626 3683 1702 3750 loco

372 3794 492 3860 eadem
517 3792 654 3858 notione
674 3789 786 3878 accipi
808 3789 925 3868 debet,
952 3796 1019 3855 tres
1043 3788 1136 3855 enim
1161 3789 1225 3855 hae
1244 3789 1431 3855 sententiae
1452 3794 1546 3856 tanta
1559 3792 1649 3856 inter
1666 3811 1703 3857 se

373 3890 603 3966 concinnitate
616 3896 789 3976 dicuntur,
805 3904 842 3962 ut
861 3896 981 3962 cadem
1004 3895 1232 3962 concinnitate
1254 3896 1359 3962 verba
1379 3918 1517 3984 quoque
1533 3895 1701 3983 explicare

372 4012 539 4097 oporteat.
567 4009 675 4081 Quare
693 4026 755 4092 per
773 4003 975 4068 sententiam
996 4008 1040 4070 'ta
1059 4023 1129 4068 non
1151 4002 1357 4068 describitur
1371 4003 1484 4091 ipsum
1503 4008 1699 4089 peccatum,

370 4115 431 4181 sed
449 4113 536 4179 ratio
556 4110 696 4177 affertur
709 4132 771 4176 eur
786 4109 933 4175 mundus
953 4116 1130 4194 arguatur.
1148 4110 1250 4175 Proin
1270 4108 1548 4197 peceatumillnd
1565 4115 1702 4175 nonest

370 4222 481 4290 solum
506 4217 707 4296 infidelitas,
731 4216 790 4282 sed
815 4217 1008 4302 generatim
1023 4222 1217 4304 peccatum;
1240 4215 1384 4303 Spiritus
1400 4215 1580 4281 convincet
1595 4220 1629 4281 et
1646 4237 1702 4281 ar-

371 4336 456 4417 guet
471 4325 637 4393 mundum
661 4346 730 4390 csse
751 4323 789 4389 in
816 4328 972 4412 peceato,
989 4343 1060 4388 esse
1075 4321 1277 4388 obstrictum
1299 4321 1447 4410 peccatis
1462 4330 1495 4389 et
1508 4343 1647 4388 manere
1666 4322 1702 4388 iu

371 4443 526 4527 peccato,
549 4433 631 4522 qtu'e
649 4453 719 4496 nort
739 4429 880 4497 credunt
902 4431 938 4495 in
957 4448 1031 4506 rrae,
1045 4449 1124 4493 nam
1145 4428 1205 4516 qui
1220 4427 1354 4495 Christo
1369 4429 1508 4495 credere
1523 4434 1697 4509 recusant,

371 4551 513 4610 manent
534 4543 569 4606 in
588 4546 746 4629 peccato,
772 4536 901 4604 habent
927 4538 1105 4626 peecatum
1125 4535 1311 4621 originale,
1328 4535 1545 4603 committunt
1559 4542 1701 4624 peccata

371 4650 536 4731 actualia,
555 4654 588 4714 et
614 4644 860 4736 praedicationi
885 4641 1104 4729 evangelicae
1124 4642 1385 4709 concredentes
1401 4641 1595 4728 adiungunt
1621 4664 1701 4731 pec-

370 4765 484 4824 eatum
505 4752 727 4823 infidelitatis.
745 4756 823 4830 ,Non
845 4756 893 4817 est
915 4756 1031 4816 autem
1052 4749 1145 4816 aliud
1166 4747 1293 4816 nomen
1312 4749 1350 4814 in
1371 4771 1440 4837 quo
1463 4770 1524 4814 nos
1545 4754 1702 4838 oporteat

370 4866 479 4930 salvos
495 4863 585 4943 lieri,
604 4861 670 4927 nisi
696 4881 819 4925 nomen
845 4865 919 4924 lesu
943 4859 1027 4942 (Aet.
1050 4856 1337 4947 t,12).Quivero
1359 4877 1428 4921 non
1443 4855 1552 4922 credit
1566 4857 1634 4922 iam
1650 4857 1702 4921 iu-

370 4972 501 5039 dicatus
520 4979 569 5039 est
586 4970 711 5060 (3,t8);
732 4966 921 5055 eodemque
946 4964 1049 5031 modo
1074 4965 1245 5053 apostolus
1265 4984 1404 5051 quoque
1421 4963 1569 5030 ostendit
1583 4984 1702 5030 omnes
