4116 5648
860 560 940 608 roan.
966 545 1121 617 itti-55.

330 722 426 791 posse
441 719 461 764 a
479 701 544 763 Deo
559 699 761 790 responsum
778 695 834 761 vel
848 693 1123 764 illustrationem.
1146 695 1223 762 Eius
1240 696 1358 784 itaque
1377 695 1540 784 dignitati
1555 697 1656 766 colla-
1769 690 1772 695 ⁴
1794 654 1802 769 J

331 815 402 874 tum
420 809 470 870 est
488 809 554 872 Deo
568 805 773 895 disponente
792 808 830 869 ut
848 803 964 870 verbis
981 800 1050 866 illis
1063 800 1187 867 inscius
1205 801 1324 866 ederet
1343 804 1541 871 vaticinium
1562 804 1657 894 quod
1785 792 1793 802 ⁹

331 914 367 980 in
380 916 489 978 morte
505 917 578 981 lesu
590 920 624 978 et
635 912 671 975 in
682 909 790 976 salute
805 910 886 977 inde
903 908 1127 999 proveniente
1140 906 1322 997 impletum
1339 913 1401 973 est.
1419 911 1530 976 Voluit
1540 913 1655 1002 itaque

243 1076 247 1085 .
332 1023 432 1099 Deus,
456 1025 493 1085 ut
516 1019 658 1085 ultimus
680 1017 829 1106 pontifex
853 1013 999 1082 foederis
1025 1015 1148 1080 veteris
1172 1014 1297 1103 (morte
1319 1014 1412 1081 enim
1435 1016 1557 1082 Christi
1577 1019 1653 1087 iure

332 1125 475 1192 cessavit
488 1123 607 1191 foedus
625 1127 658 1189 et
675 1122 917 1209 sacerdotium)
938 1120 1122 1211 prophetia
1138 1142 1199 1187 sua
1216 1121 1438 1188 annuntiaret
1455 1121 1654 1192 Pontificem

332 1235 365 1295 et
379 1231 603 1299 mediatorem
617 1230 699 1296 novi
716 1229 878 1309 foederis,
896 1228 957 1318 qui
976 1235 1086 1293 morte
1101 1248 1162 1293 sue
1176 1232 1211 1294 et
1221 1227 1390 1314 sanguine
1404 1249 1464 1294 suo
1480 1229 1659 1298 sacrificali

332 1357 394 1403 nos
415 1336 559 1404 heredes
579 1336 715 1426 scripsit
733 1335 902 1402 bonorum
923 1333 1134 1400 coelestium.
1160 1360 1176 1394 «
1205 1335 1264 1399 ilic
1287 1333 1449 1401 docemur
1474 1328 1577 1402 etiam
1597 1359 1659 1427 per

332 1441 489 1512 homiues
509 1442 618 1509 malos
643 1442 846 1534 prophetiae
868 1440 1027 1529 spiritum
1049 1441 1165 1506 futura
1185 1439 1398 1529 praedicere,
1423 1441 1516 1531 quod
1542 1449 1657 1512 tamen

332 1548 542 1635 evangelista
555 1550 670 1617 divino
684 1547 806 1615 tribuit
823 1552 1050 1628 sacramento,
1065 1547 1148 1635 quia
1159 1546 1310 1636 pontifex
1323 1546 1390 1614 fuit
1411 1575 1427 1609 o
1445 1549 1583 1640 (Aug).

377 1655 523 1745 Caiphas
543 1657 586 1724 de
609 1656 682 1723 sola
704 1661 807 1742 gente
827 1654 1032 1723 ludaeorum
1051 1653 1289 1743 prophetavit,
1313 1654 1524 1741 evangelista
1543 1664 1657 1726 autem

332 1760 429 1830 addit
445 1761 549 1853 (Auq.
570 1760 683 1828 Thom.
701 1764 794 1829 Iunc.
811 1761 906 1850 Bor.)
918 1783 951 1828 v.
966 1766 1010 1828 52
1022 1773 1056 1826 et
1067 1781 1136 1826 non
1149 1773 1284 1826 tantum
1292 1781 1356 1850 pro
1369 1775 1486 1850 pente,
1504 1762 1655 1846 iudaice,

334 1878 408 1956 ὑπέρ
420 1869 458 1934 in
472 1869 545 1936 eius
557 1866 775 1936 commodum
787 1889 827 1935 ac
841 1867 1001 1947 salutem,
1016 1865 1078 1933 sed
1091 1879 1129 1932 ut
1137 1865 1231 1955 filios
1248 1867 1310 1933 Dei
1324 1867 1388 1956 qui
1405 1880 1503 1935 eram
1516 1869 1663 1961 dispersi
1747 1923 1748 1926 η
1788 1880 1801 1911 ··
1820 1838 1834 1948 {J

334 1987 557 2065 conpreqoret
572 1975 610 2040 in
624 1996 749 2057 unum,
766 1974 789 2041 i.
813 1997 847 2041 e:
860 1980 899 2040 ut
915 1995 955 2040 ex
971 1972 1130 2040 omnibus
1143 1972 1339 2040 nationibus
1351 1996 1415 2063 per
1428 1975 1546 2043 orbem
1566 1998 1661 2069 spar-

333 2081 378 2147 sis
398 2081 649 2150 advocarentur
667 2080 712 2149 ad
737 2080 891 2148 divinam
909 2077 1131 2163 filiationem,
1155 2079 1206 2148 uti
1229 2085 1318 2148 lesus
1338 2081 1448 2150 dixit:
1472 2082 1557 2151 alias
1579 2106 1659 2154 oves
1783 2162 1787 2171 ,
1819 2059 1834 2175 ’ἦ

335 2187 447 2254 habeo
461 2210 549 2277 quae
570 2210 639 2255 non
653 2195 734 2256 sunt
749 2210 790 2256 ex
809 2187 875 2254 hoc
892 2187 974 2253 ovili
994 2194 1027 2254 et
1043 2186 1120 2253 illas
1139 2192 1275 2275 oportet
1293 2208 1348 2254 me
1363 2187 1534 2256 adducere
1548 2197 1582 2259 et
1602 2192 1661 2260 liet

336 2315 442 2361 unum
459 2296 548 2362 ovile
564 2296 709 2385 (1056),
726 2301 814 2374 Quos
828 2315 868 2360 eo
888 2294 962 2360 loco
977 2293 1129 2382 appellat
1143 2314 1223 2359 oves
1238 2292 1322 2360 alias
1336 2315 1422 2383 quas
1438 2294 1578 2379 habeat,
1595 2299 1662 2367 hoc

334 2401 411 2467 loco
429 2402 511 2469 dicit
536 2401 744 2489 evangelista
764 2399 854 2467 filios
874 2399 933 2467 oei
956 2399 1141 2489 dispersos,
1160 2399 1347 2489 proleptice
1373 2400 1531 2492 (Theoph.
1551 2405 1661 2473 ruet.

338 2506 460 2597 Corl.);
479 2508 517 2575 hi
537 2508 749 2596 adiungendi
770 2505 909 2576 suntad
927 2527 1034 2573 unum
1050 2505 1139 2572 ovile
1160 2511 1194 2573 et
1216 2507 1308 2574 inter
1320 2529 1357 2573 se
1382 2513 1416 2574 et
1436 2530 1514 2575 cum
1529 2510 1667 2580 Christo

335 2614 457 2686 intime
476 2615 658 2702 iungendi.

382 2722 555 2789 Sententia
573 2742 593 2787 a
609 2722 736 2812 caipha
751 2720 885 2810 prolata
906 2742 960 2787 res
974 2728 1048 2788 erat
1060 2720 1245 2786 constituta
1263 2742 1295 2786 v.
1318 2727 1360 2787 53
1379 2723 1422 2787 ab
1437 2721 1498 2789 illo
1512 2745 1592 2814 erqo
1607 2724 1662 2794 die

336 2829 572 2919 cogitauerunt
588 2838 800 2897 ἐδουλώσαντο
820 2826 1063 2906 decreverunt,
1085 2837 1124 2892 ut
1142 2825 1371 2915 interficerent
1384 2849 1484 2913 eum,·
1497 2850 1590 2898 nunc
1605 2825 1667 2899 de·
1724 2842 1727 2849 ’

338 2957 432 3003 mum
442 2934 893 3023 decretumsynedristarum
904 2933 1096 3015 conficitur,
1109 2932 1287 3000 decretum
1295 2934 1513 3021 magistratus
1521 2938 1664 3021 summi,

337 3042 375 3109 id
385 3043 478 3132 quod
492 3049 592 3109 antea
608 3042 711 3110 variis
730 3040 1000 3109 occasionibusa
1019 3039 1122 3107 variis
1142 3040 1212 3106 iam
1228 3062 1310 3107 ausu
1332 3041 1468 3130 privato
1487 3044 1598 3112 fuerat
1613 3051 1668 3112 at-

339 3153 507 3216 tentatum
524 3147 751 3238 (quaerebant
776 3170 855 3215 eum
875 3147 1071 3214 interlicere
1090 3152 1187 3228 5,18;
1210 3147 1470 3238 apprehendere
1488 3157 1581 3232 ’1,30.
1606 3159 1665 3231 t5;

340 3254 502 3323 volebant
516 3255 672 3344 lapidare
687 3262 784 3340 8,58;
804 3255 981 3332 10‚31;ct.
1001 3253 1115 3320 llatth.
1133 3253 1266 3342 12,11ι),
1283 3254 1563 3323 iameuctoritate
1578 3280 1669 3325 sum·
1701 3320 1704 3325 .

316 3402 318 3406 >
340 3383 397 3429 ma
411 3361 510 3428 firmo
530 3361 668 3429 decreto
689 3361 918 3429 constituitur.
935 3359 1001 3428 Sed
1020 3359 1104 3449 quie
1128 3359 1213 3426 hora
1231 3360 1415 3428 constituta
1430 3363 1584 3430 nondum
1604 3364 1667 3431 ad·

339 3473 494 3548 venerat,
513 3473 603 3535 lesus
618 3491 653 3535 se
670 3467 841 3535 subtrahit
855 3489 886 3532 v.
904 3472 946 3535 5t
962 3468 1055 3533 Iesus
1074 3487 1155 3555 erqo
1175 3465 1246 3533 iam
1266 3488 1335 3533 non
1354 3467 1392 3533 in
1404 3467 1524 3558 polam
1544 3470 1667 3537 umbu-

341 3573 434 3641 chut
451 3574 546 3664 apud
561 3573 721 3663 laedaeos,
736 3572 1118 3662 sedabiitinrcqionem
1134 3573 1233 3639 iuxta
1250 3572 1432 3656 desertum,
1445 3575 1483 3641 in
1495 3576 1669 3644 civitatem

341 3703 429 3771 quac
443 3679 570 3748 dicitur
584 3680 732 3771 Ephrem
753 3693 785 3748 et
801 3679 850 3746 ibi
864 3678 1065 3747 morabatur
1082 3701 1161 3745 cuin
1182 3677 1365 3770 discipulis
1377 3682 1464 3765 suis;
1482 3683 1526 3749 cf.
1546 3688 1665 3766 1o,to;

343 3791 490 3876 Ἑφραίμς
506 3788 608 3854 simul
621 3787 825 3854 cumBethel
837 3792 1082 3853 commemorat
1091 3785 1252 3875 losephus
1265 3787 1442 3875 Ephraim,
1459 3789 1569 3857 etduo
1583 3790 1666 3858 haec

342 3895 469 3985 oppida
486 3903 626 3982 πολίχνια
639 3894 792 3984 appellat
809 3892 905 3981 (Bell.
929 3892 1002 3959 iud.
1021 3893 1147 3980 t,9,9);
1162 3893 1228 3960 erit
1241 3893 1334 3960 idem
1353 3894 1518 3984 oppidum
1539 3896 1667 3986 quodi

343 4006 418 4069 Par.
443 4007 540 4081 13,19
557 4001 695 4091 Ephron
718 3999 933 4080 nominatur;
954 3998 1074 4081 hodie,
1096 4005 1134 4066 ut
1156 3997 1254 4066 multi
1273 4003 1413 4088 putant,
1434 4002 1585 4090 Tayibeh
1605 4004 1665 4093 (cf.

343 4106 442 4178 Schr.
471 4108 563 4194 Fit).
589 4107 761 4198 Oppidum
786 4107 887 4173 situm
914 4112 988 4172 erat
1015 4128 1125 4195 prope
1156 4104 1283 4172 limites
1309 4107 1528 4196 aquilonares
1556 4108 1667 4179 tribus

343 4215 531 4283 Beniamin.
562 4215 657 4293 Quod
679 4213 788 4304 aliqui
810 4217 934 4302 putant
956 4218 1065 4280 lesum
1089 4214 1124 4278 in
1155 4214 1333 4300 regionem
1357 4214 1664 4283 transiordanicam

344 4322 533 4404 secessisse,
555 4321 648 4387 hisce
669 4321 783 4387 verbis
808 4342 878 4387 non
899 4320 1072 4386 indicatur
1097 4320 1153 4408 (ci.
1174 4320 1271 4386 Patr.
1298 4319 1341 4387 de
1363 4321 1565 4409 evangeliis,
1584 4320 1665 4389 diss.

347 4436 388 4498 t8
403 4453 438 4498 n.
454 4430 524 4517 29).
541 4435 585 4495 Er
600 4428 665 4493 hoc
679 4428 806 4518 oppido
822 4427 985 4516 Ephraim
1005 4425 1165 4492 ultimum
1178 4431 1296 4515 postea
1312 4425 1460 4494 instituit
1480 4427 1546 4494 iter
1560 4428 1596 4493 in
1607 4448 1668 4494 ur·
1785 4495 1788 4502 ,

346 4537 442 4619 bem,
464 4538 595 4625 dequo
621 4534 741 4600 itinere
763 4534 909 4600 refertur
928 4536 1005 4599 Luc.
1036 4537 1257 4612 flul-1938
1279 4530 1336 4621 (cf.
1356 4531 1516 4622 Comely,
1538 4533 1668 4602 lutrod.

348 4649 388 4711 lll
401 4665 434 4732 p.
454 4650 534 4720 29t3
552 4645 741 4709 Comment.
759 4639 794 4705 in
810 4645 888 4706 Luc.
907 4662 942 4729 p.
964 4639 1056 4725 ast).
1073 4643 1117 4705 De
1136 4660 1176 4705 eo
1198 4641 1363 4729 temporis
1375 4640 1484 4730 spatio
1497 4646 1533 4706 et
1546 4639 1670 4708 itinere
1736 4678 1739 4685 ·

348 4751 554 4836 evangelista
573 4749 664 4830 silet;
688 4769 781 4814 more
802 4768 864 4813 suo
884 4745 998 4814 statim
1018 4766 1082 4811 nos
1097 4745 1257 4812 transfert
1275 4745 1320 4812 ad
1341 4768 1382 4814 ea
1400 4769 1487 4838 quae
1500 4768 1607 4837 prope
1621 4748 1672 4816 le-

349 4865 439 4926 stum
447 4856 573 4946 pascha
582 4859 618 4922 in
628 4856 714 4923 urbe
725 4857 824 4941 gesta
832 4857 914 4920 sunt
923 4875 954 4921 v.
965 4858 1009 4922 55
1018 4851 1215 4944 prozimum
1227 4865 1345 4920 autem
1359 4863 1451 4942 ἐγγύς
1459 4866 1532 4920 erat
1543 4854 1673 4944 pascha

350 4963 554 5033 ludaeorum
569 4975 600 5029 ee
616 4960 844 5030 ascenderunt
857 4959 962 5026 multi
974 4957 1221 5048 lerosolymam
1240 4959 1281 5027 de
1296 4960 1438 5050 reqione
1453 4973 1534 5029 unte
1546 4960 1674 5051 pusctu

809 5087 989 5127 assummum
1005 5088 1032 5127 m
1048 5087 1115 5126 soar«.
1131 5102 1163 5112 -
1178 5079 1218 5126 tt.
