4050 5648
857 126 860 130 r
949 124 951 129 ‚
1026 114 1033 127 0
1103 120 1133 129 ι,

219 138 222 143 ·
264 161 267 167 ,
364 124 500 183 ruffi,
529 128 814 173 ³12¹>
868 124 1030 176 Μ,
1077 131 1087 146 ’
1140 137 1182 152 ”

202 187 216 229 ,ιΔ
302 208 307 215 ¹
353 192 688 235 v''',‹ff'.1'1,s.i⁴¹
962 200 969 208 Ι
1251 190 1255 199 ι

348 298 386 317 ψ’
445 293 545 329 dnm
554 280 634 329 §⁹2²7
655 288 673 301 ''
692 294 706 306 ’

440 345 445 356 ,

206 480 284 571 J'
384 508 424 567 aa
757 495 763 516 ·
954 517 1034 564 ma
1058 506 1139 577 raa.

203 618 230 645 ts

385 672 465 718 narn
485 650 638 723 Christus
657 657 760 722 homo
784 656 859 738 post
883 655 1042 721 loannem
1060 661 1245 742 conceptus
1265 656 1299 716 et
1324 659 1424 720 natus
1446 659 1514 733 cst;
1531 660 1712 742 praeterea

385 757 578 829 membrum
600 764 748 829 atterum
772 757 951 827 exhiberet
975 756 1200 842 tautologiam
1227 758 1491 827 intolerabilem.
1518 763 1628 835 Quare
1651 782 1713 826 ne-

384 867 529 935 cessario
543 863 707 958 explicari
724 869 874 953 oportet,
892 867 943 933 uti
966 871 1095 931 veteres
1108 863 1322 957 interpretati
1337 873 1432 947 sunt,
1448 868 1493 933 de
1510 865 1679 952 dignitate
1701 887 1709 932 :

387 965 552 1064 ‘expecto
573 1002 630 1058 pau
649 980 773 1058 γέγογιν
787 974 810 1039 l.
827 995 857 1040 a.
874 982 998 1056 μέζων,
1015 977 1244 1060 λαμπρὸτερος,
1257 978 1444 1058 ἑντιμέτερες
1465 974 1542 1040 Chr.
1563 969 1712 1060 Tlteoplt.

385 1082 507 1165 rauca,
534 1082 738 1165 ὶπιδοξᾶτερος
761 1082 858 1169 Cyr„
884 1076 1093 1164 antepositus
1108 1080 1219 1168 Aup„
1248 1077 1529 1146 «sublimitatem
1558 1077 1712 1145 eiusdem

386 1183 626 1265 humanitatis,
643 1207 732 1274 quae
751 1184 873 1252 ceteris
890 1183 1054 1251 omnibus
1074 1189 1240 1252 creaturis
1254 1192 1327 1252 erat
1344 1183 1468 1251 merito
1487 1181 1714 1274 praeferenda

385 1295 561 1377 ‹lesignat;
579 1292 672 1381 quod
693 1292 848 1360 enimait
864 1301 944 1356 aare
964 1314 1032 1370 me,
1050 1312 1121 1357 non
1143 1290 1187 1357 ad
1207 1292 1364 1360 ordinem
1384 1293 1568 1381 temporis,
1591 1289 1713 1359 sedad
1810 1333 1814 1337 -

389 1502 489 1570 tacob
505 1505 671 1595 scriptum
686 1512 737 1571 est
753 1503 1017 1593 :constituitque
1032 1503 1196 1595 Ephraim
1211 1511 1290 1570 ante
1305 1509 1452 1572 llanasse
1469 1507 1567 1592 (Gen.
1580 1504 1710 1591 t8,20),

388 1609 446 1677 ubi
457 1618 549 1679 recte
560 1611 672 1700 potuit
682 1610 797 1678 dicere
807 1615 990 1677 ltanasses:
1006 1611 1065 1701 qui
1079 1617 1155 1700 post
1168 1632 1223 1677 me
1235 1610 1344 1690 venit,
1356 1617 1436 1677 ante
1446 1633 1502 1678 me
1511 1611 1622 1678 lactus
1631 1614 1681 1676 est
1698 1638 1715 1669 υ

388 1715 482 1803 (aed.
507 1718 584 1784 eim,
610 1717 687 1785 Alb.
704 1716 813 1785 Salm.
840 1718 939 1805 etc.);
957 1717 1048 1783 unde
1070 1717 1161 1784 idem
1184 1718 1384 1785 enuntiatur
1404 1719 1539 1784 ratione
1553 1714 1713 1804 generali

386 1824 480 1915 quod
504 1822 632 1890 dicitur
654 1823 767 1891 ttatth.
791 1831 869 1905 3,ss
898 1843 906 1889 :
932 1825 990 1913 qui
1006 1831 1082 1914 post
1101 1845 1156 1891 me
1175 1833 1338 1892 venturus
1353 1830 1414 1906 est,
1435 1823 1557 1891 tortior
1574 1845 1630 1890 me
1645 1830 1711 1904 est,

386 1930 482 1996 cuius
496 1951 565 1995 non
579 1951 654 1995 sum
673 1928 800 2016 dignus
817 1935 881 1996 etc.
898 1929 991 2018 (Bor.
1013 1931 1100 1996 laras.
1116 1931 1210 2018 eta).
1228 1930 1324 2008 Quod
1340 1929 1449 1998 Mald.
1465 1929 1584 1997 asserit
1599 1940 1715 2017 ἔμπρο·

387 2045 453 2105 σοιν
467 2057 648 2126 nunquam
664 2036 707 2102 de
723 2042 875 2126 tempore
892 2035 977 2117 dici,
999 2036 1118 2103 saltem
1133 2044 1221 2104 stare
1242 2037 1388 2118 videtur,
1405 2037 1434 2103 si
1449 2036 1602 2103 usumin
1616 2035 1716 2102 libris

389 2165 415 2209 s.
424 2141 721 2210 Novilestamenti
729 2142 947 2232 spectaveria
958 2143 1285 2231 Facessitnegotium
1294 2143 1379 2210 illud
1387 2154 1718 2231 atroremcaseprae·

390 2251 529 2317 teritum
551 2248 793 2339 propheticum
811 2250 890 2317 car.
907 2248 1011 2317 Eutt.
1029 2249 1219 2338 explicant;
1240 2250 1322 2316 item
1340 2249 1463 2317 Theod.
1491 2252 1539 2316 Μ.
1562 2273 1575 2316 .·
1590 2249 1617 2315 si
1633 2248 1718 2315 dicit

392 2366 516 2443 γέγονεν
541 2359 605 2423 ἀντὶ
625 2373 676 2424 τοῦ
704 2367 875 2443 γενήσεται,
896 2362 928 2424 οὗ
954 2364 1137 2441 tuouuarba,
1165 2358 1255 2423 hanc
1274 2359 1367 2423 enim
1388 2380 1460 2424 esse
1477 2378 1503 2422 S.
1521 2355 1720 2445 scripturae

389 2484 492 2552 saepe
510 2461 650 2529 dicendi
666 2463 962 2542 cousuetudinem
978 2485 1062 2550 crgo
1082 2486 1089 2530 :
1105 2463 1164 2553 qui
1179 2469 1257 2553 post
1272 2485 1324 2531 me
1345 2469 1509 2530 venturus
1521 2467 1588 2544 est,
1606 2461 1717 2529 maio-

391 2591 461 2637 rem
479 2591 533 2635 me
547 2569 753 2656 dignitatem
764 2575 999 2659 consequetur.
1014 2570 1242 2660 Quandoque,
1267 2570 1315 2637 uti
1348 2569 1514 2660 Tbeopb.,
1538 2569 1721 2656 gloriosior

391 2682 424 2742 et
436 2675 577 2763 dignior
593 2698 647 2743 me
660 2677 769 2744 lactus
784 2682 835 2744 est
847 2683 989 2767 propter
999 2677 1164 2745 miracula
1176 2700 1266 2767 quae
1278 2679 1370 2744 circa
1383 2678 1499 2766 ipsum
1515 2677 1716 2745 acciderunt

392 2784 566 2871 inportu,
589 2783 624 2847 in
648 2781 867 2863 educatione,
889 2782 924 2849 in
947 2785 1127 2873 sapientia.
1152 2784 1218 2851 atii
1240 2785 1289 2851 ita
1315 2807 1322 2849 :
1345 2807 1365 2850 a
1389 2790 1456 2852 Deo
1480 2781 1721 2873 praedestina-

393 2897 457 2973 tus,
471 2888 683 2974 designatus,
696 2889 900 2957 constitutus
912 2895 962 2957 est
973 2890 1009 2955 in
1024 2891 1149 2956 maiore
1167 2889 1344 2977 dignitatis
1356 2888 1469 2977 gradu
1489 2888 1611 2978 (Mald.
1629 2889 1721 2954 lans.

393 2998 472 3062 lter.
489 2999 602 3085 Losa).
620 3000 728 3084 Atque
748 3018 868 3063 revera
888 2996 983 3063 nullo
1004 2995 1106 3063 modo
1128 3018 1213 3085 opus
1229 3003 1281 3063 est
1296 2996 1449 3083 cogitare
1471 2995 1513 3063 de
1532 2993 1722 3085 praeterito

394 3101 610 3191 prophetiam
634 3124 744 3192 nequo
762 3104 856 3170 enim
871 3107 1012 3170 loannes
1032 3104 1141 3192 primo
1160 3110 1195 3169 et
1218 3125 1279 3193 per
1300 3126 1335 3170 se
1361 3102 1517 3192 loquitur
1542 3101 1584 3168 de
1605 3101 1725 3167 lutura

393 3206 569 3295 agnitione
581 3213 615 3274 et
629 3208 866 3275 aestimatione
880 3208 917 3276 in
931 3231 1000 3297 qua
1014 3210 1165 3275 Christus
1177 3209 1375 3290 habebitur,
1393 3230 1513 3276 verum
1525 3208 1567 3275 de
1582 3207 1720 3274 interna

395 3314 455 3381 illa
469 3314 638 3402 dignitate
658 3315 693 3382 in
714 3338 782 3405 qua
797 3316 865 3382 iam
893 3322 945 3383 est
965 3317 1165 3383 constitutus
1181 3324 1215 3384 ct
1237 3318 1366 3383 ratione
1389 3316 1486 3382 cuius
1504 3314 1571 3381 sibi
1590 3313 1722 3400 longis-

395 3421 479 3488 sime
500 3426 549 3487 est
566 3422 796 3511 antepositus,
818 3421 901 3487 dicit
922 3427 1037 3488 autem
1059 3433 1199 3508 γέγονεν,
1221 3424 1303 3511 quia
1318 3421 1513 3508 significare
1536 3422 1609 3487 vult
1628 3420 1724 3488 Chri-

396 3532 484 3593 stum
503 3526 678 3594 homiuem
700 3549 769 3594 non
788 3548 968 3618 usurpasse
987 3527 1193 3614 dignitatem
1213 3527 1326 3610 illam,
1341 3528 1401 3595 sed
1417 3552 1438 3595 a
1456 3533 1523 3595 [teo
1537 3527 1575 3594 in
1593 3549 1635 3595 ea
1653 3548 1725 3594 esse

397 3634 623 3701 constitutum
634 3632 770 3723 (Metal.)
783 3657 790 3714 ;
803 3635 899 3722 proin
912 3634 1063 3702 anterior
1073 3635 1104 3700 ei
1116 3635 1281 3702 sactusest
1291 3633 1450 3702 inordine
1458 3635 1591 3720 gratiae
1603 3631 1724 3724 (Gau).

443 3749 658 3831 Quantopere
675 3763 754 3809 vero
769 3741 920 3809 anterior
934 3742 1042 3809 lactus
1055 3742 1097 3807 sit
1111 3743 1214 3808 homo
1232 3741 1307 3823 ille,
1325 3742 1630 3808 cui‘testimonium
1645 3761 1726 3829 per·

400 3848 511 3930 bibet,
537 3854 748 3938 quantopere
773 3847 882 3914 maior
907 3847 1093 3934 dignitate,
1120 3847 1168 3914 ita
1193 3848 1364 3929 enuntiat,
1392 3854 1430 3913 ut
1453 3847 1633 3914 coelestem
1655 3844 1728 3912 eius

401 3978 565 4045 personae
587 3953 755 4041 originem
778 3953 1067 4044 eminentiamque
1087 3955 1241 4020 humana
1258 3952 1362 4039 longe
1384 3952 1621 4019 sublimiorem
1637 3951 1728 4018 clare

401 4061 596 4149 significet:
618 4061 703 4149 quio
709 4060 809 4150 prior
827 4082 880 4126 me
892 4073 981 4141 erat,
999 4061 1080 4149 quia
1099 4061 1126 4126 is
1141 4059 1211 4127 ium
1226 4064 1314 4140 erat,
1338 4058 1476 4148 quando
1492 4081 1556 4145 ego
1572 4057 1729 4125 nondum

402 4169 621 4248 exsistebam3
640 4166 783 4256 proinde
797 4166 825 4233 is
838 4165 908 4234 iam
923 4178 996 4233 erat
1006 4171 1193 4255 antequam
1209 4172 1246 4231 ut
1259 4166 1363 4232 homo
1380 4171 1593 4244 nasceretur;
1610 4170 1728 4251 πρῶτός

404 4304 457 4358 μου
475 4275 496 4342 i.
515 4300 545 4343 c.
563 4280 708 4363 πρὸτερὸς
721 4297 793 4358 μους
811 4273 867 4341 bic
882 4295 960 4340 usus
975 4295 1044 4340 non
1058 4273 1189 4339 alienus
1206 4278 1256 4339 est
1275 4295 1295 4339 a
1312 4264 1502 4339 recentiore
1517 4270 1726 4359 graecitate;

406 4382 509 4449 immo
529 4379 718 4450 notandum
741 4380 836 4469 quod
855 4382 1032 4448 Hermann
1051 4387 1146 4447 notat
1159 4377 1216 4467 (ad
1235 4380 1349 4468 Eurip.
1372 4379 1471 4467 lled.)
1490 4399 1498 4445 :
1518 4382 1661 4445 Graecos
1679 4376 1731 4443 ibi

404 4488 652 4576 superlativum
676 4508 737 4577 pro
762 4488 992 4575 comparativo
1016 4486 1145 4568 dicere,
1169 4483 1229 4551 ubi
1248 4486 1332 4552 baec
1353 4485 1420 4552 duo
1445 4484 1548 4552 simul
1573 4482 1729 4549 indicare

407 4592 577 4662 voluntat
599 4593 708 4661 maius
727 4591 895 4681 quidesse
915 4594 983 4660 alio
1003 4600 1035 4660 et
1053 4595 1192 4659 omnino
1208 4593 1405 4659 maximum.
1426 4592 1519 4658 Undc
1536 4590 1657 4656 merito
1672 4611 1730 4656 ex-

408 4697 588 4788 plicavoris
615 4723 621 4769 :
646 4700 738 4789 prius
757 4719 811 4764 me
831 4705 919 4779 erat,
945 4700 1051 4766 immo
1074 4720 1179 4790 quam
1194 4699 1355 4782 maxime,
1378 4699 1478 4787 proin
1499 4702 1577 4763 ante
1595 4695 1727 4779 omnia;

409 4835 424 4865 a
452 4803 724 4892 antiquissimam
734 4806 764 4871 ci
778 4803 925 4891 gloriam
938 4805 1100 4874 adscribit
1112 4813 1145 4872 et
1158 4806 1402 4895 praestantiam
1421 4824 1526 4892 supra
1544 4824 1597 4869 res
1612 4823 1731 4869 omnes

356 4946 360 4958 ·
409 4933 477 4978 uon
499 4915 740 5000 torrrporariam
755 4910 813 4978 sed
830 4932 978 5000 superne
995 4913 1266 4996 inexsistentem,
1286 4920 1323 4979 ut
1338 4919 1404 4979 Deo
1427 4908 1617 4976 secundum
1632 4915 1732 4975 natu-
