4050 5648
245 669 361 740 flando
376 672 606 758 exstinguere,
626 665 680 733 vel
700 689 814 739 aerem
836 673 962 763 pugnis
974 664 1188 736 verberando
1207 667 1249 736 de
1266 694 1394 760 magno
1407 670 1569 741 candela-

245 775 309 847 bro
335 780 424 848 coeli
450 774 598 844 deiicere
619 778 653 841 ct
675 775 739 845 sub
763 778 879 846 modio
901 772 1088 845 recondere
1112 777 1305 845 conemini?
1332 784 1460 871 Nempe
1489 777 1571 844 huic

40 860 79 979 ’ἕξ
94 861 100 874 ”
163 893 166 897 ’
246 886 359 954 simile
372 890 423 952 est
436 882 502 947 boc
518 878 613 969 quod
624 903 750 952 nomen
762 905 880 952 meum
892 883 1008 952 delere
1022 882 1077 948 vel
1089 884 1217 950 famam
1228 904 1344 952 meam
1354 888 1570 975 exstinguere

185 1060 189 1066 ,
248 987 453 1061 contenditis
479 1013 510 1052 u.
539 990 589 1054 Ea·
608 977 704 1058 enim
723 980 959 1058 enuntiatione
982 989 1157 1078 praeclare
1176 987 1258 1055 dicit
1288 1012 1406 1083 omnes
1430 998 1572 1061 conatus

122 1136 131 1147 ι
195 1174 198 1182 .
248 1091 520 1167 adversariosad
535 1094 705 1186 Christum
720 1095 985 1187 opprimendum
1005 1094 1077 1163 lore
1093 1118 1211 1178 vanos,
1226 1095 1351 1162 irritos.
1373 1102 1574 1188 Atquiaest

246 1205 327 1271 lux:
345 1198 409 1289 qui
422 1199 579 1290 requitur
594 1223 663 1286 me,
680 1221 752 1268 noa
765 1201 922 1270 ambulat
933 1199 1022 1288 (lege
1036 1200 1240 1293 ambulabit)
1251 1200 1288 1268 in
1300 1204 1448 1269 tenebris
1454 1226 1469 1290 ‚·
1485 1232 1502 1266 u
1518 1227 1572 1271 so-

30 1310 85 1409 23323
100 1316 111 1394 ἦ
131 1324 142 1354 ³
246 1308 357 1374 lamus
375 1307 596 1396 perobscura
614 1313 838 1398 praeeuntem
853 1306 951 1396 sequi
967 1308 1093 1391 lacem,
1110 1331 1154 1377 nc
1172 1309 1371 1378 aberremus
1387 1316 1448 1377 aut
1464 1311 1572 1377 otten-

29 1402 92 1503 §³3
247 1412 386 1495 damus,
403 1419 438 1482 et
449 1413 656 1504 loquebatur
668 1412 870 1482 Christusde
880 1413 1078 1482 hominibus
1096 1416 1259 1505 perhanc
1274 1415 1378 1483 vitam
1395 1422 1572 1505 tamquam

12 1539 98 1575 a
115 1574 121 1589 ,
133 1530 144 1603 j
247 1541 312 1609 per
328 1520 421 1589 viam
435 1514 617 1612 ‘quandam
632 1519 771 1609 plenam
783 1521 1004 1589 tenebrarum
1019 1528 1054 1588 et
1065 1544 1219 1589 errorum
1231 1525 1268 1589 in
1282 1523 1415 1591 coelum
1433 1522 1574 1590 tenden-

170 1634 179 1668 ⁷
247 1624 358 1711 tibus;
375 1628 474 1718 sequi
496 1625 668 1695 Christum
687 1631 738 1693 est
760 1626 793 1694 ei
817 1627 975 1710 credere,
992 1626 1149 1710 obedire;
1170 1628 1350 1696 ambulare
1371 1635 1421 1697 est
1440 1630 1571 1708 vivere,

246 1755 317 1802 non
338 1733 520 1802 ambulare
535 1731 575 1798 in
597 1731 748 1799 tenebris
759 1737 809 1800 cst
821 1733 937 1802 vivere
957 1733 1032 1800 sine
1047 1756 1161 1802 errore
1174 1738 1206 1800 et
1220 1740 1362 1825 peceato
1382 1763 1399 1798 »
1418 1733 1571 1824 (Mala).

247 1842 305 1910 Sol
329 1841 394 1908 etsi
411 1845 466 1935 est
480 1839 541 1906 lux
560 1838 684 1907 mundi
707 1861 777 1907 non
793 1840 938 1930 praebet
951 1839 1071 1908 lumen
1082 1839 1191 1908 caecis
1209 1847 1243 1908 et
1256 1840 1374 1909 oculos
1388 1864 1466 1909 suos
1481 1841 1575 1909 clau·

245 1945 425 2027 dentibus,
443 1946 494 2016 ita
511 1944 701 2035 spiritualis
723 1944 787 2013 illa
805 1946 863 2014 lux
883 1968 954 2013 non
973 1947 1117 2036 praebet
1132 1948 1247 2014 lumen
1261 1947 1329 2015 illis
1343 1949 1405 2038 qui
1419 1970 1495 2015 eam
1511 1970 1574 2014 no-

245 2052 323 2120 lunt
352 2051 516 2143 amplecti
536 2052 673 2143 (lana).
690 2051 823 2124 Placuit
839 2052 1014 2143 aliquibus
1023 2052 1199 2123 Christum
1213 2054 1368 2122 alludere
1383 2054 1429 2122 ad
1445 2054 1572 2122 nubem

19 2119 115 2165 ς
244 2158 341 2227 illam
359 2160 397 2226 in
411 2156 546 2233 deserto
572 2180 661 2249 quae
681 2159 1008 2249 praeivitlsraclitis
1031 2158 1162 2251 (Gyr.);
1186 2162 1247 2250 qui
1262 2161 1398 2228 Christo
1416 2162 1529 2228 credit
1543 2167 1578 2227 et

247 2264 381 2348 obedit,
402 2265 460 2332 ille
478 2287 542 2355 per
560 2264 750 2354 magisterii
765 2265 838 2334 eius
852 2266 943 2333 viam
967 2266 1137 2354 graditur,
1159 2260 1302 2354 vestigia
1319 2268 1392 2334 eius
1412 2273 1573 2348 sectatur,

23 2336 82 2492 3²32
142 2406 145 2410 ⁴
248 2372 444 2463 exemplum
460 2371 534 2441 eius
546 2371 998 2464 imitatur(Tol.).Expulsis
1011 2374 1161 2441 tenebris
1179 2373 1340 2441 subditur
1355 2374 1577 2442 tructusdoc-

247 2480 361 2547 trinae
381 2477 548 2569 (llum),
564 2478 626 2547 scd
643 2478 781 2547 babebit
797 2479 914 2548 lumen
935 2481 1042 2562 uitae,
1063 2485 1123 2563 ἕξει
1142 2488 1277 2572 tempus
1296 2482 1467 2565 futurum,
1486 2481 1577 2572 quod

22 2540 102 2694 Ξ
148 2584 150 2588 ’
249 2591 374 2677 postet
400 2597 539 2670 etcum
564 2587 651 2654 coni.
673 2607 751 2655 aon·
768 2586 906 2678 saepius
928 2588 1575 2678 sequitur(t‚1t;tuc.10,19;22‚3t;

249 2691 383 2780 Schz.);
405 2695 545 2782 ponitur
555 2699 671 2761 autem
689 2693 862 2775 futurum,
881 2716 952 2762 non
973 2694 1071 2784 quasi
1088 2694 1151 2762 iste
1167 2697 1297 2763 tructus
1312 2696 1422 2763 solum
1433 2695 1580 2762 habere·

250 2802 308 2866 tur
320 2797 357 2866 iu
376 2798 492 2866 futuro
511 2798 568 2867 vel
584 2801 622 2866 in
641 2800 749 2867 altera
762 2799 848 2884 vita,
865 2799 927 2869 aed
941 2803 1024 2891 quia
1037 2802 1192 2891 quisquis
1206 2809 1341 2869 secutus
1360 2803 1465 2869 luerit
1479 2803 1579 2868 Chri·

251 2912 360 2986 atum,
383 2928 425 2972 eo
444 2905 558 2972 fructu
577 2906 744 2995 potietur3
765 2906 867 2997 proin
889 2907 1040 2995 ponitur,
1067 2907 1118 2975 uti
1138 2909 1288 2998 saepius,
1311 2907 1354 2974 de
1375 2909 1511 2975 actione
1529 2929 1580 2974 re-

104 2983 117 3097 b,
145 3058 148 3063 ·
250 3011 374 3103 petita,
397 3034 488 3102 quae
496 3011 641 3103 impleta
654 3011 851 3080 conditione
864 3033 1002 3103 semper
1014 3012 1111 3081 adest
1122 3013 1181 3097 (ol.
1202 3017 1339 3103 Krttqer
1358 3013 1581 3101 53‚1o‚t)vcl

23 3132 56 3207 ’4.·
185 3155 187 3160 ·
252 3118 474 3200 simalueris,
491 3117 535 3186 de
552 3119 677 3187 effectu
695 3118 757 3210 qui
769 3118 874 3187 debet
889 3119 1055 3210 consequi
1073 3126 1108 3188 et
1126 3122 1187 3210 qui
1201 3121 1386 3188 certissime
1398 3121 1581 3209 consequi-

252 3231 311 3297 tur
325 3223 382 3314 (cl.
406 3225 526 3299 Wiocr
544 3224 656 3314 to,o);
672 3225 778 3294 habet
791 3225 909 3315 itaque
921 3226 977 3293 vel
999 3227 1149 3316 possidet
1166 3227 1204 3294 in
1220 3228 1381 3294 selumen
1396 3227 1490 3316 quod
1502 3249 1580 3294 eum

254 3331 349 3400 ducit
364 3331 409 3399 ad
424 3331 542 3401 vitam.
561 3333 692 3401 Christo
705 3333 866 3414 credens,
881 3332 954 3400 cius
973 3331 1134 3400 obediens
1157 3333 1333 3401 doctrinae
1352 3334 1516 3400 contiuuo
1536 3335 1581 3400 ita

254 3438 390 3505 interna
413 3437 527 3525 gratia
543 3437 786 3506 illustrationis
805 3438 993 3521 invehitur,
1015 3444 1054 3507 ut
1069 3460 1091 3506 a
1104 3439 1160 3507 via
1175 3462 1275 3507 verae
1292 3440 1382 3507 vitae
1399 3461 1467 3507 uon
1481 3440 1582 3506 aber-

256 3549 326 3626 ret;
354 3545 461 3612 habet
480 3545 598 3613 lumen
621 3543 823 3615 indeficiens
842 3545 1014 3614 etlumen
1037 3544 1129 3613 istud
1153 3546 1212 3613 dat
1235 3547 1341 3613 vitam
1356 3545 1514 3634 (lton).
1533 3546 1582 3612 Ob

256 3651 404 3718 latinum
423 3655 553 3718 textum
578 3650 652 3742 (qui
673 3673 766 3720 nunc
792 3651 1125 3741 legiturlamdulat,
1146 3652 1296 3739 latebit,
1319 3653 1477 3720 nonnulli
1498 3654 1581 3719 alte-

257 3779 336 3825 rum
349 3757 396 3824 ad
418 3758 575 3825 futurum
594 3757 648 3825 vel
661 3758 805 3827 alteram
817 3759 926 3827 vitam
945 3759 1116 3840 referunt3
1133 3759 1170 3826 id
1183 3760 1278 3850 quod
1293 3782 1332 3825 ex
1350 3765 1442 3826 textu
1458 3782 1582 3846 graeco

258 3886 327 3932 non
341 3863 526 3932 consistere
545 3870 667 3954 potest.

303 3970 398 4038 Talia
425 3971 508 4038 dicit
528 3976 619 4039 lesus
639 3971 681 4038 de
703 3993 740 4038 se
760 3993 850 4061 quae
867 3972 982 4040 nullus
1004 3972 1108 4039 homo
1125 3973 1196 4039 sine
1217 3993 1351 4039 summa
1371 3972 1583 4039 absurditate

261 4077 442 4147 enuntiare
462 4077 506 4144 de
534 4099 570 4144 se
591 4081 722 4168 posset;
748 4105 765 4141 «
790 4077 867 4168 quis
887 4099 1040 4168 uuquam
1063 4085 1257 4146 sanctorum
1279 4080 1528 4169 prophetarum
1548 4081 1584 4144 in

261 4185 364 4253 talem
381 4206 504 4256 ,vocem
528 4205 756 4275 prorumpere
775 4205 877 4252 ausus
891 4186 960 4252 estt
972 4185 1027 4252 cui
1044 4185 1082 4251 id
1095 4185 1251 4252 convenit
1268 4185 1380 4252 dicere
1395 4186 1461 4252 uisi
1474 4186 1505 4251 ei
1524 4188 1584 4251 uni

262 4298 397 4360 tantum
412 4291 473 4381 qui
487 4296 619 4359 natura
629 4313 691 4359 sua
705 4295 791 4359 Deua
805 4297 855 4359 est
871 4317 887 4353 »
907 4291 1000 4382 (Cyr.
1017 4290 1095 4359 sim.
1113 4290 1264 4378 Ttom.)‘?
1276 4298 1399 4359 Verum
1413 4292 1585 4381 pharisaei

263 4421 331 4488 quo
345 4399 459 4485 magis
474 4404 566 4466 lesus
582 4421 617 4465 se
635 4397 750 4487 ipsum
766 4399 976 4478 manifestat,
994 4419 1034 4465 eo
1048 4400 1159 4485 magis
1172 4399 1352 4489 impotenti
1366 4400 1482 4465 lurore
1496 4401 1585 4465 insa-

262 4505 375 4574 niunt.
398 4510 507 4583 Quare
521 4526 649 4592 magua
664 4504 924 4593 importunitate
939 4526 1018 4572 eum
1035 4504 1292 4596 interrumpunt
1310 4511 1345 4571 et
1359 4504 1586 4572 audacissima

264 4612 449 4680 assertione
471 4611 651 4704 impedire·
666 4617 835 4682 conantur
863 4611 1047 4703 quominus
1070 4612 1217 4702 populus
1235 4616 1266 4679 ei
1293 4612 1398 4678 sidem
1424 4613 1586 4679 adhibeat

264 4742 296 4787 v.
316 4724 357 4785 13
373 4716 536 4787 dicerunt
551 4742 630 4809 erpo
648 4718 680 4786 ei
689 4717 869 4809 pharisaei
887 4741 900 4785 .·
922 4733 960 4787 tu
981 4717 1022 4784 de
1038 4719 1143 4809 teipso
1168 4719 1400 4787 testiinonium
1410 4719 1586 4808 perdicca·

266 4826 500 4894 testimonium
517 4840 616 4894 tuum
635 4849 704 4894 non
722 4838 772 4893 est
796 4849 931 4915 votem
947 4827 990 4895 cl.
1010 4833 1086 4904 5531
1100 4850 1108 4910 ;
1124 4828 1159 4894 id
1175 4851 1214 4895 co
1229 4828 1358 4893 maiore
1376 4828 1509 4894 malitia
1524 4849 1586 4913 og-

266 4939 407 5022 gerum,
422 4933 581 5022 quamvis
602 4934 728 5002 scirent
746 4937 857 5001 lesum
878 4937 948 5003 iam
966 4940 1064 5002 autea
1080 4957 1278 5025 provocasse
1294 4935 1337 5002 ad
1353 4936 1586 5002 testimonium
