4050 5648
350 515 411 575 494
880 527 966 571 roam
988 515 1141 587 talou.

286 730 288 732 ,
349 665 453 739 ctiam
462 669 639 736 advertere
647 664 793 751 oportet,
805 659 990 750 peculiaria
999 663 1230 752 iisetssagitari
1238 661 1330 728 hona
1340 662 1384 750 (v.
1402 670 1454 731 11.
1471 673 1522 733 13.
1536 672 1588 732 17.
1602 664 1670 748 19).

394 775 579 870 Discipulos
596 773 711 855 itaque
734 768 856 834 Christi
877 789 949 833 esse
963 778 998 837 et
1016 770 1124 837 Patris
1140 773 1204 851 ait3
1228 767 1322 837 unde
1343 769 1429 835 ratio
1447 793 1507 839 cur
1521 771 1673 840 Christus

348 887 443 971 petat
457 889 490 949 ct
515 885 612 947 Pater
627 873 797 942 exaudiat.
824 879 910 940 Sunt
929 884 1043 944 autem
1065 897 1146 943 vero
1166 900 1205 945 ac
1230 877 1333 967 pleno
1356 897 1457 942 sensu
1476 879 1671 970 utriusque3

346 1010 427 1056 nam
442 1011 474 1052 v.
496 991 534 1050 10
550 994 583 1048 et
601 1003 678 1051 mcc
696 983 812 1048 omnic
831 993 891 1046 tao
903 996 984 1050 sum
1002 997 1035 1050 et
1054 996 1115 1048 tua
1130 1005 1206 1050 mec
1220 996 1320 1068 sunt;
1333 981 1400 1048 tale
1421 981 1505 1071 quid
1522 986 1676 1052 Christus

344 1079 454 1162 solum
479 1088 573 1177 loqui
603 1095 714 1177 potest
742 1088 824 1180 quia
852 1094 902 1153 est
925 1089 1028 1157 Filius
1051 1089 1141 1155 Patri
1165 1089 1376 1180 coaequalis3
1406 1091 1485 1170 εἶδες
1512 1092 1673 1175 ἰσοτιμίαν;

347 1195 499 1289 (Eutt.);
521 1194 603 1261 talia
626 1195 717 1262 enim
742 1215 843 1265 nemo
867 1196 1020 1285 prolerre
1039 1202 1150 1285 potest
1171 1195 1236 1261 nisi
1260 1198 1288 1263 is
1311 1197 1372 1285 qui
1396 1203 1482 1263 [teus
1501 1202 1549 1262 est
1562 1195 1673 1284 (Patr.

351 1302 476 1390 Gorl.);
494 1309 528 1368 et
543 1302 649 1369 aliam
661 1301 823 1386 adiungit
838 1300 1023 1384 rationem,
1041 1324 1103 1369 cur
1115 1306 1209 1390 petat
1220 1306 1255 1367 et
1272 1301 1454 1392 discipulos
1467 1301 1593 1390 dignos
1603 1324 1675 1370 csse

348 1408 505 1476 ostendat
526 1408 742 1476 exauditione
761 1419 794 1472 et
816 1405 1026 1494 clarificatus
1040 1428 1115 1474 sum
1137 1407 1252 1489 ineis,
1286 1407 1478 1498 quippequi
1505 1409 1541 1475 in
1563 1409 1674 1500 ipsuni

348 1515 584 1594 crediderunt3
607 1517 650 1582 ct.
666 1537 698 1579 v.
716 1523 749 1581 ’1.
764 1519 784 1580 8
801 1511 896 1602 (etr.
919 1514 1041 1599 Cori),
1061 1514 1121 1608 qui
1139 1513 1176 1580 in
1196 1512 1335 1580 nomine
1351 1518 1423 1580 lesu
1439 1515 1677 1605 praedicantes

347 1620 451 1710 signa
469 1622 651 1690 ediderunt
671 1620 798 1709 (uatth.
821 1626 898 1699 10,8
915 1621 1003 1710 seq.)
1020 1621 1068 1687 ita
1084 1626 1121 1687 nt
1138 1621 1229 1689 lama
1244 1625 1318 1687 lesu
1332 1620 1400 1687 late
1418 1642 1482 1710 per
1497 1622 1675 1708 regionem

347 1734 567 1819 spargeretur
579 1726 707 1815 (Matth.
728 1731 822 1808 ως
842 1732 939 1793 Marc.
957 1734 1036 1810 6,st
1052 1727 1270 1801 manifestum
1289 1726 1382 1794 enim
1400 1728 1593 1795 factumest
1611 1750 1674 1794 no·

348 1858 427 1903 men
442 1835 544 1921 eius);
562 1832 721 1922 discipuli
746 1832 813 1900 fide
831 1854 893 1900 sua
918 1834 986 1899 iam
1011 1834 1161 1901 futuram
1176 1833 1302 1904 Christi
1321 1832 1416 1923 apud
1436 1833 1593 1901 homines
1615 1855 1674 1901 co·

346 1942 541 2030 gnitionem
564 1946 598 2006 et
616 1938 763 2026 gloriam
779 1944 989 2029 praeparant
1004 1939 1151 2028 (selah
1173 1962 1255 2007 nam
1280 1939 1540 2030 proficiscentur
1558 1941 1595 2006 in
1616 1963 1675 2007 or-

346 2048 428 2116 bem
452 2054 620 2114 terrarum
645 2045 871 2135 hominesque
885 2045 930 2112 ad
957 2045 1080 2113 Christi
1102 2045 1233 2113 cultum
1257 2046 1433 2118 adducent
1445 2046 1553 2142 (Patr.
1575 2046 1671 2133 Fit).

349 2156 383 2222 Si
399 2153 502 2220 Filius
514 2151 733 2233 clarificatur,
752 2156 851 2219 Pater
864 2175 1003 2242 quoque
1017 2152 1226 2220 clarificatur
1244 2153 1300 2231 (cf.
1320 2158 1415 2233 11‚t;
1433 2152 1565 2248 13,81);
1583 2153 1674 2220 unde

347 2260 490 2328 affertur
505 2258 618 2326 valida
634 2260 720 2325 ratio
733 2258 976 2341 exauditionis,
994 2282 1082 2349 quae
1094 2259 1197 2327 simul
1212 2259 1330 2326 utilem
1346 2259 1520 2351 discipulis
1533 2258 1676 2334 audien·

347 2367 439 2435 tibus
468 2365 609 2457 praehet
632 2365 893 2432 institutionem.
922 2366 1074 2432 Alteram
1099 2366 1195 2433 addit
1221 2367 1373 2433 Christus
1401 2365 1588 2445 rationem,
1613 2388 1677 2439 cur

347 2482 447 2560 roget
460 2479 494 2539 et
514 2473 603 2538 Patri
623 2471 838 2538 commendet
853 2494 932 2539 suos
953 2495 986 2539 v.
1007 2479 1045 2540 11
1063 2485 1096 2539 et
1112 2473 1181 2539 iam
1199 2495 1270 2538 non
1282 2494 1360 2540 sum
1375 2473 1412 2539 in
1428 2471 1574 2558 mundo,
1592 2472 1680 2540 ethi

348 2580 385 2646 in
401 2577 528 2646 mundo
546 2591 625 2645 sunt
645 2591 676 2644 et
699 2600 759 2667 eqo
779 2576 827 2644 od
845 2590 877 2644 te
894 2577 1012 2661 cenio;
1031 2579 1246 2670 corporalem
1261 2601 1359 2646 suam
1373 2579 1618 2669 praesentiam,
1635 2601 1674 2646 ex

348 2708 417 2776 qua
429 2685 480 2752 illi
496 2686 681 2752 maximum
695 2685 853 2751 solatium
867 2691 900 2750 et
916 2706 1076 2774 praesens
1090 2685 1126 2751 in
1142 2684 1302 2752 omnibus
1316 2685 1481 2753 auxilium
1497 2685 1673 2776 percipere

346 2794 519 2872 solebant,
542 2791 639 2857 brevi
659 2790 728 2857 illis
746 2792 938 2873 subtrahet;
957 2792 1021 2881 ipsi
1044 2813 1126 2858 vero
1147 2793 1378 2860 remanebunt
1393 2791 1431 2857 in
1445 2789 1591 2876 mundo,
1608 2791 1673 2859 ini-

348 2901 437 2966 mico
451 2898 525 2980 Dei,
544 2896 703 2988 periculis
715 2904 748 2963 et
763 2897 1034 2966 infestationibus
1046 2899 1205 2988 expositi3
1224 2899 1323 2988 proin
1336 2898 1503 2985 singulari
1519 2897 1578 2966 uei
1592 2920 1674 2988 pro-

345 3005 492 3073 tectione
510 3004 715 3093 indigebunt
726 3011 759 3070 et
774 3004 1022 3087 consolatione,
1042 3027 1111 3095 qua
1135 3005 1258 3072 Christi
1272 3004 1463 3096 corporalis
1482 3005 1675 3096 praesentia

345 3120 595 3203 compensetur.

390 3223 499 3297 Quare
519 3217 692 3286 mentione
708 3218 829 3284 mundi
847 3218 951 3299 iacta,
973 3216 1010 3283 in
1030 3240 1099 3307 quo
1123 3218 1375 3309 relinquuntur,
1400 3217 1514 3285 statim
1534 3216 1674 3284 distinc-

343 3332 414 3394 tam
434 3326 551 3392 subdit
571 3323 786 3414 petitionem,
805 3347 874 3414 qua
894 3323 938 3390 ab
962 3323 1179 3392 infestatione
1201 3325 1321 3392 mundi
1354 3324 1392 3391 in
1417 3331 1489 3391 tuto
1513 3323 1674 3392 collocari

342 3454 401 3499 eos
420 3431 616 3499 desiderat:
639 3434 743 3498 Pater
761 3444 892 3515 sancte,
915 3431 1133 3519 compellatio
1155 3440 1204 3497 est
1222 3432 1267 3498 ad
1285 3452 1358 3498 rem
1384 3430 1529 3498 maxime
1548 3452 1675 3520 oppor-

343 3544 429 3605 tuna
454 3557 462 3604 ε
491 3541 628 3605 Patrem
652 3536 819 3626 appellat,
848 3536 1027 3603 instantius
1047 3538 1116 3604 iam
1149 3560 1293 3626 rogans;
1319 3551 1478 3605 sanctum
1501 3537 1673 3617 nominat,

345 3650 494 3733 utpotae
511 3644 641 3711 mundo
657 3643 801 3731 profano
814 3642 1059 3710 alienissimum
1076 3650 1110 3710 et
1123 3666 1257 3710 summa
1269 3645 1456 3711 sanctitatis
1470 3643 1546 3710 luce
1557 3642 1675 3733 splen-

346 3748 483 3831 didum,
506 3772 607 3839 quem
622 3748 695 3817 scil.
715 3757 829 3836 mgat,
852 3755 889 3815 ut
910 3771 972 3838 pro
987 3770 1048 3815 sua
1067 3751 1245 3817 sanctitate
1262 3773 1341 3817 suos
1356 3773 1493 3840 quoque
1509 3773 1529 3816 a
1543 3747 1675 3816 mundo

344 3865 481 3945 separet
494 3879 618 3946 eosque
638 3855 681 3923 ab
697 3857 770 3922 eius
784 3856 1076 3922 contaminatione
1090 3864 1223 3923 sanctos
1237 3865 1272 3922 et
1284 3857 1522 3924 immaculatos
1547 3863 1672 3937 servet,

344 3985 442 4030 servo
455 3986 510 4030 eos
525 3965 562 4029 in
577 3963 713 4029 nomine
728 3975 786 4028 tuo
795 3984 880 4051 qzcos
897 3962 1017 4050 (quod)
1033 3962 1157 4029 dedisti
1169 3963 1267 4045 mitt,
1282 3976 1319 4029 ut
1334 3974 1403 4030 sint
1417 3985 1525 4029 arnum
1540 3963 1630 4030 sicut
1642 3974 1675 4029 et

345 4092 418 4151 nos,
439 4065 626 4155 ᾧδέὲωκαςς
650 4091 775 4135 nomen
790 4068 848 4136 uei
866 4068 889 4135 i.
914 4091 945 4136 e.
968 4069 1004 4136 id
1020 4068 1114 4159 quod
1134 4075 1219 4136 Deus
1239 4070 1281 4136 de
1303 4092 1338 4137 se
1354 4071 1570 4137 manifestare
1585 4070 1672 4150 vult,

345 4175 582 4263 cognitionem
599 4176 657 4243 Dei
676 4178 745 4243 iam
768 4174 899 4243 Christo
917 4175 1059 4244 docente
1081 4184 1308 4266 perceperunt
1323 4199 1355 4244 v.
1375 4184 1411 4259 ὃς
1426 4184 1465 4244 ut
1481 4178 1516 4243 in
1532 4177 1598 4243 hac
1616 4198 1672 4243 co·

345 4281 497 4369 gnitione
518 4284 574 4349 [tei
595 4288 774 4350 serventur
793 4289 827 4349 et
843 4282 1093 4357 custodiantur.
1117 4289 1232 4371 rogat;
1255 4284 1410 4350 innuitur
1429 4283 1620 4373 periculum
1636 4305 1676 4349 ex

345 4396 443 4479 parte
461 4389 597 4471 mundi,
616 4413 684 4480 quo
706 4391 779 4457 scil.
806 4390 889 4455 haec
908 4389 1058 4476 cognitio
1072 4398 1304 4479 oppugnetur,
1329 4390 1522 4473 offuscetur,
1540 4388 1675 4458 adulte-

346 4503 452 4562 retur.
471 4502 517 4563 Ea
535 4503 651 4563 autem
675 4496 826 4585 cognitio
848 4494 1053 4583 intelligitur
1072 4517 1176 4585 quam
1201 4504 1300 4564 Pater
1323 4520 1384 4587 per
1406 4498 1576 4565 Christum
1597 4517 1676 4585 pro·

344 4601 570 4689 mulgendam
588 4605 736 4682 curavit,
755 4603 846 4670 unde
863 4624 986 4669 nouwn
1000 4601 1096 4691 quod
1111 4601 1238 4670 dedisti
1253 4603 1342 4670 mz'lzi
1359 4604 1433 4672 scil.
1452 4602 1675 4670 manifestan-

345 4709 446 4788 dum,
470 4709 738 4799 praedicandum
760 4733 792 4779 v.
816 4718 853 4792 63
874 4710 976 4798 proin
993 4712 1142 4795 cognitio
1158 4733 1218 4800 per
1240 4711 1342 4778 fidem
1362 4710 1535 4778 Trinitatis
1554 4724 1617 4776 etc.
1638 4713 1676 4776 ut

348 4823 458 4902 rogat,
483 4823 520 4882 ut
543 4821 641 4883 Pater
659 4839 716 4883 eos
730 4823 905 4884 conservet
924 4817 959 4882 in
978 4815 1039 4881 illa
1059 4817 1256 4903 cognitione
1272 4840 1342 4884 non
1362 4816 1464 4884 modo
1482 4816 1675 4905 qualicum-

347 4944 432 5011 que,
455 4923 515 4989 sed
530 4944 608 4989 eum
630 4923 665 4988 in
686 4922 806 5007 finem,
825 4936 862 4989 ut
883 4921 953 4989 sint
975 4944 1084 4988 anum
1100 4924 1187 4990 siczct
1210 4937 1243 4991 et
1266 4946 1348 5010 nos,
1367 4945 1503 4991 summa
1518 4944 1601 5009 ergo
1616 4921 1676 4989 illa
