4116 5648
849 379 928 425 rora.
955 360 1069 432 tat-5.
1567 363 1626 424 529

297 514 433 604 (Cart).
458 516 560 581 Plura
583 510 627 576 de
650 510 782 579 erudeli
804 514 871 580 hoe
897 507 1067 601 supplicio
1093 509 1164 577 dixi
1189 510 1225 576 iu
1248 513 1436 578 comment.
1460 512 1574 576 llatth.
1598 519 1626 581 ll

297 645 330 712 p.
349 625 510 691 sot-506.
530 622 568 683 Et
582 639 685 706 quam
702 618 887 686 crudeliter
904 614 1055 685 Christus
1067 619 1110 682 sit
1126 615 1273 702 flagellis
1290 639 1424 697 caesus,
1443 616 1513 682 iam
1529 616 1626 683 eolli-

299 729 393 815 gitur
413 746 452 790 eo
477 724 570 813 quod
592 725 720 793 Pilatus
737 724 898 814 sperabat
917 744 1013 812 posse
1034 722 1180 789 luriosos
1206 722 1410 789 ludaeorum
1429 723 1561 790 animos
1583 723 1628 789 ad

297 830 631 901 commiserationem
650 830 797 912 moveri;
820 832 992 897 Christum
1013 828 1047 893 in
1072 829 1147 895 loco
1167 828 1305 916 publico
1324 851 1394 896 esse
1418 830 1627 916 flagellatum

297 944 390 1030 patet
405 960 444 1004 ex
461 961 501 1005 eo
522 938 604 1028 quia
620 938 806 1005 Matthaeus
824 943 859 1003 et
878 943 1006 1003 llareus
1025 943 1187 1013 narrant,
1205 933 1332 1000 milites
1346 956 1424 1001 eum
1444 936 1578 1003 duxisse
1592 936 1629 1002 in

297 1046 634 1135 praetorium‚‘intus
658 1044 695 1109 iu
718 1044 844 1110 atrium
865 1040 1027 1131 praetorii
1056 1041 1177 1130 ibique
1199 1042 1230 1107 ei
1256 1041 1411 1130 spineam
1432 1043 1629 1130 imposuisse

299 1174 460 1220 eoronam
480 1161 514 1217 et
532 1151 695 1231 illusisse;
713 1170 745 1214 v.
768 1155 835 1216 Pet
853 1147 982 1215 milites
996 1148 1182 1236 plectentes
1199 1168 1362 1213 corenam
1384 1144 1426 1214 cle
1449 1148 1558 1237 spinis
1577 1148 1631 1231 (de

301 1258 449 1326 rhamno
468 1259 616 1336 nabeca,
648 1252 770 1343 Scep,
799 1254 841 1324 de
868 1255 968 1343 Lycio
990 1255 1139 1344 spinoso,
1163 1256 1279 1342 Hesp.,·
1304 1253 1347 1321 de
1361 1254 1526 1335 acantho,
1558 1254 1631 1341 alii)

303 1365 541 1455 imposuerunt
576 1361 686 1451 cupiti
715 1361 788 1428 eius
816 1375 848 1429 et
874 1373 962 1429 veste
996 1382 1176 1451 purpurea
1211 1359 1509 1427 circumdederunt
1539 1384 1631 1440 etim,

302 1470 520 1557 chlamydem
546 1469 742 1536 coccineam
770 1467 853 1534 dicit
881 1467 1068 1534 Matthaeus
1093 1468 1242 1554 (27,28l;
1267 1464 1344 1533 vide
1368 1468 1434 1547 ihi3
1465 1467 1632 1534 eiusmodi

303 1577 446 1668 pallium
461 1576 564 1642 duces
579 1580 613 1642 et
627 1575 850 1665 imperatores
863 1582 999 1661 gestare
1019 1573 1192 1650 solebant;
1214 1575 1315 1662 proin
1331 1574 1456 1640 milites
1468 1573 1629 1641 detritum

300 1683 443 1772 aliquod
459 1682 743 1772 paludamentum
763 1681 817 1747 vel
841 1701 964 1767 sagum
988 1679 1170 1770 opprobrii
1192 1702 1295 1747 causa
1318 1680 1349 1746 ei
1369 1680 1585 1748 circumdant
1599 1686 1633 1746 et
1701 1718 1704 1723 ·

299 1813 362 1881 pro
382 1795 514 1878 sceptro
541 1788 713 1862 dederunt
730 1786 936 1855 arundinem
962 1787 998 1853 in
1021 1786 1195 1853 dexteram
1213 1786 1297 1856 eius.
1326 1786 1512 1854 Audieram
1535 1810 1633 1854 accu-

299 1898 466 1964 sationem
492 1897 534 1963 de
564 1916 663 1982 rege3
684 1893 929 1962 ludificationis
952 1916 1055 1961 eausa
1074 1893 1246 1960 ludicrum
1266 1915 1343 1960 eum
1367 1916 1484 1981 regem
1506 1895 1632 1962 consh‘-

299 2011 416 2079 tuuut3
430 2002 522 2069 unde
534 2002 766 2076 sollemnitate
777 2000 929 2091 quadam
940 2000 1073 2067 ludicra
1083 2023 1115 2065 v.
1130 2001 1342 2067 eveniebant
1354 2000 1401 2066 ad
1410 2023 1487 2067 eccm
1501 2013 1533 2066 et
1544 2001 1633 2067 clice-

300 2112 404 2177 liant:
422 2132 501 2194 ave,
518 2132 579 2176 res
589 2108 812 2192 ludaeorum,
831 2120 862 2172 et
876 2105 1006 2172 (labant
1026 2107 1058 2171 el
1075 2105 1213 2196 alopas,
1228 2116 1411 2194 ῥαπίσματα,
1430 2106 1525 2173 cuius
1542 2108 1634 2174 vocis

302 2218 448 2283 maxime
463 2214 605 2304 propria
622 2215 718 2280 notio
740 2218 790 2279 est
804 2214 891 2280 ictus
906 2214 1006 2300 virga
1021 2199 1142 2279 inssi'cti
1166 2213 1311 2301 (Patina
1332 2213 1500 2281 arundine
1512 2236 1634 2303 percu-

301 2322 435 2389 tiebant
446 2327 550 2411 caput
565 2321 638 2388 eius
650 2328 685 2387 et
698 2319 938 2409 conspuebant
949 2342 1028 2387 eum
1046 2320 1175 2408 (llatth.
1192 2325 1323 2406 liare),
1339 2321 1387 2388 ita
1398 2322 1634 2387 salutationem
1668 2325 1669 2328 ’

302 2436 335 2497 et
346 2429 583 2496 adorationem
599 2428 740 2515 regibus
754 2427 908 2494 exhiberi
922 2427 1057 2493 solitam
1078 2427 1212 2494 crudeli
1225 2426 1328 2493 modo
1343 2434 1376 2493 et
1390 2426 1542 2493 irrisorie
1560 2427 1636 2493 imi·

302 2543 423 2604 tantes.
441 2535 643 2603 Narratione
658 2535 751 2602 clare
770 2534 961 2601 ostenditur
980 2533 1070 2601 hanc
1093 2533 1291 2600 irrisionem
1306 2556 1379 2599 non
1398 2555 1468 2599 esse
1490 2555 1511 2599 a
1531 2532 1635 2601 Pilato

302 2651 522 2734 praeceptam
538 2644 583 2730 (v.
601 2648 616 2707 1
633 2642 760 2708 Pilatus
774 2640 981 2727 flagellavit,
999 2663 1031 2705 v.
1051 2638 1207 2705 Parilites
1222 2641 1492 2728 imposuerunt);
1515 2647 1550 2707 at
1566 2640 1635 2708 dici

302 2756 414 2841 potest
439 2770 516 2816 cum
547 2748 626 2816 Clu.
651 2755 767 2814 cetera
788 2746 997 2837 permisisse,
1026 2747 1108 2836 quia
1133 2746 1274 2813 consilio
1302 2747 1409 2835 ipsius
1428 2747 1632 2835 proderant,

304 2879 373 2946 quo
392 2856 525 2923 facilius
555 2855 758 2950 ludaeorum
783 2853 873 2919 iram
899 2854 1075 2940 frangeret
1099 2859 1132 2920 et
1154 2853 1199 2919 ad
1221 2855 1551 2920 commiserationem
1577 2877 1635 2921 eos

304 2964 453 3031 flecteret
469 2963 526 3051 (cl.
542 2963 663 3050 stirp).

348 3077 457 3137 lesum
475 3070 565 3135 enim
588 3067 835 3135 immanissime
855 3067 956 3134 luisse
976 3067 1124 3153 flagellis
1135 3089 1268 3135 caesum
1284 3074 1317 3134 et
1333 3068 1520 3135 laceratum
1534 3075 1567 3135 et
1581 3070 1634 3134 iu-

302 3199 406 3267 super
422 3184 497 3265 post
521 3174 694 3241 crudelem
715 3174 864 3241 militum
885 3173 1154 3240 ludificationem
1180 3174 1411 3242 miserrimum
1438 3175 1635 3265 praebuisse

304 3289 494 3374 aspectum,
512 3304 552 3346 ex
571 3303 612 3347 eo
630 3303 768 3370 quoque
784 3281 911 3362 elucet,
929 3279 1012 3369 quia
1026 3280 1156 3346 Pilatus
1171 3281 1232 3371 qui
1251 3282 1451 3369 spectaculis
1466 3282 1634 3369 gladiato-

306 3412 382 3457 rum
399 3394 552 3456 assuetus
568 3387 712 3469 vibices,
730 3388 890 3468 vulnera,
911 3386 1034 3454 caedes
1048 3409 1150 3476 saepe
1164 3393 1349 3478 spectarat,
1365 3396 1545 3477 conspecto
1562 3395 1634 3457 lesu

305 3504 339 3564 et
352 3497 424 3586 ipse
436 3502 670 3562 commovetur
689 3502 722 3562 et
741 3494 887 3561 luriosos
905 3516 1044 3583 quoque
1062 3493 1205 3561 ludaeos
1223 3495 1265 3562 ad
1290 3495 1559 3563 misericordiam
1580 3519 1634 3563 re-

307 3603 421 3670 vecari
436 3625 533 3692 posse
551 3601 787 3691 exspectabat3
806 3623 837 3666 v.
856 3608 874 3668 t
890 3600 997 3666 exivit
1010 3623 1092 3687 erpo
1109 3601 1233 3667 iterum
1249 3601 1384 3668 Pilatus
1391 3605 1490 3691 sores
1504 3617 1535 3669 et
1551 3601 1634 3670 (licit

306 3709 355 3776 eis
369 3731 382 3773 .·
398 3731 471 3775 ecce
490 3707 624 3774 adduco
639 3708 730 3774 cobis
742 3729 820 3773 euin
831 3706 947 3794 foras,
965 3720 1002 3773 ut
1018 3708 1230 3796 copnoscetis
1242 3704 1326 3798 quia
1346 3708 1480 3776 iactam
1499 3710 1636 3776 invenio

307 3817 344 3883 in
358 3839 396 3883 eo
417 3836 575 3894 causam;
591 3837 680 3904 pone
701 3816 812 3914 ipsum
827 3836 848 3879 a
868 3813 1036 3880 militibus
1051 3813 1207 3882 educitur
1220 3820 1325 3895 lesus;
1345 3838 1375 3882 v.
1398 3825 1417 3884 5
1434 3817 1541 3882 exivit
1556 3838 1635 3907 erpo

308 3926 399 3990 lesus
411 3935 553 4011 portans
568 3942 726 3988 coronam
741 3920 896 4009 spineam
919 3933 951 3986 et
971 3942 1188 4010 purpureum
1207 3921 1460 4005 vestimentum,
1481 3951 1496 3984 a
1520 3923 1638 3989 eduxit

309 4053 389 4097 eum
411 4028 554 4095 ludibrii
576 4028 663 4095 stola
687 4028 865 4108 vestitum,
884 4034 921 4093 ut
943 4029 1036 4094 hunc
1051 4027 1204 4094 videntes
1218 4029 1254 4095 in
1269 4035 1364 4095 tanto
1379 4030 1565 4119 opprobrio
1582 4052 1635 4096 sa-

310 4137 478 4203 tiarentur
497 4144 530 4201 et
552 4135 773 4223 placarentur
796 4162 811 4192 »
841 4132 973 4220 (auct.)
999 4148 1032 4201 et
1056 4133 1141 4200 elicit
1167 4135 1293 4202 Pilatus
1316 4135 1365 4202 eis
1392 4157 1405 4200 .·
1428 4159 1502 4203 ecce
1520 4136 1639 4220 torrem·

311 4242 445 4332 quaerit
465 4241 606 4319 Pilatus,
624 4242 678 4309 cui
693 4262 892 4330 persuasum
916 4247 967 4307 est
982 4246 1090 4307 lesum
1108 4264 1179 4308 esse
1199 4243 1376 4308 innoxium
1399 4251 1432 4309 et
1451 4243 1559 4332 quiid
1578 4245 1639 4309 ite·

312 4371 388 4416 rum
415 4349 527 4439 palam
551 4347 741 4437 profitetur,
764 4347 964 4414 nondumne
986 4353 1082 4414 tanta
1100 4348 1136 4413 in
1159 4352 1266 4414 lesum
1293 4349 1506 4416 crudelitatis
1529 4371 1639 4439 poena

311 4458 352 4521 iis
363 4457 406 4522 sit
421 4457 646 4535 satisfactum,
663 4455 856 4521 habeantne
869 4454 949 4520 satis
964 4454 1149 4533 vindictae,
1167 4477 1245 4522 eum
1262 4477 1340 4522 eum
1357 4456 1496 4523 videant
1512 4455 1636 4545 plagis,

312 4563 497 4647 sanguine,
515 4546 712 4651 opprobriis
723 4568 882 4650 opertum
899 4583 906 4627 :
924 4584 1020 4641 ecce,
1038 4561 1150 4650 qualis
1166 4561 1287 4629 homo!
1302 4591 1317 4622 α
1334 4563 1360 4628 si
1376 4563 1450 4649 regi
1468 4563 1639 4649 invidetis,

313 4670 382 4736 iam
400 4670 546 4758 parcite,
574 4669 656 4758 quia
680 4668 850 4736 deiectum
873 4668 1012 4749 videtis;
1041 4668 1233 4755 flagellatus
1253 4677 1317 4750 est,
1338 4669 1445 4758 spinis
1462 4680 1643 4738 coronatus

315 4784 381 4857 est,
407 4776 595 4843 ludibriosa
612 4783 704 4842 veste
731 4775 875 4843 amictus
894 4782 959 4856 est,
985 4776 1111 4842 amaris
1132 4776 1297 4843 conviciis
1319 4775 1439 4843 illusus
1451 4785 1518 4859 est,
1538 4779 1646 4867 alapis

767 4904 953 4941 unacsnnauea
971 4904 996 4940 us
1014 4904 1082 4941 roan.
1101 4918 1129 4926 -
1147 4895 1185 4941 tt.
