4116 5648
480 469 512 525 et
527 464 620 522 Marc.
638 465 709 534 120
721 468 880 534 narretur;
893 480 910 524 e
924 466 1035 525 contra
1048 462 1109 528 hac
1120 464 1310 528 invitatione
1325 468 1358 526 et
1372 466 1475 544 prima
1485 464 1546 525 hac
1560 480 1635 524 cum
1650 467 1723 529 lesu
1736 487 1809 531 con·

480 557 647 621 suetudine
661 561 839 625 declaratur
850 561 1015 640 quomodo
1028 565 1157 626 tandem
1169 578 1236 623 una
1252 561 1323 623 lesu
1336 580 1411 625 voce
1424 562 1535 625 audita
1548 561 1658 623 omnia
1673 563 1807 641 relique·

479 655 543 715 rint
562 661 593 718 et
607 677 684 721 eum
699 657 799 719 secuti
815 658 945 721 suerint.
962 692 1002 703 —
1016 662 1146 724 Manent
1162 676 1289 739 quoque
1308 661 1349 721 ob
1372 663 1421 730 ΞΛ
1439 659 1525 721 iilam
1540 661 1609 722 Iesu
1631 661 1664 721 in
1682 659 1807 723 deserto

478 757 763 818 commorationem
781 757 867 836 apud
887 760 1042 819 loannem
1064 775 1131 820 non
1150 773 1246 835 posse
1262 757 1369 818 locum
1385 756 1517 817 habore!
1534 760 1637 819 atres
1655 763 1703 820 est
1717 756 1808 819 valde

478 851 568 927 plana
593 872 600 914 :
627 852 736 915 statim
759 860 834 932 post
856 853 1074 932 baptismum,
1095 853 1152 932 qui
1179 855 1251 927 ¹‚33
1274 854 1339 914 iam
1359 852 1559 931 supponitur,
1580 855 1670 915 lesus
1689 855 1756 917 abit
1777 856 1810 917 in

478 947 655 1024 desertum;
676 952 869 1038 evangelista
883 957 993 1014 autem
1011 970 1102 1015 suam
1118 951 1243 1014 orditur
1259 951 1472 1013 narrationem
1487 969 1506 1011 a
1525 954 1669 1030 tempore
1689 954 1810 1015 reditus

479 1046 548 1110 lesu
564 1066 602 1109 ex
617 1046 754 1110 deserto.

522 1204 618 1284 Quod
632 1205 810 1299 Philippus
829 1207 977 1299 incepit,
995 1214 1086 1277 lesus
1104 1209 1240 1300 perficit
1258 1215 1293 1275 et
1306 1207 1496 1276 Nathanael
1509 1230 1573 1297 per
1585 1209 1806 1298 praenuntia·
1862 1204 1871 1224 ⁹
1902 1245 1904 1248 ⁴
1943 1198 1988 1289 ᾗ
2008 1164 2012 1235 {
2032 1189 2050 1227 ⁵³

478 1312 605 1380 tionem
621 1315 834 1383 occultorum
855 1314 900 1382 ad
917 1316 1019 1384 fidem
1036 1317 1159 1396 trahit;
1179 1314 1244 1382 tria
1259 1316 1393 1382 occulta
1407 1315 1438 1381 ei
1452 1313 1604 1381 insinuat
1620 1335 1628 1383 :
1646 1336 1807 1406 praesen-

477 1420 524 1486 tia
549 1427 734 1507 quaesunt
758 1422 795 1487 in
820 1422 941 1504 corde,
969 1422 1156 1512 praeterita
1175 1422 1265 1488 iacta
1284 1427 1317 1487 et
1332 1422 1449 1488 lutura
1467 1419 1627 1488 eoelestia
1640 1419 1803 1511 (Thom.);

478 1547 509 1590 v.
529 1528 571 1590 tr
586 1525 672 1593 vidit
693 1530 786 1594 lesus
803 1527 1007 1596 Nutkanuel
1026 1529 1218 1596 uenientem
1238 1526 1287 1595 ud
1304 1540 1387 1596 sect
1404 1526 1488 1594 dicit
1504 1524 1546 1593 de
1561 1549 1599 1593 eo
1618 1549 1631 1592 .·
1645 1549 1719 1595 ecce
1732 1550 1806 1596 uere

477 1631 647 1716 Israelita,
664 1634 701 1701 in
714 1656 781 1724 quo
801 1633 901 1701 dolus
925 1658 997 1701 non
1022 1648 1070 1702 est
1080 1656 1095 1721 ;
1118 1657 1198 1702 vere
1216 1634 1241 1702 i.
1266 1657 1296 1701 e.
1318 1634 1378 1725 qui
1395 1633 1546 1701 moribus
1561 1640 1595 1701 et
1611 1633 1680 1700 vita
1698 1633 1736 1702 id
1749 1657 1805 1701 ex·

477 1737 596 1828 primit
609 1741 699 1829 quod
719 1741 860 1808 nomine
884 1741 1265 1823 israelitae‘indicatun
1290 1743 1350 1832 qui
1371 1741 1443 1809 soil.
1465 1762 1567 1808 verus
1585 1746 1634 1809 est
1653 1739 1804 1808 imitator

476 1845 593 1929 lacob,
611 1847 667 1912 cui
686 1869 876 1933 cognomen
898 1849 1020 1932 lsrael,
1036 1849 1096 1938 qui
1112 1854 1163 1915 est
1178 1850 1283 1916 homo
1299 1847 1462 1937 antiquae
1481 1847 1663 1937 probitatis
1677 1853 1712 1914 et
1725 1846 1806 1915 sim·
1855 1900 1857 1905 ,
1923 1840 2050 1959 (ᾗ

476 1951 654 2040 plicitatis,
668 1955 780 2043 qualis
799 1956 865 2023 fuit
882 1955 984 2022 lsrael
1000 1954 1157 2044 (Muld.);
1173 1960 1206 2022 et
1225 1977 1287 2022 our
1300 1976 1380 2023 eum
1395 1976 1475 2021 vere
1488 1953 1673 2022 Israelitam
1688 1959 1802 2036 vocet,
1853 2043 1854 2048 ἵ
1952 1951 1995 1999 -’-·’
2022 1944 2036 1979 “”

476 2057 657 2127 subiuncta
675 2060 781 2127 verba
802 2062 884 2128 satis
906 2061 1075 2151 produnt,
1099 2062 1181 2151 quia
1196 2062 1233 2128 in
1255 2061 1433 2128 eonullus
1454 2067 1528 2127 erat
1548 2058 1663 2144 dolus,
1688 2058 1803 2142 idest,

475 2164 617 2253 simplex
640 2175 713 2234 erat
733 2174 767 2234 et
796 2174 924 2250 rectus
952 2169 1170 2259 simplicique
1194 2190 1234 2235 ao
1261 2169 1393 2235 sincero
1418 2167 1535 2234 animo
1559 2173 1665 2235 Deum
1691 2167 1805 2234 colens

477 2272 618 2360 (iana.);
636 2296 668 2340 v.
693 2279 735 2341 ta
756 2273 841 2341 dicit
859 2275 892 2342 ei
912 2275 1137 2344 Nutlanael:
1154 2274 1245 2343 rende
1260 2297 1314 2342 me
1329 2274 1420 2341 nosti
1425 2277 1442 2340 7
1456 2273 1693 2341 admirationis
1701 2272 1806 2341 inter·

477 2379 655 2464 rogatione
666 2384 716 2446 est
731 2403 829 2465 usus,
846 2382 881 2447 in
895 2403 964 2470 qua
983 2404 1054 2449 non
1065 2389 1214 2470 negatur
1232 2381 1357 2449 veritas
1370 2387 1404 2448 et
1417 2380 1500 2448 dum
1516 2381 1616 2446 tacite
1631 2379 1805 2469 approba·

477 2491 541 2566 tur,
567 2508 636 2552 non
657 2487 808 2554 laeditur
828 2489 1020 2571 humilitas3
1040 2489 1143 2556 simul
1166 2488 1289 2557 Christi
1309 2486 1538 2575 cognoscendi
1550 2509 1619 2554 non
1636 2486 1804 2553 deseritur

476 2594 545 2671 via,
562 2592 647 2660 dum
671 2594 941 2682 interrogatione
962 2617 1163 2684 responsum
1183 2594 1333 2685 postulat
1356 2617 1417 2685 per
1441 2593 1534 2683 quod
1554 2595 1732 2660 veritatem
1749 2615 1802 2660 as·

476 2700 641 2787 sequendi
655 2701 810 2790 aperitur
823 2701 880 2769 via
894 2701 1010 2792 (rot).
1033 2706 1121 2769 lesus
1133 2702 1203 2768 duo
1214 2704 1348 2768 occulta
1360 2702 1390 2768 ei
1403 2700 1615 2783 manifestat;
1630 2698 1803 2790 respondit

474 2805 507 2871 ei
520 2807 611 2872 Iesus
625 2819 657 2873 et
669 2806 760 2874 dicit
775 2831 788 2874 .·
801 2810 1013 2898 priusquam
1031 2821 1062 2876 te
1078 2808 1260 2899 Philippus
1275 2821 1426 2890 vocaret,
1447 2829 1523 2874 cum
1538 2829 1625 2873 esses
1636 2805 1697 2873 sub
1714 2807 1800 2895 ficu,

474 2910 546 2977 vidi
559 2925 590 2978 te
596 2933 609 2995 ;
624 2935 701 2979 cum
719 2915 754 2980 in
775 2938 807 2983 v.
825 2923 867 2982 50
887 2915 1025 2983 dicatur
1044 2939 1052 2985 :
1073 2916 1143 2984 vidi
1158 2921 1191 2982 tc
1206 2915 1270 2982 sub
1290 2915 1374 2998 sicu,
1394 2914 1497 2981 etiam
1509 2913 1566 2980 hic
1585 2920 1654 2982 ἔντα
1669 2917 1732 2980 etc.
1750 2936 1803 2980 re-

475 3017 557 3085 ierri
576 3017 678 3086 debet
694 3020 737 3087 ad
754 3022 849 3105 sltem
869 3021 919 3087 uti
934 3023 1038 3088 etiam
1057 3022 1212 3089 versione
1229 3022 1325 3109 Vulg.
1345 3020 1489 3089 indicari
1503 3018 1651 3088 videtur.
1671 3020 1724 3087 Ait
1742 3019 1804 3087 ita-

476 3147 542 3215 que
564 3146 570 3192 :
594 3124 794 3216 prinsquam
818 3126 864 3193 ad
890 3133 922 3194 te
949 3129 1082 3195 veniret
1105 3127 1302 3218 Phiiippus,
1319 3150 1391 3215 ‚ego
1412 3128 1491 3194 licet
1515 3148 1659 3216 corpore
1680 3126 1804 3193 absens

475 3231 544 3296 vidi
568 3236 600 3296 te
618 3232 681 3298 sub
703 3233 771 3299 tien
792 3232 921 3323 (Cyru),
939 3242 973 3301 et
985 3233 1034 3301 ita
1044 3234 1184 3302 videtur
1202 3234 1419 3322 iungendum
1439 3255 1528 3314 esse,
1552 3237 1589 3298 ut
1606 3231 1805 3322 priusquam

476 3339 505 3404 ei
520 3338 719 3405 occurrisset
741 3340 937 3429 Philippus,
950 3341 1014 3407 suh
1031 3341 1097 3408 ficu
1118 3341 1219 3408 fuisse
1239 3340 1375 3408 dicatur
1395 3338 1511 3428 (Eiteia.
1531 3337 1598 3405 Tol.
1619 3337 1694 3407 Cui.
1710 3341 1801 3407 lans.

477 3443 600 3533 Malu.)
613 3466 699 3526 non,
716 3453 752 3512 ut
763 3445 1034 3536 Philippuseum
1049 3448 1112 3514 sub
1126 3448 1193 3515 ficu
1208 3447 1383 3515 sedentem
1400 3446 1528 3513 vocarit
1544 3445 1636 3532 (Otr.
1656 3444 1801 3536 Theoph.

479 3548 591 3616 Tium.
615 3551 745 3640 Sota).
773 3552 857 3619 Dicit
880 3553 1021 3643 quidem
1046 3554 1155 3620 Muld.
1179 3578 1192 3621 .·
1218 3585 1233 3616 «
1253 3576 1418 3645 quaerere
1437 3552 1521 3644 quid
1535 3551 1724 3619 Nathanael
1739 3551 1803 3619 sub

477 3657 543 3723 lieu
558 3660 683 3743 egerit,
704 3659 819 3726 neseio
834 3681 879 3726 an
896 3661 979 3727 satis
998 3660 1167 3728 moderati
1182 3661 1225 3728 sit
1240 3661 1372 3748 ingenii
1391 3689 1406 3720 »
1427 3665 1460 3726 et
1477 3658 1586 3727 Sulm.
1604 3681 1740 3748 quoque
1756 3659 1804 3725 ait

477 3786 545 3830 non
561 3785 645 3851 opus
660 3786 728 3831 esse
742 3765 875 3852 fingere
888 3767 983 3856 quod
998 3766 1108 3856 aliqui
1120 3767 1342 3850 meditantur,
1358 3763 1619 3834 Nathanaelsub
1631 3765 1697 3830 iicu
1713 3764 1755 3831 de
1768 3785 1802 3832 se
1868 3762 1872 3768 ’

476 3870 627 3959 aliquam
643 3892 804 3958 magnam
820 3873 982 3940 habuisse
996 3873 1174 3942 victoriam
1195 3876 1248 3941 vel
1267 3873 1406 3963 aliquod
1427 3893 1589 3959 magnum
1606 3871 1662 3937 Dei
1673 3871 1802 3938 donum

475 3976 725 4066 impetravisse3
746 3983 782 4044 at
807 3986 941 4047 certum
961 3988 1028 4062 est,
1045 3980 1097 4047 ibi
1113 3981 1178 4048 sub
1195 3980 1263 4049 [iau
1278 3979 1408 4069 aliquid
1425 3977 1576 4045 nutabile
1595 3998 1674 4044 eum
1692 3975 1801 4063 egisse

477 4083 578 4171 (Tol.)
598 4083 654 4149 vel
668 4105 746 4150 cum
764 4082 826 4151 illa
842 4088 1112 4154 commoratione
1128 4087 1262 4177 aliquid
1281 4086 1458 4172 singulare
1474 4106 1545 4151 esse
1564 4075 1800 4163 coniunctum,

477 4191 558 4278 quia
580 4189 639 4256 illa
660 4192 836 4258 mentione
859 4178 977 4259 statim
999 4193 1044 4260 ad
1064 4193 1318 4279 agnoscendam
1346 4191 1556 4281 superiorem
1581 4187 1742 4254 virtutem
1765 4187 1801 4254 in

477 4296 606 4363 Christo
622 4304 671 4363 est
688 4304 890 4365 commotus.
910 4298 1023 4365 liodus
1037 4301 1165 4389 quippe
1183 4298 1347 4388 loquendi
1366 4304 1430 4380 est,
1449 4295 1587 4386 quando
1600 4294 1703 4361 alicui
1717 4294 1801 4383 quid

477 4406 513 4469 in
529 4403 662 4470 occulto
677 4405 750 4471 lucu
767 4405 877 4491 egerit
893 4404 1090 4492 significare
1105 4405 1279 4489 volumus,
1297 4405 1408 4472 lucum
1423 4409 1555 4471 tantum
1570 4406 1727 4468 notamus
1740 4424 1800 4491 per

477 4533 554 4577 eum
579 4510 680 4577 simul
699 4512 781 4600 quid
801 4513 927 4579 iactum
954 4513 998 4578 sit
1020 4512 1253 4596 insinuantcs;
1272 4514 1319 4579 ita
1346 4513 1380 4579 in
1402 4509 1571 4601 praesenti
1589 4508 1716 4575 factum
1736 4514 1796 4577 est.

478 4616 670 4707 Respondet
687 4616 803 4708 itaque
827 4618 988 4686 Dominus
1009 4642 1016 4688 :
1043 4623 1071 4687 si
1089 4621 1139 4688 vis
1161 4621 1262 4703 scire,
1281 4619 1372 4687 unde
1391 4625 1424 4685 te
1444 4614 1614 4699 noverim,
1635 4615 1716 4683 scito
1730 4624 1798 4683 tea

478 4745 531 4789 me
545 4725 652 4792 visum
665 4725 728 4791 sub
744 4725 827 4808 ficu,
843 4731 878 4793 et
891 4749 910 4793 a
926 4747 980 4791 me
995 4725 1105 4795 visum
1121 4726 1319 4818 Philippum
1334 4747 1411 4792 cum
1427 4727 1563 4792 vocaret
1578 4727 1611 4789 te
1628 4721 1741 4812 (Tol).
