4050 5648
83 576 121 720 ,fs
211 622 319 691 sancti
329 625 372 694 sit
386 628 584 719 expleturus
600 620 725 713 (7,37),
740 625 852 696 lucem
879 622 1137 711 mnndi(8,12)‚
1156 620 1199 688 ab
1219 631 1360 693 aeterno
1381 622 1540 692 exsisten-

135 748 136 751 ‘
213 734 283 799 tem
308 732 434 826 (asa),
453 728 734 821 sacrificiumpro
749 736 819 802 suis
835 737 961 825 (νινε.
980 729 1048 818 15).

189 883 196 896 -
255 844 297 908 Et
315 843 428 932 primo
445 834 586 925 quidem
601 858 640 904 ea
655 840 852 908 referuntur
867 860 954 931 qnae
969 835 1004 901 in
1020 836 1103 905 festo
1119 840 1343 924 scenopegiae
1361 844 1437 905 acta
1451 842 1539 904 sunt.

254 950 346 1015 lesus
359 965 429 1013 non
453 963 493 1007 eo
510 942 612 1011 modo
630 967 699 1037 quo
721 947 794 1014 eius
815 943 951 1032 cognati
973 943 1091 1010 votnnt
1105 943 1150 1011 ad
1163 943 1287 1009 festum
1302 943 1544 1012 tabernaculo·

212 1073 292 1121 rum
305 1052 343 1118 in
356 1048 538 1116 Ierusalem
553 1052 715 1121 ascendit.
734 1055 857 1142 inipso
866 1050 953 1116 urbe
965 1053 1133 1119 sententia
1144 1047 1311 1140 populide
1327 1073 1367 1117 eo
1378 1058 1431 1118 est
1442 1052 1545 1140 plane

213 1159 361 1225 diversa.
379 1157 503 1223 Verum
523 1157 588 1247 ipsi
613 1156 746 1225 nobiles
774 1179 842 1223 non
860 1161 1002 1245 possunt
1024 1180 1092 1224 non
1117 1154 1234 1224 mirari
1251 1153 1324 1221 eius
1338 1154 1543 1223 doctrinam.

215 1269 308 1331 Hanc
332 1281 404 1328 esse
430 1283 451 1330 a
473 1267 572 1332 Patre
599 1263 749 1332 Christus
769 1262 884 1343 docet,
904 1261 1073 1351 adquam
1098 1261 1372 1351 cognoscendam
1395 1285 1481 1350 opus
1504 1262 1547 1328 sit

39 1355 75 1457 {5335
109 1390 141 1444 ,ὲκ
213 1368 328 1435 facere
341 1367 553 1439 voluntatem
572 1369 649 1452 Dei3
666 1367 768 1435 simul
781 1367 888 1435 tradit
902 1390 971 1458 quo
986 1375 1196 1458 cognoscant
1207 1373 1358 1437 seaDeo
1373 1389 1446 1434 esse
1466 1368 1547 1433 mis·

215 1494 303 1541 sum.
317 1477 402 1542 Tum
420 1476 458 1544 in
480 1498 536 1544 eos
554 1474 741 1554 invehitur,
764 1473 858 1564 qnod
879 1475 993 1562 legem
1009 1499 1076 1544 non
1093 1475 1275 1543 observent
1286 1481 1320 1542 et
1332 1498 1369 1542 se
1384 1473 1430 1540 ob
1446 1495 1547 1538 sana-

25 1566 172 1673 *3*
200 1580 346 1661 tionem
367 1582 510 1650 sabbato
528 1583 653 1650 tactam
673 1581 864 1649 interficere
888 1582 1004 1650 velint.
1027 1582 1141 1673 Aliqui
1163 1605 1203 1649 ex
1232 1578 1548 1669 hierosolymitanis

133 1717 138 1756 i
170 1775 171 1778 Ἴ
214 1687 298 1775 quia
312 1688 344 1755 ei
355 1688 578 1780 permittatur
591 1679 706 1779 paia'm
725 1687 821 1777 loqui
837 1689 1054 1778 suspicantur
1069 1693 1178 1755 lesum
1193 1691 1280 1755 forte
1296 1687 1438 1776 agnosci
1450 1686 1549 1753 Chri·

216 1797 326 1875 stnm3
343 1800 379 1862 at
389 1795 502 1862 statim
518 1794 585 1863 sibi
598 1795 662 1886 ipsi
677 1794 848 1863 obiiciunt
857 1816 936 1863 enm
951 1817 1022 1862 non
1040 1816 1138 1884 posse
1148 1816 1221 1861 esse
1238 1795 1421 1861 Christum.
1440 1799 1548 1871 Quare

27 1893 35 1963 Γ
48 1887 150 1984 ζ,;’ἓ.·
175 1931 177 1935 ·
216 1904 309 1968 lesus
332 1922 367 1968 se
392 1923 414 1968 a
439 1905 506 1967 Deo
525 1901 666 1968 missum
689 1900 806 1992 polam
821 1902 1010 1991 profitetur.
1028 1901 1122 1968 Unde
1135 1902 1244 1990 aliqui
1263 1923 1341 1968 eum
1356 1899 1550 1990 apprehen*

216 2005 299 2072 dere
318 2006 450 2091 volunt,
467 2011 553 2074 etex
565 2006 695 2098 populo
711 2007 811 2075 multi
824 2007 860 2074 in
875 2030 953 2076 eum
970 2006 1130 2090 credunt;
1146 2007 1227 2075 inde
1239 2006 1449 2095 synedristae
1470 2007 1549 2071 mit-

215 2116 295 2180 tunt
311 2112 373 2202 qui
390 2134 470 2181 eum
493 2117 665 2204 caperent.
694 2119 784 2183 lesus
802 2136 838 2181 se
868 2136 947 2182 mox
968 2114 1013 2182 ad
1038 2119 1172 2181 Patrem
1190 2116 1338 2193 iturum,
1361 2113 1438 2180 illos
1468 2134 1549 2178 vero

40 2258 124 2320 ,ι
216 2219 389 2310 perituros
407 2242 478 2288 esse
502 2219 602 2301 dicit3
624 2221 668 2289 de
685 2244 753 2311 quo
774 2243 933 2290 sermone
952 2221 1005 2288 illi
1019 2221 1143 2289 rident.
1166 2220 1289 2288 Ultimo
1303 2221 1358 2288 die
1375 2219 1550 2287 sollemni·

216 2325 297 2393 tatis
310 2348 347 2394 se
366 2329 524 2396 omnium
537 2327 709 2397 bonorum
723 2329 854 2397 fontem
873 2328 1079 2419 proclamat;
1096 2351 1137 2396 ex
1151 2328 1282 2419 populo
1302 2327 1362 2393 alii
1376 2349 1455 2393 eum
1469 2349 1549 2416 pro-

218 2432 378 2523 phetam,
394 2433 454 2502 alii
472 2434 623 2503 Messinm
648 2457 719 2503 esse
745 2435 922 2504 declarant
945 2436 1152 2522 negantibus
1166 2435 1253 2503 aliis.
1274 2434 1442 2533 Satellites
1457 2433 1550 2500 missi

219 2539 265 2607 od
278 2561 358 2608 eum
377 2541 583 2632 capiendum
603 2546 699 2610 tanta
723 2543 797 2610 eins
810 2543 1039 2611 admiratione
1054 2542 1118 2633 ipsi
1139 2540 1335 2633 capiuntur,
1353 2547 1390 2607 nt
1406 2563 1477 2606 non
1489 2562 1550 2606 an-

61 2649 96 2660 '
198 2668 199 2674 ¹
218 2645 324 2713 deant
340 2647 373 2714 ei
397 2669 519 2716 manus
537 2648 676 2716 inferre.
700 2654 833 2740 Deque
858 2671 895 2716 re
910 2648 1135 2737 indignantur
1148 2649 1359 2738 synedristae
1372 2655 1405 2714 et
1420 2646 1550 2737 populo

148 2760 150 2765 ’
220 2751 431 2821 maledicunt
455 2759 488 2821 et
510 2753 694 2823 Nicodemo
717 2758 871 2823 monenti
893 2777 938 2824 ne
962 2763 1078 2823 contra
1097 2756 1211 2842 legem
1227 2754 1327 2822 modo
1348 2754 1436 2820 adeo
1451 2774 1551 2842 prae-

218 2857 323 2948 cipite
337 2862 443 2946 agant
454 2857 617 2928 iniuriam
634 2860 774 2928 iaciunt.
790 2866 840 2928 lta
859 2884 895 2929 re
909 2862 1036 2929 infecta
1051 2862 1191 2929 domum
1214 2861 1370 2928 redeunt.

265 2968 388 3052 lingna
406 2971 481 3033 arte
496 2965 636 3054 singula
643 2966 693 3034 ita
710 2967 808 3058 qnasi
822 2967 929 3035 oculis
941 2967 1180 3049 subiiciuntur‚
1197 2973 1235 3034 ut
1251 2989 1320 3033 non
1334 2973 1402 3032 tam
1418 2963 1552 3031 narrari

221 3092 327 3162 quam
337 3071 414 3159 geri
428 3093 544 3140 coram
555 3072 749 3142 videantur.
765 3079 856 3142 lesus
864 3073 907 3141 de
925 3097 960 3143 se
974 3081 1008 3142 et
1018 3073 1060 3141 de
1075 3074 1231 3141 missione
1246 3095 1307 3140 sua
1322 3071 1552 3139 testimoninm

124 3193 127 3197 ’
158 3245 159 3248 ,
219 3177 394 3268 perhibet.
410 3183 541 3256 Quanta
566 3180 711 3248 varietas
735 3186 771 3248 et
789 3181 1013 3249 contrarietas
1035 3180 1236 3271 opinionum
1254 3181 1290 3246 in
1304 3178 1431 3269 populo
1453 3178 1552 3243 exsti-

220 3283 322 3367 terit,
343 3285 403 3375 qui
423 3290 535 3353 metus
552 3286 823 3375 synedristnrum
839 3287 993 3354 omnium
1006 3288 1137 3354 animos
1155 3286 1321 3369 tenuerit,
1337 3291 1465 3373 quanta
1480 3304 1554 3349 ma-

146 3422 149 3429 ·
221 3389 298 3458 litia
326 3388 539 3478 synedristne
563 3394 713 3482 egerint,
736 3417 806 3485 qna
826 3394 1003 3462 maiestate
1027 3400 1117 3461 lesus
1143 3395 1179 3460 in
1207 3399 1304 3459 tanta
1336 3390 1553 3458 contentione

222 3497 389 3579 emineat,
411 3499 621 3586 evangelista
634 3501 752 3591 paucis
767 3500 861 3568 velut
875 3500 989 3582 lineis,
1005 3506 1041 3566 at
1055 3500 1230 3587 gravibus,
1246 3498 1415 3585 designat.

607 3729 720 3802 a)1tcr
735 3734 780 3787 ad
799 3733 1033 3798 scenopegiam
1052 3733 1180 3799 7‚1-13.

262 3909 318 3972 7‚¹.
335 3910 489 3963 Posthacc
506 3916 601 3962 autem
615 3912 777 3964 ambulabat
791 3913 870 3964 Iesus
947 3913 1001 3973 7,r.
1023 3907 1069 3959 {tat
1098 3906 1159 3978 μετὰ
1187 3910 1264 3958 ταῦτα
1292 3906 1433 3975 περιεπάτει
1460 3903 1557 3971 Ἰησοῦς

228 4001 257 4050 tn
271 3999 869 4053 GalilaeamznonenlmvolebatinIudae·
912 3997 937 4049 ἐν
955 4000 986 4066 τῇ
1005 3995 1136 4065 Γαλιλαίᾳ·
1157 3994 1185 4048 οὗ
1205 3995 1254 4065 γὰρ
1275 3994 1363 4059 ἤθελεν
1390 3995 1414 4047 ἐν
1437 3999 1467 4065 ’ᾗ
1489 3993 1555 4045 Ἰου-

227 4101 273 4139 am
291 4087 450 4151 ambulare,
466 4089 533 4153 quia
548 4089 722 4153 quaerebant
740 4105 805 4143 eum
821 4091 870 4141 Iu·
910 4087 968 4156 δαίᾳ
985 4091 1137 4155 περιπατεῖν,
1158 4087 1198 4137 ὅτι
1226 4084 1329 4150 ἐζήτουν
1350 4084 1424 4136 αὖτὀν
1444 4084 1468 4134 οἱ
1492 4081 1555 4134 Ἰου-

228 4178 292 4229 dael
302 4176 470 4229 interficere.
484 4177 510 4228 2.
522 4177 590 4229 Erat
598 4182 692 4229 autam
702 4181 731 4230 in
742 4182 870 4244 proximo
911 4176 977 4227 δαῖοι
996 4173 1152 4226 ἀποκτεῖναι.
1178 4179 1203 4228 2.
1224 4173 1277 4226 Ἦν
1298 4171 1328 4226 δὲ
1348 4172 1455 4243 ἐγγὺςῆ
1482 4170 1555 4242 ἑορτὴ

229 4265 290 4318 dlea
304 4265 393 4318 festus
408 4266 585 4328 ludaeorum,
600 4265 787 4332 scenopegia.
912 4269 960 4316 τῶν
982 4261 1109 4315 Ἰουδαίων
1127 4263 1142 4329 ἡ
1162 4264 1330 4332 σκηνοπηγία.

265 4355 293 4406 3.
305 4356 442 4408 mxci-unt
450 4358 545 4407 autem
557 4340 667 4407 adeum
678 4354 777 4409 batres
789 4360 869 4409 aius:
948 4357 974 4407 3.
1004 4349 1075 4405 εἷπον
1112 4347 1155 4405 οὖν
1189 4353 1248 4422 πρὸς
1282 4351 1356 4402 αὑτὸν
1392 4349 1416 4400 ot
1455 4349 1558 4418 ἀδελφοὶ

232 4445 321 4495 tranat
339 4446 419 4508 hinc,
441 4450 470 4497 et
487 4445 559 4497 vade
581 4446 611 4495 in
630 4445 776 4507 Iudaeam,
794 4452 825 4498 ut
844 4452 872 4498 at
912 4440 1001 4510 αὐτοῦ,
1030 4441 1157 4508 Mardonia
1192 4442 1313 4502 ἐντεῦθεν,
1339 4439 1380 4491 καὶ
1410 4439 1490 4508 ὕπαγε
1524 4437 1558 4499 εἷς

231 4531 362 4596 discipuli
380 4536 421 4585 tur
438 4535 554 4586 videant
571 4547 657 4599 opera
675 4538 724 4585 tua
741 4535 872 4599 quaesa-
912 4531 957 4597 τὴν
998 4529 1134 4595 Ἰουδαίαν,
1161 4532 1205 4582 ἵνα
1233 4530 1275 4581 καὶ
1305 4528 1329 4580 oi
1367 4528 1477 4599 μαθηταί
1515 4547 1557 4579 σου

236 4621 286 4672 cia.
302 4620 327 4671 4.
344 4621 436 4673 Nemo
455 4626 559 4688 quippe
573 4623 725 4674 inocculto
743 4625 811 4688 quid
828 4625 872 4676 ia·
913 4620 1068 4691 θεωρήαωαιν
1106 4619 1136 4674 τὰ
1175 4619 1237 4690 ἔργα
1271 4637 1315 4670 σου
1355 4620 1370 4667 ἃ
1409 4621 1495 4677 ποιεῖς·
1530 4621 1555 4670 4·

234 4710 288 4770 ests
311 4713 340 4761 θῐ
363 4713 473 4774 quaerit
496 4714 556 4776 ipae
579 4715 608 4763 in
628 4713 721 4778 palam
747 4726 824 4776 aase;
848 4717 873 4765 ai
913 4707 992 4772 οὖδεὶς
1036 4712 1084 4781 γάρ
1121 4729 1144 4762 τι
1182 4709 1207 4761 ὲν
1250 4711 1353 4777 κρυπτῷ
1397 4709 1479 4776 ποιεῖ,
1517 4706 1558 4756 καὶ

235 4799 307 4862 haec
322 4797 401 4861 iacta,
416 4799 706 4867 maniiaatataipsum
718 4803 831 4854 mundo.
846 4805 870 4853 5.
913 4801 987 4865 ζητεῖ
1016 4797 1075 4851 αὗτὸ
1111 4798 1135 4850 ἐν
1172 4796 1293 4868 παρρηοῐᾳ
1320 4793 1394 4847 εἶναι.
1431 4794 1452 4847 εἶ
1482 4802 1557 4848 ταῦτα

233 4886 596 4952 Nequcenimtranesems
604 4892 870 4944 credebantinaum.
891 4901 895 4946 Ι
913 4891 996 4954 ποιεῖς,
1017 4888 1156 4959 φανέρωσον
1174 4887 1276 4939 σεαυτὸν
1297 4891 1333 4955 τῷ
1347 4888 1443 4955 κόσμῳ.
1465 4892 1489 4940 5.
1504 4884 1557 4935 ctat
