4050 5648
432 551 502 619 quo
517 507 655 591 sanatos
673 530 764 607 erat3
781 517 966 588 andecam
990 537 1211 608 magnacum
1227 519 1420 587 reverentia
1441 509 1639 611 alloquitur,
1661 545 1758 611 para-

431 642 485 701 tus
505 628 608 696 verbo
628 631 702 698 eius
723 646 861 696 omnem
884 624 1052 695 adhibere
1072 625 1192 707 tidem;
1216 622 1352 692 animus
1366 626 1548 694 exhibetur
1563 626 1706 719 simplex
1724 636 1758 695 et

431 735 614 819 candidus,
637 737 696 827 qui
714 736 792 825 post
811 732 1038 823 multiplicem
1053 731 1149 797 illam
1165 731 1427 820 pharisaeorum
1446 732 1615 802 malitiam
1628 742 1662 802 et
1678 751 1756 802 con·

429 842 615 911 tumaciam
634 841 839 911 obduratam
864 837 996 928 legenti
1012 837 1112 904 affert
1127 835 1388 904 delectationem
1418 857 1426 904 :
1445 860 1477 903 v.
1502 843 1546 904 37
1559 853 1593 906 et
1615 840 1705 909 dixit
1724 841 1757 909 ei

429 951 521 1016 Iesus
536 974 549 1017 .·
563 964 597 1018 et
614 943 731 1016 vidisti
744 966 824 1011 eum
841 949 993 1036 ἑώρακας,
1011 950 1043 1012 oi
1062 950 1226 1031 πρότερον,
1242 945 1324 1011 ἀλλὰ
1346 959 1395 1011 νῦν
1413 942 1532 1032 (Euth.
1550 945 1626 1013 sim.
1644 947 1753 1016 Mald.

427 1056 560 1146 Selia),
582 1062 632 1125 est
647 1050 720 1120 scil.
745 1056 881 1142 tempus
895 1051 1103 1141 perlectum,
1120 1071 1189 1139 quo
1203 1049 1293 1116 actio
1311 1050 1482 1138 completa
1495 1050 1685 1140 perdurans
1696 1054 1756 1121 de-

427 1161 578 1232 claratur
601 1185 609 1230 :
632 1157 734 1225 modo
753 1158 870 1226 vidisti
891 1162 925 1225 et
947 1157 1049 1223 ctiam
1070 1177 1163 1222 nunc
1184 1155 1278 1222 vides
1293 1156 1349 1244 (ef.
1373 1154 1460 1246 Fit.)
1479 1167 1512 1223 et
1525 1157 1588 1247 qui
1601 1158 1756 1249 loquitur

427 1281 550 1353 tecum,
574 1269 644 1358 ipse
660 1275 708 1332 est
731 1274 846 1347 ἐκεῖνος
870 1264 929 1332 ille
951 1270 1017 1343 est;
1042 1285 1074 1329 v.
1097 1268 1140 1330 38
1156 1274 1189 1329 et
1205 1260 1265 1328 ille
1288 1260 1339 1328 ait
1361 1283 1377 1327 ·.·
1400 1261 1519 1347 eredo,
1542 1266 1685 1332 Domine
1691 1287 1707 1351 ,·
1721 1280 1754 1333 et

422 1375 603 1465 procidens
620 1371 779 1439 adoravit
798 1392 896 1455 eum;
917 1374 1007 1437 lesus
1029 1370 1090 1458 qui
1104 1375 1243 1435 externe
1267 1367 1410 1435 adeum
1431 1368 1596 1459 loquitur,
1619 1372 1754 1441 interna

425 1504 486 1550 sua
507 1481 620 1569 gratia
638 1500 717 1546 eum
741 1477 840 1544 docet
855 1483 899 1544 et
909 1475 1057 1543 illustrat
1072 1474 1129 1564 (ci.
1153 1476 1180 1540 Τ
1178 1473 1253 1563 eL).
1267 1474 1381 1542 Credit
1397 1474 1542 1543 interius
1556 1483 1591 1543 et
1609 1479 1754 1546 exterius

425 1588 531 1657 verbo
547 1585 710 1654 ethabitu
725 1583 831 1651 fidem
844 1583 1038 1673 profitetur3
1057 1582 1162 1650 eorde
1173 1582 1265 1648 enim
1279 1581 1430 1649 creditur
1444 1581 1490 1650 ad
1500 1581 1677 1666 iustitiam,
1695 1608 1752 1654 ore

424 1701 540 1762 autem
555 1691 720 1760 consessio
735 1690 776 1757 tit
791 1689 838 1757 ad
856 1689 1002 1756 salutem
1021 1689 1132 1778 (nom.
1149 1689 1275 1774 10,10).

469 1806 540 1867 lam
554 1796 735 1885 subiungit
754 1799 847 1863 lesus
860 1794 947 1885 quid
966 1794 1002 1860 in
1019 1794 1085 1862 hoc
1104 1816 1243 1884 quoque
1262 1800 1387 1861 eventu
1403 1794 1642 1864 manifestetur
1654 1820 1687 1866 ν.
1710 1805 1751 1866 39

423 1920 455 1975 et
470 1906 560 1974 dixit
575 1907 666 1973 Iesus
681 1925 694 1969 .·
707 1905 743 1969 in
758 1900 928 1969 iudicium
946 1923 1006 1990 eqo
1022 1901 1060 1966 in
1078 1898 1170 1968 irinc
1182 1898 1356 1967 mundum
1371 1900 1465 1987 veni,
1486 1912 1525 1969 ut
1543 1903 1689 1997 quinon
1699 1905 1752 1972 vi-

423 2014 505 2082 dent
524 2012 663 2081 videant
684 2008 798 2100 etqui
820 2007 939 2075 vident
962 2006 1056 2074 caeci
1068 2007 1178 2094 fieriu
1197 2008 1271 2096 ipsa
1291 2007 1383 2074 enim
1401 2007 1526 2076 Christi
1543 2011 1749 2100 praesentia,

423 2121 595 2200 doctrina,
610 2118 763 2209 operatio
779 2137 902 2194 verum
912 2113 1032 2181 evadit
1046 2112 1232 2193 iudicium,
1249 2136 1319 2204 quo
1335 2113 1395 2180 alii
1409 2113 1596 2205 salventur,
1613 2116 1674 2184 alii
1690 2139 1752 2186 sua

422 2226 651 2294 obduratione
666 2230 700 2292 et
713 2221 931 2290 contumacia
944 2225 1097 2310 pereant.
1117 2219 1323 2288 Christnsad
1341 2220 1406 2288 hoc
1418 2218 1586 2290 iudicium
1602 2223 1752 2293 alliden-
1813 2234 1816 2239 ’

422 2334 505 2402 dum
526 2336 563 2400 in
584 2331 753 2399 mundum
774 2331 878 2397 venit.
900 2328 1053 2396 Eandem
1069 2326 1277 2396 sententiam
1291 2327 1361 2394 iam
1379 2326 1573 2396 enuntiavit
1585 2329 1747 2402 Simeon:

422 2441 611 2531 positusest
622 2438 680 2505 hic
694 2437 731 2504 in
746 2438 881 2504 ruinam
893 2434 974 2502 etin
984 2432 1267 2501 resurrectionem
1282 2433 1471 2500 multorum
1487 2435 1524 2501 in
1536 2436 1639 2503 lsrael
1659 2441 1747 2524 (Luc.

421 2548 529 2634 nat).
550 2547 663 2614 ltodns
682 2543 847 2634 loquendi
865 2563 906 2608 ex
925 2543 1000 2630 ipsa
1023 2561 1059 2607 re
1077 2539 1181 2606 modo
1195 2545 1294 2627 gesta
1307 2538 1524 2629 depromitur
1537 2545 1572 2608 et
1589 2543 1750 2613 transitus

421 2659 471 2721 est
489 2678 509 2722 a
529 2655 605 2720 visu
619 2650 788 2742 corporali
809 2648 854 2716 ad
877 2649 988 2715 visum
1010 2646 1245 2738 spiritualem,
1271 2645 1316 2713 ad
1339 2645 1604 2716 illustrationem
1626 2651 1750 2719 mentis

421 2784 484 2851 per
498 2740 615 2828 lidemss
632 2758 685 2826 llli
700 2757 760 2848 qui
780 2755 896 2823 vident
911 2760 945 2822 et
966 2753 1059 2821 caeci
1073 2752 1160 2820 fiunt
1174 2757 1270 2836 sunt,
1292 2752 1343 2820 uti
1357 2776 1397 2820 ex
1422 2775 1461 2820 re
1482 2760 1621 2823 narrata
1642 2764 1746 2847 patet,

420 2867 473 2935 illi
488 2869 548 2958 qui
562 2865 628 2933 sibi
640 2865 723 2955 ipsis
735 2863 908 2954 sapientes
920 2860 1081 2928 videntur
1088 2866 1123 2928 et
1134 2858 1213 2926 ideo
1227 2881 1291 2950 pro
1309 2881 1371 2927 sua
1385 2860 1549 2950 superbia
1563 2861 1749 2933 clarissima

419 2975 483 3041 illa
494 2973 616 3042 Christi
631 2970 737 3058 legati
749 2969 809 3037 liei
817 2970 1025 3037 documenta
1034 2973 1067 3035 et
1081 2971 1287 3055 argumenta
1301 2965 1496 3057 repudiant.
1513 2968 1557 3035 tis
1569 2991 1748 3060 opponun-

420 3090 476 3150 tur
499 3081 559 3170 qui
582 3100 651 3145 non
674 3076 808 3158 vident,
833 3074 992 3142 homines
1012 3072 1201 3164 simplices,
1222 3095 1244 3139 a
1269 3072 1358 3140 fastu
1379 3072 1500 3153 alieni;
1522 3077 1691 3145 sententia
1715 3084 1747 3146 et

419 3186 589 3278 oppositio
604 3190 654 3253 est
668 3182 790 3252 eadem
802 3204 893 3273 quae
908 3182 1062 3248 cernitur
1075 3181 1112 3247 in
1125 3179 1186 3247 illo
1201 3204 1209 3248 :
1222 3181 1411 3246 esurientes
1421 3179 1580 3270 implevit
1597 3181 1695 3252 bonis
1714 3191 1748 3252 et

419 3294 542 3362 divites
556 3290 686 3358 dimisit
701 3289 823 3357 inanes
841 3288 934 3378 (Luc.
955 3287 1060 3376 1,53).
1077 3287 1139 3365 Qui
1152 3286 1244 3352 bona
1261 3285 1430 3354 messiano
1441 3285 1638 3357 desiderant
1648 3313 1745 3360 suam

418 3406 643 3488 agnoscentes
658 3395 876 3487 pauperiem,
894 3415 1015 3462 eorum
1029 3398 1132 3461 erunt
1150 3391 1350 3482 participem
1368 3391 1430 3482 qui
1444 3414 1524 3461 vero
1538 3416 1575 3462 se
1595 3396 1691 3465 nulla
1707 3421 1745 3466 re

418 3506 576 3594 indigere
590 3508 707 3593 utpote
722 3502 846 3569 divites
866 3506 901 3567 et
920 3499 1018 3567 bonis
1040 3497 1178 3566 caducis
1198 3499 1313 3566 satiati
1335 3498 1559 3584 arbitrantur,
1577 3502 1633 3570 isti
1647 3502 1747 3572 bonis

419 3613 508 3679 veris
522 3611 705 3693 carebunt3
722 3609 845 3676 eodem
856 3605 960 3673 modo
973 3605 1128 3694 loquitur
1137 3605 1289 3672 Christus
1299 3604 1355 3671 hic
1369 3607 1573 3696 metaphora
1588 3609 1746 3679 avisione

419 3721 527 3810 petita
546 3739 553 3785 :
570 3717 631 3807 qui
649 3738 684 3783 se
699 3719 890 3803 agnoscunt
904 3718 1059 3780 carentes
1072 3710 1217 3780 scientia
1231 3717 1264 3777 et
1282 3713 1452 3801 sapientia
1468 3712 1627 3798 salutari,
1644 3739 1685 3785 ea
1701 3717 1745 3784 il·
1845 3710 1847 3716 ’

419 3824 696 3904 luminabuntur;
714 3821 775 3913 qui
791 3843 826 3889 se
841 3821 1012 3910 sapientes
1026 3820 1173 3899 iactant,
1187 3817 1224 3884 in
1238 3817 1390 3885 tenebris
1411 3818 1537 3888 reiecta
1553 3820 1694 3891 veritate
1708 3823 1744 3891 in
1833 3852 1839 3864 ·

418 3932 493 4000 dies
509 3930 620 4018 magis
639 3927 876 3996 versabuntur.
899 3927 977 3994 Eius
991 3925 1086 3992 ellati
1107 3924 1355 3991 demonstratio
1376 3930 1410 3990 et
1431 3926 1627 4017 exemplum
1648 3929 1745 3998 lucu-

418 4039 643 4106 lentissimam
658 4037 695 4101 in
712 4037 787 4125 ipsa
806 4033 955 4102 habetur
973 4031 1184 4099 narratione.
1202 4030 1383 4120 Aliquibus
1398 4031 1488 4100 illud
1502 4038 1550 4103 ἵνα
1567 4037 1745 4123 negotium

417 4146 570 4226 facessit3
593 4147 774 4210 recurrunt
792 4140 839 4208 ad
865 4138 1119 4208 distinctionem
1143 4137 1258 4219 illam,
1285 4137 1490 4227 particulam
1511 4159 1581 4207 non
1606 4151 1744 4227 τελικῶς,
1843 4183 1847 4193 -

417 4253 477 4320 sed
492 4262 651 4331 ἑκεατικῶς
666 4270 737 4316 esse
752 4247 1001 4336 accipiendam.
1014 4249 1060 4312 Ex
1073 4242 1199 4312 Christi
1209 4241 1359 4310 adventu
1369 4249 1403 4311 et
1415 4243 1572 4314 doctrina
1586 4250 1747 4338 consequi

417 4360 558 4427 allectus
571 4356 776 4436 eontrari0s;
793 4352 829 4419 id
853 4355 969 4444 utique
986 4372 1107 4418 verum
1123 4356 1186 4417 est.
1205 4349 1271 4416 Sed
1296 4349 1346 4415 uti
1361 4338 1488 4418 durum
1500 4352 1638 4421 videtur
1650 4355 1745 4444 prius

419 4466 611 4532 membrum
627 4464 669 4530 de
687 4462 812 4557 ellectu
833 4460 976 4530 salutari
996 4459 1040 4527 ad
1061 4479 1191 4524 meram
1210 4457 1489 4525 consecutionem
1506 4460 1680 4548 redigere,
1698 4464 1745 4532 ita

418 4571 513 4640 haud
527 4572 608 4638 satis
631 4570 825 4638 consultum
847 4572 898 4634 est
919 4565 1127 4656 particulam
1147 4569 1195 4632 ἵνα
1218 4564 1334 4631 nativa
1352 4587 1414 4651 sna
1433 4565 1574 4633 notione
1595 4568 1743 4658 privare.

417 4685 540 4747 Verum
564 4677 739 4745 attendere
760 4678 912 4766 oportet,
930 4673 1023 4762 quod
1038 4671 1175 4763 saepius
1199 4693 1261 4739 usu
1283 4673 1390 4756 venit,
1409 4679 1501 4739 recte
1521 4671 1659 4764 quidem
1683 4702 1746 4748 nos

417 4787 531 4855 dicere
544 4790 650 4852 licum
659 4783 859 4875 permittere
875 4780 982 4860 mala,
995 4780 1192 4870 permittere
1206 4779 1500 4863 obcaecationem
1521 4786 1558 4847 at
1572 4787 1746 4872 permissio

872 4907 1055 4948 antecurrens
1072 4908 1097 4946 ut
1115 4908 1182 4946 tosa.
1200 4920 1232 4930 -
1248 4899 1286 4944 rt.
