4050 5648
343 468 346 473 *
408 582 412 589 ,
476 523 519 589 20
540 521 607 583 etc.
630 512 746 584 llatth.
768 517 884 593 Mt.
907 513 1006 580 llnro.
1032 520 1146 598 1332.
1170 515 1242 578 Act.
1265 514 1343 590 219
1359 512 1562 598 etc.);ttpa;
1575 527 1645 572 esse
1661 506 1698 570 id
1710 509 1802 594 quod
1925 465 1929 477 Ι

475 624 535 691 liat
553 620 636 705 παρὰ
660 624 813 706 ederus.
837 637 872 702 g.
897 617 1032 707 aperire
1053 619 1171 687 oculos
1191 615 1284 682 caeci
1297 618 1384 699 nati,
1403 633 1525 700 σημεῖον
1549 619 1663 682 autem
1682 633 1754 677 esse
1768 626 1801 681 rt

473 733 535 797 eta
549 729 607 805 ἔξω
630 746 684 812 τῆς
708 736 838 815 φύσεως,
855 745 890 790 ν.
910 746 945 812 g.
967 748 1089 794 sanare
1107 722 1300 807 infirmum,
1318 724 1464 812 explicat
1479 721 1649 811 Theopl.;
1664 721 1801 806 signum

472 831 574 916 notio
597 839 647 900 est
679 830 825 900 maxime
853 833 1054 921 generalis„
1076 828 1275 918 prodigium
1308 850 1380 896 rem
1410 827 1614 916 stupendam
1645 828 1797 892 denotat.

474 942 659 1030 Utrumque
681 934 796 1022 iungit
815 940 906 1005 lesus
928 938 1103 1016 iudicans,
1129 936 1247 1004 multis
1265 957 1305 1003 ac
1321 933 1418 1000 miris
1444 932 1550 1020 signis
1568 954 1653 1021 opus
1674 953 1744 998 esse
1764 938 1801 998 ut

471 1045 612 1114 tandem
627 1063 746 1114 eorum
767 1043 913 1111 tarditas
935 1043 1112 1121 vineatur;
1140 1041 1244 1110 simul
1273 1063 1314 1108 ee
1336 1037 1500 1130 loquendi
1523 1038 1621 1129 copia
1644 1037 1799 1104 animum

471 1153 622 1220 ostendit
638 1151 681 1217 de
702 1171 825 1218 eorum
845 1149 1064 1217 contumacia
1084 1148 1178 1217 male.
1188 1153 1400 1215 contentum.
1420 1145 1486 1213 Sed
1501 1152 1599 1234 pater
1612 1167 1675 1235 pro
1691 1167 1751 1211 suo
1764 1145 1800 1210 in

471 1257 584 1328 lilium
598 1277 716 1326 eruore
728 1257 829 1325 unice
841 1256 998 1323 intentus
1012 1262 1047 1325 et
1060 1260 1246 1345 occupatus
1263 1254 1435 1322 desiderio
1450 1252 1589 1319 videndi
1608 1251 1718 1318 filium
1734 1251 1800 1318 sal·

419 1436 421 1440 ,
470 1386 571 1450 vum‚·
590 1360 699 1446 verba
723 1363 849 1434 Christi
868 1383 913 1429 nc
928 1363 1107 1453 percipere
1125 1361 1267 1452 quidem
1290 1361 1435 1442 videtur,
1455 1380 1577 1426 verum
1597 1379 1713 1424 morae
1733 1359 1798 1424 im-

469 1471 604 1561 patiens
621 1490 726 1559 porro
748 1473 850 1558 urget
868 1490 902 1534 v.
924 1471 966 1534 to
987 1468 1076 1536 dicit
1091 1467 1142 1536 od
1152 1490 1232 1535 eum
1246 1467 1385 1558 repulus
1400 1489 1413 1532 .·
1428 1465 1584 1548 dominc,
1600 1466 1728 1531 maiore
1744 1486 1798 1530 re-

468 1576 623 1645 verentia
639 1575 793 1644 exhibito
810 1574 938 1642 erdem
950 1596 1090 1665 quoquc
1109 1574 1318 1644 desiderium
1333 1573 1531 1642 manifestat
1549 1571 1687 1661 vimque
1702 1569 1799 1637 addit

469 1682 653 1773 petitione,
670 1679 837 1752 descende
848 1681 1059 1772 priusquam
1072 1682 1241 1749 moriatur
1256 1681 1353 1771 filius
1376 1700 1491 1765 meua·
1504 1679 1623 1747 saltem
1649 1685 1726 1768 post
1743 1700 1797 1744 re-

468 1789 673 1879 prehensam
698 1788 806 1857 animi
829 1788 1036 1856 senteutiam
1057 1787 1178 1856 debuit
1201 1809 1368 1875 magnum
1389 1781 1573 1877 quidpiam'
1591 1785 1634 1852 de
1654 1790 1728 1853 lesu
1743 1807 1797 1852 co·

467 1893 595 1980 gitare3
612 1893 671 1960 sed
686 1893 801 1962 adbuc
812 1893 912 1961 humi
926 1896 1036 1984 serpit
1048 1893 1160 1986 (cu.)
1174 1917 1289 1985 neque
1302 1917 1324 1962 a
1337 1895 1480 1986 pristina
1490 1894 1534 1960 de
1544 1898 1618 1961 lesu
1634 1897 1798 1983 potestate

352 1994 354 1999 ’
467 1999 631 2105 opinione
650 1996 860 2080 dimoveturj
884 2001 1114 2090 praesentiam
1136 2001 1304 2092 postulat,
1320 2008 1430 2069 morte
1445 2000 1693 2068 interveniente
1716 2018 1794 2065 eum

467 2128 539 2174 esse
553 2108 718 2197 impotem
731 2106 897 2174 declarat.

473 2289 475 2293 ¹
512 2219 602 2280 lesus
619 2220 733 2296 sanat,
754 2223 798 2280 ne
816 2219 917 2304 pater
940 2214 1077 2283 initium
1095 2215 1185 2283 illud
1205 2215 1287 2285 fidei
1305 2216 1456 2294 amittet;
1478 2237 1592 2304 neque
1606 2220 1720 2280 tamen
1739 2212 1797 2280 de-

466 2320 615 2402 scendit,
632 2326 671 2389 ut
686 2320 770 2387 fides
785 2320 858 2389 eius
872 2319 1073 2410 perficiatur
1093 2344 1127 2390 v.
1149 2321 1292 2390 sedicit
1311 2323 1344 2389 ei
1357 2324 1450 2389 Iesus
1466 2343 1478 2387 .·
1495 2320 1598 2398 vade,
1608 2321 1702 2409 filius
1717 2333 1796 2386 tuus

466 2425 567 2509 vivit,
585 2448 688 2494 sanus
701 2432 767 2509 est,
784 2448 805 2493 a
824 2429 946 2495 mortis
964 2428 1121 2518 periculo
1140 2427 1317 2496 liberatus.
1339 2428 1427 2495 Dixit
1441 2436 1475 2495 et
1489 2428 1610 2494 eodem
1626 2433 1795 2493 momento

465 2532 516 2599 vis
540 2534 652 2601 morbi
675 2532 815 2601 evanuit
838 2533 897 2625 (cl.
924 2557 958 2601 v.
983 2533 1059 2623 53);
1085 2536 1188 2604 vivus
1205 2538 1256 2604 cst
1278 2535 1372 2602 enim
1396 2557 1509 2603 sermo
1533 2534 1593 2601 bei
1617 2539 1652 2600 et
1675 2533 1795 2598 efficax

465 2637 624 2729 (Mater
646 2640 811 2725 observo,
836 2646 967 2730 quanta
990 2662 1070 2714 cum
1092 2641 1269 2711 maiestate
1288 2641 1369 2709 edat
1392 2640 1613 2720 miraculum,
1632 2662 1701 2706 uon
1716 2661 1794 2729 pre-

463 2752 573 2830 catur,
589 2746 649 2815 sed
669 2747 743 2815 solo
757 2742 947 2816 voluntatis
964 2755 1054 2816 nutu
1073 2748 1256 2829 absentem·
1273 2755 1371 2817 sanat
1386 2746 1515 2839 (Bor.);
1534 2744 1680 2813 eredidit
1694 2745 1793 2811 leonto

463 2853 614 2920 sermoni
627 2876 728 2944 quem
744 2851 837 2921 dixit
849 2853 884 2921 ei
896 2856 991 2922 Iesus
1001 2855 1135 2940 etr’dot,
1147 2854 1259 2925 credit
1272 2860 1382 2924 lesum
1400 2856 1513 2923 dicere
1528 2875 1661 2935 verum,
1677 2858 1794 2943 utpote
1813 2843 1817 2849 ’

463 2981 568 3048 quem
595 2953 701 3027 habet
723 2960 837 3027 virum
855 2965 1012 3029 sanctum
1032 2967 1066 3029 et
1088 2985 1110 3029 a
1129 2967 1197 3031 Deo
1218 2961 1388 3052 singulari
1406 2963 1558 3052 potentia
1583 2959 1790 3052 praeditum.

465 3070 540 3155 lpso
568 3070 642 3133 lesu
665 3065 772 3135 verbo
791 3065 1009 3152 sanationem
1029 3089 1101 3136 esse
1126 3069 1282 3137 ellectum
1305 3068 1452 3159 denique
1475 3069 1575 3135 discit
1588 3074 1621 3134 ct
1641 3066 1700 3133 tali
1719 3071 1792 3133 lesu

464 3172 638 3262 potentiae
653 3161 860 3241 exhibitione
870 3172 917 3240 ud
929 3172 1036 3242 fidem
1049 3176 1086 3242 in
1098 3198 1178 3243 cum
1193 3175 1394 3254 adducitur;
1411 3198 1443 3241 v.
1460 3183 1500 3243 51
1519 3175 1589 3241 ium
1604 3196 1641 3240 eo
1657 3174 1793 3240 descru-

464 3278 565 3347 dente
578 3279 666 3346 seui
678 3291 900 3346 occur-rerunt
915 3279 949 3347 ei
962 3294 995 3347 ct
1012 3283 1260 3351 nuntiaverunt
1274 3282 1440 3362 dicentes,
1454 3282 1538 3372 quia
1549 3281 1646 3372 filius
1657 3282 1729 3347 eires
1745 3281 1793 3345 ri-

463 3398 574 3470 oeret;
588 3387 620 3453 ei
633 3385 772 3453 obviam
790 3387 978 3454 mittuntur
996 3387 1071 3456 filio
1090 3388 1230 3458 sanitati
1256 3390 1409 3470 reddito,
1429 3394 1466 3456 ut
1484 3411 1564 3456 cum
1586 3411 1607 3455 a
1629 3387 1792 3456 sollieitu-

463 3492 545 3560 dine
558 3492 747 3560 liberarent
761 3499 796 3561 et
810 3515 855 3560 ne
869 3493 1020 3583 amplius
1034 3499 1145 3564 lesum
1165 3518 1281 3564 aecum
1296 3496 1505 3565 descendere
1523 3503 1677 3582 cogeret,
1695 3518 1725 3561 r.
1747 3501 1791 3563 52

463 3594 698 3688 interroqubat
719 3621 800 3688 erqo
823 3597 946 3666 dorum
965 3600 1008 3668 ad
1032 3602 1082 3669 eis
1107 3602 1147 3669 in
1166 3625 1237 3693 qua
1265 3604 1388 3671 melita
1411 3602 1584 3689 tabuerit,
1606 3610 1789 3690 κεμψὲτερον

463 3704 486 3772 i.
513 3727 544 3773 e.
567 3707 684 3790 βέλτιον
708 3711 758 3774 καὶ
780 3710 998 3795 εὖρωστὸτερον
1024 3707 1186 3799 Theoplt.‚
1210 3717 1368 3802 ῥᾳὸτερον,
1394 3717 1591 3799 κευφὸτερον,
1618 3712 1790 3796 ἐλευθεριώ·

463 3840 548 3899 τερον
573 3810 677 3880 Eut.
684 3830 700 3897 ,·
718 3810 919 3880 recordatus
932 3812 1064 3904 quippe
1078 3815 1177 3883 verbi
1198 3822 1271 3885 lesu
1287 3817 1435 3884 necdum
1459 3817 1561 3907 plane
1577 3815 1786 3902 intelligens,

366 3983 377 4007 ‚
463 3940 533 4007 qua
547 3917 677 3984 ratione
689 3915 780 3984 filius
791 3917 906 3989 vivere
918 3917 1102 4003 diceretur,
1120 3943 1167 3990 an
1178 3922 1271 4014 quod
1287 3923 1421 3991 luturus
1432 3929 1518 3991 esset
1533 3921 1725 4002 incolumis,
1745 3944 1790 3988 an

429 4038 431 4043 ⁴
463 4023 557 4113 quod
568 4024 642 4113 ipse
655 4029 738 4090 tunc
748 4021 932 4092 sanitatem
947 4024 1125 4111 effecisset,
1144 4029 1282 4119 quaerit
1301 4030 1423 4097 boram
1444 4028 1563 4119 (Tol.);
1580 4043 1612 4096 et
1629 4028 1789 4095 dicerem!

462 4129 511 4214 ei,
529 4128 614 4220 quia
633 4129 706 4198 beri
728 4128 812 4196 bora
834 4131 982 4220 septimo
996 4131 1139 4225 reliquit
1161 4157 1241 4202 cum
1251 4135 1380 4223 febres,·
1392 4137 1476 4203 hora
1494 4135 1641 4226 septima
1656 4135 1699 4202 ab
1713 4143 1788 4201 ortu

463 4235 544 4303 solis
564 4237 587 4303 i.
612 4257 642 4304 e.
669 4238 754 4303 hora
772 4237 887 4325 prima
908 4239 1147 4327 pomeridiana
1167 4241 1253 4332 (Tol.
1274 4241 1380 4310 Mala.
1400 4252 1433 4310 et
1452 4243 1623 4334 plerique;
1642 4244 1683 4308 cl.
1703 4242 1784 4326 ’4,6).

462 4347 554 4410 Caua
568 4341 706 4408 distata
724 4342 968 4432 Capharnaum
987 4346 1111 4415 itinere
1124 4370 1182 4415 sex
1196 4348 1252 4415 vel
1271 4357 1402 4440 septem
1423 4352 1586 4417 horarum
1603 4355 1715 4433 (eu-³29
1733 4348 1788 4414 ki·

463 4448 559 4532 lom.‚
579 4448 679 4517 Scbz.
699 4448 801 4538 Fil.);
825 4448 919 4518 unde
937 4451 1014 4519 fieri
1035 4459 1188 4545 poterat,
1209 4462 1248 4523 ut
1266 4456 1386 4526 eodem
1405 4456 1461 4523 die
1476 4457 1544 4521 iam
1564 4478 1632 4521 non
1647 4456 1787 4521 domum

463 4560 701 4624 reverteretur.
723 4555 787 4622 alii
812 4556 947 4625 malunt
965 4559 1041 4626 lteri
1062 4562 1232 4653 explicare
1249 4585 1289 4630 ex
1306 4586 1398 4632 more
1420 4563 1639 4639 ludaeorum,
1664 4562 1788 4651 quibus

463 4661 535 4727 dies
549 4661 670 4730 linitur
684 4682 804 4728 occasu
817 4664 916 4746 solis,
928 4663 978 4731 ita
996 4671 1037 4733 ut
1056 4669 1269 4759 colloquium
1285 4671 1441 4738 habitum
1455 4671 1498 4737 sit
1508 4668 1627 4735 eodem
1643 4669 1697 4735 die
1714 4677 1787 4759 post

461 4766 545 4835 solis
559 4788 734 4849 oceasum;
755 4773 925 4839 nostrates
941 4770 1068 4841 dicturi
1088 4780 1200 4844 essent
1220 4797 1230 4845 z
1252 4777 1353 4847 hodic
1371 4777 1456 4843 hora
1476 4778 1604 4866 prima:
1624 4798 1655 4842 v.
1674 4784 1713 4842 53]
1730 4800 1786 4842 co-
