4050 5648
1751 359 1807 419 ΓΠ

482 504 698 581 intelligantur
711 507 807 567 verba
823 522 830 563 :
847 504 950 562 levate
966 503 1076 565 oculos
1091 511 1122 566 et
1136 502 1241 562 videte
1259 504 1403 583 regiones
1416 505 1505 566 albas
1522 503 1585 565 iam
1601 502 1639 562 ad
1657 519 1806 569 messem.

483 607 525 665 Ea
543 602 583 662 de
601 597 804 664 Samaritanis
823 597 982 676 accipere,
1004 602 1034 662 ei
1055 602 1179 662 videtur
1199 601 1291 678 plane
1310 600 1495 663 absurdum.
1513 607 1553 663 ht
1574 618 1680 663 nonne
1701 603 1808 662 statim

483 703 516 761 in
533 716 564 757 v.
584 698 623 758 36
643 700 828 780 metaphora
847 699 897 756 est
915 697 1135 775 agnoscenda?
1156 714 1231 759 nam
1254 717 1331 759 sanc
1352 697 1406 774 qul
1427 705 1599 777 congregat
1617 701 1754 761 fructum
1775 700 1808 760 in

482 797 581 856 vitam
600 801 778 866 aeternam,
794 811 858 854 non
878 795 968 855 estis
987 797 1041 874 qui
1058 794 1201 856 triticum
1221 796 1253 856 in
1272 812 1346 874 agro
1366 794 1472 854 metit!
1495 797 1573 872 Ergo
1591 796 1655 854 iam
1676 799 1706 856 in
1723 817 1751 858 v.
1769 801 1808 859 35

483 892 577 953 debet
588 895 699 957 adesse
715 891 912 969 metaphora.
926 894 965 954 lit
981 911 1018 954 ea
1032 893 1114 954 clare
1128 909 1258 971 quoque
1274 891 1440 964 indicatur,
1454 891 1530 952 dum
1545 892 1688 953 Christus
1704 894 1781 954 dicit
1798 915 1805 955 :

482 1006 554 1051 ecce
569 1009 627 1072 ego
642 992 714 1053 dico
727 988 832 1062 vobis;
850 989 906 1067 qui
919 990 1035 1052 modus
1050 990 1250 1068 emphaticus
1263 988 1416 1066 loquendi
1432 990 1524 1067 plane
1540 995 1625 1050 esset
1638 989 1806 1059 ridiculus,

360 1164 361 1167 Ἴ
481 1086 508 1146 si
527 1087 725 1152 frumentum
739 1087 802 1148 iam
822 1088 919 1148 messi
941 1088 1124 1168 proximum
1143 1093 1206 1161 est;
1224 1093 1301 1147 tunc
1319 1088 1404 1147 enim
1425 1086 1568 1148 Christus
1587 1093 1676 1148 lanta
1696 1088 1807 1166 epitasi

481 1183 527 1245 nil
545 1187 633 1251 aliud
657 1184 777 1246 diceret
795 1183 856 1245 nisi
875 1187 960 1263 quod
981 1187 1045 1246 iam
1065 1202 1084 1244 a
1103 1185 1271 1264 discipulis
1290 1191 1338 1246 est
1357 1185 1493 1252 dictum,
1510 1202 1581 1245 cum
1602 1190 1710 1245 tamen
1730 1186 1807 1264 ipsis

407 1308 413 1319 «
479 1285 584 1346 verbis
605 1301 614 1345 :
637 1299 710 1344 ecce
730 1301 788 1362 ego
809 1281 883 1343 dieo
897 1284 1003 1356 vohis,
1024 1281 1064 1342 ad
1083 1282 1172 1344 aliud
1194 1283 1373 1360 quidquam
1397 1288 1520 1342 mentes
1541 1299 1652 1343 eorum
1677 1300 1807 1344 avocare

482 1381 561 1444 vult.
576 1380 629 1444 Uti
645 1380 751 1458 itaque
762 1382 797 1441 in
810 1398 841 1440 v.
851 1382 893 1441 32
906 1398 925 1442 a
936 1382 1009 1441 ciho
1025 1381 1184 1460 corporali
1201 1381 1351 1441 transitus
1364 1381 1399 1440 sst
1412 1378 1452 1439 ad
1467 1381 1575 1440 cihum
1590 1381 1805 1458 spiritualem,

414 1491 416 1494 ’
482 1479 525 1541 ita
536 1478 676 1542 hocloco
691 1497 711 1538 e
724 1497 818 1539 neree
832 1477 871 1540 de
884 1497 947 1558 qua
959 1477 1106 1556 discipuli
1122 1478 1307 1556 loquuntur,
1323 1495 1432 1538 ansam
1447 1479 1534 1556 capit
1548 1476 1585 1538 de
1598 1476 1698 1538 altere
1713 1498 1808 1539 merse

481 1574 637 1639 inferendi
656 1592 838 1638 sermonem
858 1577 913 1654 qui
929 1577 961 1636 in
976 1593 1008 1634 v.
1029 1577 1068 1636 35
1083 1575 1251 1636 inchoatur
1263 1581 1296 1636 et
1311 1576 1343 1635 in
1363 1576 1573 1654 sequentihus
1590 1578 1806 1643 continuatur.

480 1674 589 1737 Pewer
608 1691 684 1735 vero
707 1674 791 1737 serio
810 1678 902 1753 putat
925 1674 1086 1735 Christum
1109 1691 1175 1735 non
1196 1673 1338 1752 potuisse
1359 1673 1446 1751 loqui
1467 1673 1506 1734 de
1526 1674 1656 1752 regione
1676 1676 1747 1735 alha
1766 1675 1807 1736 ad

480 1789 632 1846 messem,
646 1772 709 1833 nisi
729 1772 946 1851 conspexisset
966 1770 1071 1848 spicas
1090 1772 1154 1832 iam
1176 1771 1390 1841 albescentes;
1406 1788 1519 1833 verum
1540 1771 1683 1849 oportuit
1703 1773 1806 1852 legere

481 1889 609 1952 queque
623 1888 652 1929 v.
667 1871 717 1933 36.

523 2091 764 2181 hregionibus
774 2092 829 2158 vel
841 2091 972 2182 campis
983 2091 1053 2159 iam
1068 2091 1114 2159 ad
1123 2113 1267 2158 messem
1279 2091 1369 2158 albis
1386 2091 1505 2158 transit
1519 2091 1564 2159 ad
1578 2093 1808 2161 emolumenta

363 2193 368 2207 “
481 2222 666 2269 messorum
678 2223 711 2269 v.
732 2207 775 2272 36
790 2212 823 2266 et
837 2199 900 2290 qui
912 2198 1009 2266 metit
1023 2197 1213 2265 mercedem
1224 2199 1351 2288 aceepit
1365 2222 1427 2289 pro
1443 2221 1494 2280 se,
1511 2221 1576 2288 pro
1588 2221 1650 2266 suo
1670 2200 1804 2283 labore,

481 2312 515 2375 et
526 2295 729 2397 insuperer
741 2306 802 2372 tali
820 2326 926 2373 messe
944 2304 1084 2372 effectus
1107 2305 1262 2393 exsurgit
1283 2327 1387 2395 quam
1407 2309 1553 2373 maxime
1565 2305 1761 2396 praeclarus
1775 2319 1808 2374 et

480 2426 669 2504 cengregat
678 2415 837 2502 fructum
858 2412 895 2478 in
908 2411 1018 2479 vitum
1034 2426 1225 2496 aeternum,
1243 2412 1328 2479 tales
1346 2413 1419 2480 scil.
1442 2414 1532 2479 eain
1551 2434 1662 2483 messe,
1674 2417 1808 2499 segetes

480 2526 514 2588 et
526 2519 720 2611 manipulos
731 2519 865 2606 colligit
878 2541 968 2607 quae
981 2540 1051 2585 non
1069 2519 1104 2584 in
1123 2519 1256 2585 horreis
1270 2518 1414 2586 terrenis
1427 2518 1671 2602 reconduntur,
1689 2540 1806 2588 verum

480 2629 517 2695 in
537 2627 609 2695 vita
630 2632 788 2707 aeterna,
809 2627 844 2694 in
873 2624 1010 2693 coelesti
1032 2624 1247 2692 beatitudine
1272 2632 1495 2714 reponuntur.
1518 2625 1690 2693 Eiusmodi
1714 2626 1806 2692 enim

480 2736 611 2802 fructus
622 2739 702 2802 sunt
720 2733 876 2801 homines
889 2733 1046 2806 conversi
1065 2738 1100 2799 et
1122 2731 1211 2798 salvi
1228 2754 1332 2821 opere
1353 2738 1386 2798 et
1399 2731 1516 2800 labore
1532 2733 1805 2823 praedicantium

482 2842 564 2929 (Tol.
582 2842 673 2907 lans.
696 2842 803 2925 Bam),
823 2845 915 2919 Quae
928 2838 1106 2929 explicatio
1119 2860 1224 2928 quam
1243 2840 1390 2905 maxime
1411 2838 1555 2925 imagini
1569 2847 1651 2928 apta
1664 2846 1736 2906 est:
1753 2860 1805 2906 se-

481 2953 575 3034 getes
587 2946 625 3012 in
639 2945 769 3013 horreis
782 2945 995 3012 collocantur
1008 2946 1045 3012 in
1057 2945 1332 3012 emolumentum
1347 2945 1478 3011 domini
1495 2945 1628 3028 messis;
1650 2946 1807 3014 homines

483 3056 598 3143 itaque
611 3052 648 3118 in
670 3052 766 3119 coelo
790 3051 835 3117 ad
856 3053 914 3118 Dei
939 3052 1087 3137 gloriam
1113 3051 1356 3119 celebrandam
1374 3073 1436 3118 sua
1454 3051 1628 3119 beatitate.
1652 3051 1734 3134 Alii,
1757 3053 1806 3130 uti

483 3164 570 3250 Καρ.
584 3158 704 3247 8οὴ9.,
730 3156 925 3225 mercedem
940 3157 1138 3244 intelligunt
1155 3158 1381 3249 temporalem
1394 3158 1489 3225 illam
1511 3158 1556 3225 de
1573 3182 1642 3247 qua
1654 3159 1807 3226 Christus

483 3265 635 3355 loquitur
651 3265 779 3353 (uatth.
797 3270 1004 3346 10‚10.huc.
1023 3265 1295 3350 10‚7)‚lructnm
1310 3273 1424 3331 autem
1440 3267 1630 3354 praemium
1647 3268 1682 3332 in
1694 3266 1804 3348 coelo;

482 3371 542 3440 alii
563 3372 702 3443 demum
722 3370 918 3439 mercedem
936 3375 971 3437 et
991 3370 1143 3437 fructum
1162 3392 1233 3437 non
1257 3371 1475 3458 distinguunt
1488 3379 1522 3439 et
1543 3378 1591 3440 καὶ
1606 3373 1807 3461 explicative

483 3477 658 3569 accipiunt
678 3477 736 3566 (ci.
753 3480 840 3545 Bon.
860 3476 934 3544 Cei.
953 3475 1064 3544 Male.
1086 3476 1215 3564 Selia).
1237 3481 1281 3543 Ex
1296 3477 1418 3545 effectu
1436 3487 1551 3545 autem
1571 3479 1636 3545 hoc
1658 3479 1805 3569 duplici,

483 3606 523 3653 ex
540 3584 697 3652 mercede
715 3589 749 3651 et
767 3584 881 3651 fructu
903 3581 1062 3663 collecto,
1081 3585 1232 3671 exsurgit
1247 3585 1367 3651 tertius
1383 3608 1391 3652 :
1410 3599 1447 3650 ut
1462 3598 1493 3651 et
1515 3585 1577 3674 qui
1598 3586 1744 3653 seminet
1762 3586 1808 3654 si·

483 3691 558 3759 mul
572 3689 724 3780 gaudeat
738 3689 847 3780 etqui
864 3689 982 3775 metit;
995 3691 1072 3780 quis
1087 3698 1137 3757 est
1157 3701 1171 3758 ὁ
1187 3694 1336 3780 occiput?
1352 3700 1482 3758 veteres
1505 3693 1708 3782 plerumque
1724 3715 1807 3783 pro-

485 3797 604 3890 phetas
621 3797 837 3884 intelligunt,
857 3799 949 3863 Patr.
965 3796 1168 3885 prophetas,
1191 3801 1353 3864 loannem
1372 3797 1573 3887 baptistam,
1591 3798 1807 3889 potissimum

484 3911 600 3973 autem
615 3906 727 3995 ipsum
739 3903 926 3984 Christum;
944 3902 1055 3970 solum
1070 3903 1239 3970 Christum
1253 3904 1312 3970 alii
1329 3903 1444 3994 (Scire.
1461 3904 1590 3992 Selia),
1603 3928 1691 3995 quae
1705 3906 1809 3996 expli·

485 4011 574 4081 catio
592 4008 853 4079 commendatur
870 4033 911 4078 ee
932 4008 1028 4100 quod
1045 4009 1200 4098 proxime
1219 4009 1263 4076 de
1279 4011 1502 4078 Samaritanis
1521 4020 1570 4078 est
1583 4033 1693 4079 sermo
1708 4051 1752 4062 -
1763 4011 1807 4079 ab

486 4119 529 4186 iis
546 4120 639 4186 enim
653 4116 830 4185 exordium
844 4117 1011 4183 sermonis
1024 4115 1243 4204 desumptum
1258 4122 1308 4182 est
1321 4123 1410 4183 —et
1424 4116 1514 4206 quod
1534 4139 1697 4185 numerus
1711 4117 1809 4185 adhi-

487 4226 586 4293 betur
597 4223 792 4310 singularis.
814 4221 965 4291 Christus
979 4242 1097 4290 semen
1113 4223 1265 4311 spargit,
1285 4221 1444 4312 discipuli
1457 4230 1590 4291 metunt
1605 4225 1629 4293 i.
1652 4247 1682 4292 e.
1700 4224 1810 4291 homi·

487 4353 547 4400 nes
560 4352 679 4399 revera
689 4329 846 4398 doctrina
859 4351 880 4395 a
894 4330 1026 4396 Christo
1037 4351 1155 4418 sparsa
1167 4327 1344 4409 imbuunt,
1358 4352 1413 4396 eos
1427 4330 1598 4419 baptismo
1613 4332 1647 4398 in
1664 4352 1807 4417 regnum

489 4438 692 4506 messianum
707 4435 884 4524 eolligunt.
912 4440 957 4502 lle
978 4457 1094 4503 eorum
1121 4436 1228 4503 salute
1244 4443 1279 4502 et
1301 4437 1451 4504 Christus
1468 4449 1503 4504 et
1521 4438 1682 4528 discipuli
1699 4438 1736 4505 in
1754 4462 1810 4507 ae·

489 4553 622 4613 ternum
637 4545 817 4611 laetentur.
836 4550 881 4611 lle
895 4545 1116 4610 conversione
1134 4545 1309 4611 Samariae
1324 4545 1402 4612 vide
1419 4553 1489 4611 Act.
1511 4551 1569 4626 8,5
1589 4567 1661 4634 seq.

532 4652 697 4721 Statuitur
714 4648 827 4738 itaque
840 4672 882 4718 ca
894 4650 930 4717 in
944 4671 981 4715 re
1000 4649 1184 4717 discrimen
1203 4649 1294 4717 inler
1308 4653 1532 4719 seminantem
1548 4658 1583 4719 et
1608 4657 1807 4738 metentem

489 4757 580 4827 unde
594 4782 627 4825 v.
642 4766 683 4827 37
700 4758 738 4825 iu
753 4755 815 4824 lroc
834 4747 942 4845 enim,
961 4758 997 4822 in
1016 4755 1082 4822 hoc
1102 4781 1183 4825 casu
1199 4758 1241 4825 de
1256 4781 1325 4847 quo
1341 4781 1453 4826 sermo
1472 4760 1527 4845 fit,
1542 4771 1589 4826 est
1605 4761 1741 4828 uerbum
1757 4785 1810 4829 ee·

943 4885 1122 4922 rusucurium
1141 4888 1165 4925 ru
1182 4887 1251 4925 teau.
1269 4902 1298 4910 —
1318 4879 1354 4926 12.
