4116 5648
258 638 369 707 illud:
386 630 490 722 plena
503 643 555 704 est
569 633 679 703 omnis
693 638 785 701 terra
797 634 912 723 gloria
925 633 1012 715 eius,
1028 633 1112 724 quia
1123 633 1256 724 repleta
1270 639 1322 702 est
1341 637 1432 701 terra
1443 636 1585 706 scicntia
1704 645 1718 700 ¹,

256 739 406 823 Domini,
432 740 519 812 sicut
533 760 644 830 aquae
669 741 773 809 maris
794 740 987 831 operientes
1001 741 1058 830 (ls.
1084 745 1159 822 o,3;
1179 740 1285 829 11,9).
1304 741 1452 808 Christus
1466 741 1584 831 itaque
1636 745 1639 751 '
1720 742 1755 787 2·

255 869 324 917 nou
346 845 503 916 obstante
522 849 666 930 horrore
684 846 837 916 naturali
856 844 1006 913 libenter
1029 842 1248 936 amplectitur
1271 853 1417 914 mortem
1441 846 1585 915 acerbis-

255 955 377 1021 simam
402 953 587 1023 dilectione
605 953 730 1037 Patris,
751 953 848 1021 cuius
872 949 1022 1038 gloriam
1039 949 1294 1019 manifestatum
1315 958 1350 1018 et
1371 953 1528 1038 agnitum
1543 954 1587 1020 iri

255 1080 318 1127 sua
328 1067 439 1130 morte
450 1056 640 1152 praevidet.
658 1057 812 1128 Ostendit
824 1057 862 1124 in
876 1056 943 1124 hac
957 1056 1279 1148 precationcveram
1291 1064 1451 1127 naturam
1464 1060 1587 1128 huma-

256 1187 353 1251 nam,
378 1168 591 1235 voluntatem
616 1166 824 1245 humanam
851 1162 975 1230 ecdem
995 1161 1097 1241 modo
1119 1168 1158 1231 ut
1182 1162 1278 1254 apud
1297 1165 1511 1254 synopticos,
1538 1166 1588 1233 ita
1677 1252 1681 1257 ὓ

256 1273 350 1362 apud
366 1274 460 1341 hunc
475 1292 615 1362 quoque
627 1269 874 1357 evangelistam
887 1268 1093 1338 describitur
1110 1270 1192 1357 angi
1210 1276 1246 1337 et
1259 1272 1471 1355 contristari;
1490 1294 1589 1363 prae·

258 1378 387 1448 claram
409 1376 512 1445 nobis
534 1377 674 1446 exbibet
697 1374 889 1444 doctrinam
916 1380 953 1444 et
975 1374 1171 1466 exemplum
1192 1376 1287 1443 omni
1314 1376 1586 1445 consideratione
1722 1410 1726 1419 ·

257 1483 413 1574 dignum.
433 1511 450 1544 α
468 1483 594 1552 Audiat
612 1482 717 1550 homo
735 1482 796 1573 qui
815 1480 914 1572 sequi
928 1482 1014 1551 vult.
1034 1481 1182 1551 Accessit
1197 1482 1286 1551 forte
1305 1484 1392 1550 hora
1408 1484 1587 1567 terribilis,

257 1589 464 1683 proponitur
486 1589 581 1681 optio
603 1594 663 1656 aut
688 1588 867 1657 faciendae
886 1586 1079 1678 iniquitatis
1100 1594 1161 1656 aut
1183 1588 1384 1658 subeundae
1407 1589 1587 1681 passionis3
1711 1656 1713 1663 ,
1757 1591 1760 1600 ·

247 1696 417 1778 ¹turbatur
431 1698 549 1764 anima
573 1694 727 1779 infirma,
754 1701 1019 1786 propterquam
1038 1700 1161 1786 sponte
1177 1695 1317 1764 turbata
1339 1703 1392 1764 est
1407 1696 1522 1764 anima
1535 1696 1590 1765 in-

258 1804 363 1886 victa3
380 1823 554 1893 praepone
569 1807 648 1869 tuac
663 1800 834 1869 voluntati
849 1800 1060 1869 voluntatem
1074 1803 1134 1870 Dei
1148 1829 1165 1864 a
1184 1801 1319 1892 (App).

301 1913 341 1978 Et
351 1910 530 1978 exauditus
543 1914 594 1976 ost
610 1929 673 1999 pro
687 1929 750 1976 sua
762 1907 956 1984 reuerentia
971 1906 1085 1998 (Hebr.
1102 1907 1172 1999 5,7)
1187 1914 1222 1977 ct
1237 1911 1289 1976 ufi
1302 1931 1383 1978 voce
1398 1909 1536 1978 coelesti
1555 1911 1592 1978 in

259 2015 488 2084 ministerium
509 2014 690 2106 publicum
706 2013 924 2083 introductus
938 2020 989 2082 est
1010 2014 1138 2103 (tlatth.
1160 2016 1273 2105 3,1r),
1290 2015 1340 2083 ita
1359 2017 1428 2083 fine
1445 2018 1515 2085 iam
1528 2039 1593 2108 ap·

259 2122 513 2220 propinquante
534 2121 656 2189 eodem
680 2120 783 2189 modo
804 2120 1039 2189 testimonium
1062 2121 1189 2212 accipit
1212 2141 1221 2190 :
1248 2121 1530 2212 contremesco
1551 2122 1593 2191 de

259 2228 354 2299 coelo
377 2251 391 2300 ε
411 2241 445 2296 et
465 2228 656 2317 clarificavi
673 2241 707 2295 et
730 2227 855 2296 iterum
881 2227 1077 2318 clarificabo
1103 2227 1177 2297 scil.
1205 2244 1334 2297 nomen
1355 2231 1591 2320 meuthfir.

261 2334 406 2426 Theopfi.
435 2335 509 2403 cai.
527 2335 618 2402 laras.
643 2337 725 2402 Bar.
752 2334 842 2402 Corl.
859 2334 1000 2424 Scipi,
1019 2334 1079 2402 alii
1097 2334 1261 2426 supplent
1281 2335 1494 2404 :clarificavi
1512 2347 1547 2404 tc
1561 2343 1594 2405 et

259 2442 456 2511 clarificabo
470 2440 566 2532 (ned.
585 2439 702 2508 thm.
713 2440 823 2509 Mald.
835 2444 932 2510 Patr.
947 2440 1047 2509 Scfiz.
1060 2441 1143 2530 Fit.)
1156 2442 1211 2509 vel
1225 2441 1374 2530 iungunt
1384 2446 1591 2533 utrumque:

259 2571 388 2617 nomen
400 2570 516 2617 meum
532 2554 613 2618 otte
630 2547 792 2638 (Theopt.
808 2551 898 2639 nep.
915 2547 992 2617 Gai.
1008 2546 1109 2638 Tot).
1127 2553 1218 2626 Quae
1232 2554 1349 2616 tamen
1363 2548 1595 2640 discrepantia

259 2655 374 2747 potius
392 2659 444 2723 est
464 2676 636 2746 apparens
652 2675 759 2749 quam
779 2676 873 2723 vera.
893 2657 1034 2745 Oportet
1046 2655 1140 2723 cuim
1154 2654 1367 2743 distinguere
1380 2657 1472 2723 inter
1488 2655 1596 2725 verba

209 2832 213 2842 ,
261 2769 295 2831 ct
309 2784 383 2830 rem
404 2761 519 2829 verbis
537 2760 768 2849 designatam.
792 2760 904 2829 Verba
923 2762 952 2827 si
972 2760 1180 2851 quaesicris,
1204 2760 1437 2852 supplendum
1453 2765 1519 2832 erit
1534 2786 1595 2831 nc·

261 2892 339 2937 men
351 2891 464 2937 meum
470 2890 485 2956 ;
500 2873 592 2937 lesus
605 2869 700 2935 enim
713 2873 899 2955 rogaverat
913 2889 921 2937 :
939 2872 1039 2935 Pater
1055 2867 1210 2936 clarifica
1222 2889 1351 2936 nomen
1364 2873 1475 2938 tuum.
1492 2875 1597 2938 Exau-

263 2976 368 3061 ditur,
389 2974 575 3065 respondet
597 2978 696 3042 Pater
716 2973 929 3043 :clarificavi
950 2979 985 3041 et
1005 2973 1219 3056 clarificabo,
1243 2974 1346 3066 proin
1359 2980 1451 3043 certe
1469 2998 1595 3045 nomen

263 3104 396 3163 meum,
411 3080 449 3148 id
464 3081 559 3171 quod
573 3080 676 3148 Filius
690 3082 837 3169 rogavit.
855 3108 872 3143 ι(
893 3080 1148 3149 clarificaverat
1166 3081 1259 3149 cuim
1277 3103 1405 3150 nomen
1419 3105 1519 3151 suum
1534 3087 1597 3151 Pa-

262 3195 325 3270 ter,
347 3189 430 3254 dum
451 3194 524 3255 tam
542 3187 692 3277 insignia
711 3186 875 3255 bonitatis
893 3193 927 3255 ct
946 3186 1121 3277 potentiae
1139 3210 1221 3256 suae
1240 3189 1436 3257 testimonia
1450 3212 1513 3279 per
1530 3194 1596 3259 Ito·

265 3294 400 3362 minum
420 3301 582 3383 agentem
598 3294 635 3361 in
660 3315 764 3361 carne
788 3292 958 3373 ediderat;
985 3315 1121 3361 rursum
1139 3292 1227 3361 illud
1250 3294 1499 3363 clarificaturus
1524 3303 1599 3364 erat

264 3400 375 3469 multo
391 3401 504 3488 magis
522 3399 624 3469 misso
642 3400 833 3483 Paracletc,
850 3400 912 3492 qui
930 3422 1039 3490 usquc
1056 3398 1102 3467 ad
1116 3405 1305 3469 extremum
1319 3406 1431 3470 terrae
1446 3424 1598 3492 evange·

263 3507 349 3576 lium
372 3509 505 3595 gratiae
522 3513 596 3575 erat
616 3528 679 3597 per
700 3505 872 3597 apostolos
894 3505 1154 3598 praedicaturus·
1172 3513 1208 3575 ct
1231 3509 1371 3576 credere
1394 3508 1475 3576 huic
1494 3532 1597 3599 quam

265 3613 425 3705 plurimis
437 3612 581 3682 daturus
601 3641 617 3674 a
635 3613 772 3703 (lana).
786 3618 829 3681 fit
850 3612 878 3679 si
891 3634 966 3681 rem
981 3614 1203 3702 spectaveris,
1218 3613 1256 3682 in
1270 3614 1444 3683 miraculis
1456 3615 1595 3698 Christi,

264 3723 302 3788 in
316 3719 389 3788 eius
407 3719 659 3788 resurrectione
670 3724 735 3787 etc.
755 3718 859 3786 simul
873 3740 954 3787 cum
966 3717 1079 3807 gloria
1093 3720 1199 3792 Patris
1216 3719 1337 3789 intime
1351 3722 1535 3813 coniuncta
1549 3730 1599 3791 est

266 3826 379 3916 gloria
395 3826 487 3909 Filii,
511 3824 560 3893 uti
575 3824 702 3892 dicitur
716 3824 759 3893 de
778 3824 947 3893 miraculo
961 3825 1231 3898 resuscitationis
1244 3829 1378 3910 Lazari,
1395 3827 1488 3897 illius
1501 3828 1600 3897 infir·

152 3997 153 4000 ,
266 3933 421 4001 mitatem
440 3954 512 4000 esse
534 3954 597 4024 pro
611 3931 726 4020 gloria
743 3930 803 3999 Dei
818 3937 857 3999 ut
875 3929 1090 4019 glorificetur
1108 3931 1212 3999 Filius
1232 3934 1291 4005 ltai
1311 3934 1419 4023 (11,t)
1441 3942 1474 4002 et
1487 3936 1600 4023 gloria

268 4040 376 4108 Patris
396 4039 634 4107 manifestatur
657 4040 696 4106 in
718 4037 819 4119 Filio,
845 4042 882 4104 ut
900 4037 1060 4105 homines
1081 4037 1226 4107 credant
1245 4040 1283 4111 in
1301 4039 1425 4111 Filium
1453 4043 1597 4133 (ΗΜ).

266 4151 460 4227 Praeterea,
480 4152 518 4212 ut
535 4146 612 4214 Coi.
628 4150 739 4226 notat,
755 4144 794 4212 in
809 4143 973 4235 petitione
988 4150 1063 4212 lesu
1076 4143 1112 4212 id
1127 4144 1383 4230 intendebatur,
1399 4154 1432 4215 et
1450 4149 1603 4217 contine-

268 4253 371 4321 batur
384 4257 423 4319 ut
443 4273 573 4318 nomen
589 4251 696 4319 Patris
712 4249 969 4339 glorificaretur
990 4251 1029 4318 in
1050 4253 1192 4341 propria
1210 4251 1317 4343 ipsius
1335 4258 1410 4321 lesu
1429 4253 1601 4342 glorifica-

270 4362 363 4429 tione
377 4360 492 4428 lutura
507 4380 569 4447 per
582 4360 746 4426 meritum
755 4357 923 4448 passionis
937 4363 972 4425 et
984 4356 1106 4425 mortis
1123 4357 1211 4440 eius;
1229 4357 1323 4426 unde
1336 4359 1373 4426 in
1384 4363 1601 4451 responsione

270 4466 316 4534 ad
337 4465 554 4557 petitionem,
577 4465 607 4531 si
629 4487 683 4533 res
698 4464 775 4555 ipsa
789 4469 975 4554 spectatur,
996 4468 1182 4556 utrumque
1206 4464 1398 4534 affirmatur
1421 4474 1456 4536 ct
1473 4467 1603 4557 glorifi-

270 4573 358 4639 catio
376 4569 484 4639 Patris
498 4576 532 4636 ct
547 4568 755 4656 glorificatio
775 4568 863 4635 Filii.

315 4682 382 4745 Vox
396 4677 523 4745 dicitur
544 4676 676 4743 venisse
690 4674 734 4742 de
748 4675 862 4757 coelo,
880 4674 965 4765 quia
980 4675 1024 4744 de
1042 4675 1200 4768 supernis
1214 4677 1335 4747 audita
1347 4685 1412 4762 cst;
1430 4681 1473 4748 dc
1492 4702 1527 4749 se
1542 4703 1605 4748 vox

272 4788 345 4852 erat
362 4782 522 4851 distincta
542 4785 644 4873 (Rup.
666 4782 777 4850 Mald.
798 4781 915 4870 Bon),
933 4783 977 4851 cl.
999 4806 1033 4853 v.
1059 4790 1118 4864 303
1136 4788 1172 4851 at
1193 4790 1232 4852 ut
1250 4784 1326 4853 fieri
1340 4784 1441 4869 solet,
1458 4788 1487 4855 si
1505 4788 1607 4858 multi

272 4889 511 4976 circumstant,
539 4888 648 4980 aliqui
670 4911 755 4980 prae
778 4888 939 4960 socordia
961 4890 1016 4960 vel
1039 4888 1236 4961 turbatione
1254 4892 1393 4975 mentis,
1418 4895 1473 4962 vel
1492 4894 1607 4964 animo
