4050 5648
1063 364 1148 412 rora.
1171 349 1308 424 ear-m.
1789 351 1848 411 aas

520 519 627 583 casse,
654 502 720 570 nisi
742 499 802 588 'qui
827 498 1037 591 manducare
1060 500 1186 582 noluit,
1211 496 1272 586 qui
1300 519 1369 565 non
1395 503 1541 583 curavit,
1567 497 1628 588 qui
1654 498 1803 585 neglexit
1830 530 1845 563 a

520 604 651 699 (Pup).
669 611 780 694 Atque
801 605 955 696 apposite
978 600 1162 676 notat'Gai.
1182 625 1195 670 :
1214 632 1230 665 «
1252 603 1459 696 manducare
1478 611 1729 675 sacramentum
1748 628 1848 695 prae·
1957 646 1959 651 >

518 711 682 804 supponit
701 709 1004 780 manducationem
1013 712 1221 792 naturalem,
1240 710 1328 778 sicut
1344 715 1435 780 nasci
1447 711 1738 779 sacramentaliter
1752 734 1849 801 prae-

519 815 684 909 supponit
705 817 800 885 nasci
823 815 1043 903 naturaliter;
1071 816 1187 887 nullus
1218 817 1368 886 nascitur
1395 840 1434 883 ex
1463 839 1553 906 aqua
1576 824 1609 884 et
1634 818 1760 909 spiritu
1784 820 1848 886 nisi

437 917 441 926 ’
519 930 619 992 natus
640 924 831 995 secundum
858 944 1016 1006 carnem;
1042 924 1201 992 similiter
1227 925 1312 992 nulli
1342 923 1523 1015 impotenti
1551 945 1708 991 exercere
1734 929 1849 992 actum
1936 978 1938 984 .
2002 910 2009 946 ⁷

407 1058 409 1062 ⁴
519 1028 754 1099 manducandi
776 1028 970 1098 naturalem
992 1029 1182 1121 imponitur
1200 1031 1381 1098 necessitas
1404 1029 1635 1098 manducandi
1650 1052 1849 1098 sacramen-

520 1140 610 1220 tum;
639 1137 732 1228 qnod
760 1138 852 1205 enim
871 1134 936 1203 sub
964 1142 1043 1206 actu
1071 1136 1302 1205 manducandi
1323 1137 1522 1224 imponitur,
1548 1135 1628 1203 solis
1654 1136 1850 1226 potentibus

521 1242 730 1311 manducare
754 1241 862 1312 indici
884 1241 1094 1332 intelligitur
1115 1242 1302 1310 secundum
1322 1242 1461 1332 planam
1485 1242 1602 1329 legum
1623 1243 1778 1310 omnium
1793 1243 1848 1310 in-

520 1350 796 1438 telligentiam-a.
819 1347 966 1417 Proinde
985 1348 1130 1417 minime
1146 1351 1345 1440 requiritur,
1364 1349 1457 1439 quod
1469 1350 1584 1436 graeci
1599 1349 1747 1432 iaciunt,
1767 1372 1847 1439 par·

519 1456 606 1524 vulis
618 1460 695 1546 post
708 1453 920 1546 baptismum
938 1455 1022 1524 dare
1036 1454 1141 1523 etiam
1156 1455 1411 1523 eucharistiam.
1840 1536 1843 1540 ⁴

563 1566 642 1629 Post
667 1561 873 1630 sententiam
899 1566 1104 1650 negantem,
1130 1583 1200 1651 qno
1230 1561 1402 1629 efficacius
1427 1582 1500 1628 rem
1524 1562 1735 1629 affirmatam
1766 1560 1849 1630 velit

519 1667 712 1750 ostendere,
740 1667 921 1755 subiungit
942 1667 1147 1736 sententiam
1171 1675 1418 1737 asseverantem
1443 1689 1476 1735 v.
1508 1674 1550 1737 55
1575 1669 1639 1758 qui
1661 1668 1847 1737 manducat

518 1796 632 1842 meam
647 1796 787 1842 carnem
801 1787 834 1842 et
850 1773 935 1841 bibit
947 1795 1062 1842 meum
1073 1767 1296 1865 sanquinem,
1318 1774 1419 1843 babet
1431 1775 1535 1843 vitam
1551 1787 1747 1858 actemam;
1765 1796 1848 1862 ergo

519 1902 590 1948 non
608 1881 717 1949 solum
738 1881 878 1972 prodest
892 1903 937 1949 ne
953 1887 1114 1973 pereant,
1131 1881 1192 1950 sed
1210 1881 1314 1951 simul
1328 1889 1367 1949 ut
1379 1888 1636 1971 consequantur
1652 1883 1760 1950 vitam
1778 1881 1845 1972 spi·

519 1986 681 2055 ritualem
703 2008 850 2078 eamque
872 1987 938 2056 hac
958 1987 1224 2057 manducatione
1245 1994 1465 2080 praeservent
1483 1999 1517 2055 et
1535 1996 1685 2074 augeant
1704 1989 1847 2079 eiusque

520 2116 585 2184 ope
598 2094 643 2161 ad
656 2094 796 2162 beatm
807 2096 1047 2162 aeternitatem
1060 2102 1094 2162 et
1107 2093 1257 2182 gloriam
1272 2096 1488 2186 perveniant,
1506 2117 1612 2185 quare
1626 2095 1724 2162 addit
1738 2107 1771 2162 et
1786 2117 1848 2184 eqo

520 2201 730 2269 resuscitabo
752 2223 832 2268 cam
855 2201 894 2268 in
913 2201 1100 2269 novissimo
1121 2201 1198 2287 dia·
1219 2201 1301 2270 addi
1318 2204 1383 2270 hoc
1407 2203 1484 2270 ideo
1506 2225 1642 2293 quoque
1663 2203 1848 2270 existimari

520 2313 632 2398 potest
651 2330 695 2376 ne
716 2313 879 2398 putarent
899 2307 948 2377 sic
969 2309 1127 2400 promitti
1148 2309 1253 2377 vitam
1276 2319 1450 2377 aeternam
1475 2316 1512 2375 ut
1533 2308 1604 2376 iam
1624 2331 1686 2375 nec
1706 2331 1848 2399 corpore

521 2419 740 2481 morerentur
754 2415 892 2505 (stup).
910 2415 965 2483 Uti
980 2414 1079 2484 cibus
1091 2416 1257 2484 naturalis
1268 2416 1374 2483 vitam
1382 2415 1574 2483 naturalem
1582 2420 1750 2482 sustentat
1762 2415 1850 2483 eius-

521 2542 589 2610 que
613 2520 705 2589 vires
727 2521 854 2606 reficit,
875 2526 997 2610 auget,
1022 2521 1071 2590 ita
1092 2522 1136 2590 de
1162 2521 1240 2590 cibo
1266 2522 1332 2588 hoc
1358 2520 1528 2612 spirituali
1553 2521 1682 2612 pariter
1703 2520 1848 2589 iudicari

520 2632 680 2719 oportere
695 2627 995 2697 Christusindicat
1013 2649 1211 2696 asseverans
1229 2628 1353 2696 iterum
1369 2652 1403 2696 v.
1422 2636 1465 2698 56
1481 2651 1561 2695 caro
1574 2629 1668 2694 enim
1683 2651 1760 2695 mea
1774 2651 1848 2696 acre

521 2747 570 2802 est
584 2735 679 2802 cibus
690 2747 724 2802 et
737 2736 881 2827 sanquis
894 2757 991 2803 meus
1002 2751 1080 2803 cere
1093 2747 1143 2802 est
1150 2747 1257 2827 potus
1267 2739 1384 2821 ἀληθής
1398 2758 1499 2803 verus
1511 2735 1623 2815 cibus,
1637 2742 1738 2825 potus
1748 2757 1848 2802 verus

522 2841 614 2930 (vide
628 2843 708 2910 lect.
724 2842 831 2931 var.);
849 2841 950 2933 proin
962 2841 1083 2911 situlis
1097 2850 1163 2927 est,
1182 2843 1403 2933 consequitur
1416 2842 1520 2910 etiam
1531 2864 1667 2909 necesse
1684 2864 1754 2909 esse
1767 2842 1849 2909 fide-

520 2947 613 3016 libus
626 2947 753 3016 eocibo
768 2948 837 3031 uti;
848 2948 953 3016 simul
961 2948 1125 3018 meritur
1134 2949 1262 3017 veritas
1270 2948 1395 3016 iterum
1410 2948 1523 3016 verbis
1535 2948 1665 3038 planis;
1683 2971 1763 3016 vere
1774 2949 1846 3016 scil.

520 3077 592 3123 esse
610 3052 888 3122 manducandam
907 3077 1064 3142 carnem,
1082 3076 1162 3122 cum
1180 3055 1225 3123 sit
1245 3078 1342 3122 verus
1360 3055 1473 3134 cibus,
1491 3077 1561 3122 non
1578 3055 1756 3145 opinatus,
1778 3078 1848 3122 non

520 3161 764 3248 imaginarius,
780 3183 852 3229 non
863 3161 987 3244 fictus,
1004 3183 1119 3254 neque
1127 3160 1195 3252 ¹qui
1211 3164 1320 3230 solum
1339 3161 1526 3253 improprie
1543 3162 1593 3229 ita
1610 3168 1763 3245 vocetur,
1785 3163 1845 3230 sed

519 3268 580 3358 qui
594 3290 714 3336 revera
728 3273 762 3336 et
775 3269 916 3358 proprie
934 3267 972 3335 id
986 3268 1030 3336 sit
1044 3268 1137 3359 quod
1152 3271 1293 3336 nomine
1312 3269 1486 3359 panditur.
1505 3269 1602 3338 Unde
1622 3269 1737 3336 denuo
1754 3270 1849 3337 affir-

522 3381 635 3443 matur
648 3373 875 3460 manducare,
895 3373 1007 3443 bibere
1021 3374 1170 3463 intelligi
1187 3374 1313 3443 debere
1327 3397 1428 3443 sensu
1444 3375 1583 3467 proprio
1598 3374 1642 3443 de
1657 3398 1738 3443 vera
1753 3397 1849 3442 man-

522 3480 722 3564 ducatione;
743 3501 852 3571 quare
870 3479 965 3548 enim
981 3480 1197 3569 adiungitur.
1224 3481 1329 3549 Proin
1346 3483 1432 3550 haec
1451 3481 1547 3549 addit
1565 3481 1788 3565 confirmans,
1805 3488 1849 3550 ta

522 3593 576 3655 οὐκ
589 3597 713 3675 αἴνιγμα
724 3595 811 3675 λέγει
824 3591 893 3655 οὐδὲ
906 3595 1083 3675 παραδολήν
1106 3585 1201 3676 (Otr.
1224 3587 1356 3675 Eum).
1373 3593 1513 3657 Sensum
1532 3589 1713 3679 proprium
1729 3588 1849 3655 verbo·

521 3715 598 3760 rum
608 3692 705 3759 effert
714 3698 885 3783 quantum
895 3692 1012 3761 verbis
1024 3692 1101 3761 fieri
1115 3699 1239 3784 potest.
1254 3693 1359 3784 ldque
1375 3717 1417 3762 eo
1427 3694 1537 3781 magis
1548 3696 1678 3761 clarum
1694 3702 1754 3771 est,
1768 3695 1848 3785 quia

521 3797 731 3867 manducare
747 3820 887 3867 carnem
901 3799 959 3866 lob
974 3806 1088 3884 1932.
1103 3804 1155 3867 Ps.
1173 3806 1254 3884 26st
1269 3822 1369 3867 sensu
1384 3801 1618 3891 metaphorica
1633 3810 1684 3868 est
1699 3802 1848 3892 aliquem

521 3904 700 3973 calumniis
716 3904 863 3997 odioque
875 3905 1109 3996 proscindere,
1124 3906 1246 3974 bibere
1256 3907 1461 3994 sanguinem
1475 3914 1590 3976 autem
1605 3914 1626 3974 Ξ
1647 3914 1729 3995 Reg.
1748 3915 1849 3987 23,ίῖ

522 4019 555 4079 et
571 4019 588 4081 1
603 4017 677 4080 Par.
692 4017 793 4092 11,1a
811 4017 860 4080 est
876 4011 1000 4080 bibere
1019 4034 1147 4102 aquam
1163 4035 1252 4103 quae
1270 4035 1350 4081 cum
1367 4015 1457 4081 vitae
1476 4013 1630 4103 periculo
1650 4013 1795 4079 aliorum
1809 4013 1850 4080 sit

521 4119 643 4186 hausta
658 4123 692 4185 et
706 4117 827 4200 allata,
845 4118 1014 4206 sanguine
1032 4117 1208 4186 inebriare
1226 4141 1307 4186 vero
1323 4124 1357 4186 et
1377 4119 1492 4186 cibare
1511 4119 1672 4186 carnibus
1687 4123 1728 4185 ls.
1749 4124 1848 4199 ’4936

522 4225 648 4293 dicitur
662 4224 705 4292 de
720 4229 865 4293 cruenta
877 4224 914 4292 in
929 4226 1046 4294 hostes
1063 4223 1206 4292 ultione.

567 4337 671 4400 Porro
682 4333 808 4400 iterum
820 4331 943 4421 repetit
951 4353 1146 4400 sermonem
1160 4331 1341 4421 proprium
1351 4332 1494 4400 eandem
1509 4332 1640 4400 addens
1651 4332 1849 4421 explicatio-

523 4461 619 4522 nem,
637 4462 699 4507 cur
717 4441 755 4506 in
773 4439 834 4507 illa
852 4438 1120 4507 manducatione
1138 4439 1309 4507 habeatur
1329 4439 1397 4507 sita
1420 4447 1557 4506 aeterna
1577 4446 1611 4506 et
1631 4439 1664 4504 vi
1684 4439 1775 4507 illius
1796 4464 1849 4508 re-

523 4547 686 4613 surrectio
702 4547 853 4635 gloriosa
864 4552 954 4612 v.>5*1
967 4545 1226 4635 qaimaaducat
1238 4569 1350 4613 meam
1361 4559 1539 4614 carnemct
1549 4545 1631 4611 bibit
1645 4568 1757 4613 merem
1771 4571 1848 4615 saa·

523 4652 687 4741 qccirtcm,
703 4653 741 4719 in
755 4675 809 4720 mc
823 4664 939 4720 manet
956 4664 1067 4742 clepo
1083 4654 1122 4721 in
1137 4650 1197 4719 illo
1213 4657 1364 4743 ὁτρώγων
1385 4654 1440 4720 hic
1455 4660 1533 4720 etv.
1550 4660 1591 4722 55
1612 4660 1661 4720 est
1681 4678 1743 4721 vox
1759 4678 1845 4745 quae

525 4757 650 4826 edendi
666 4755 1120 4850 (dentibuscomminuendi)
1137 4758 1313 4829 notionem
1325 4782 1402 4828 cum
1415 4762 1569 4851 emphasi
1585 4762 1719 4851 saepius
1733 4763 1845 4841 allart3
