4050 5648
240 672 245 679 ’
286 667 343 719 eos
362 650 532 737 coarguit.
549 621 820 727 Samaritanum,
837 645 862 713 i.
885 670 915 715 e.
933 646 1116 715 inimicum
1135 644 1253 736 populi
1267 643 1367 711 electi
1383 667 1463 715 eum
1483 652 1621 727 vocant,

202 744 227 831 ‘s'
282 775 366 821 nam
380 755 492 824 solum
508 753 585 822 talis
601 748 662 837 qui
679 745 833 820 moribus
851 759 885 820 et
897 752 1014 819 indole
1033 749 1079 816 ad
1093 751 1234 818 stultum
1249 748 1349 816 illum
1367 755 1536 841 populum
1552 754 1623 844 (Ec-

212 888 217 920 :
254 850 257 857 ’
283 858 341 951 cli.
356 861 477 950 5038)
494 857 685 949 pertineat,
707 856 751 925 de
764 857 895 949 populo
910 859 967 925 Dei
980 878 1021 922 ea
1033 854 1186 945 prolerre
1199 877 1293 948 posse
1308 858 1350 923 iis
1368 857 1515 940 videtur,
1531 881 1621 952 quae

231 950 240 1050 s
263 967 490 1044 'lesusdixit;
511 966 545 1027 et
565 960 708 1054 iusuper
731 964 830 1031 aiunt
843 983 925 1029 eum
946 983 967 1026 a
985 959 1153 1030 daemone
1166 963 1371 1052 inspiratum
1388 969 1483 1030 tanto
1506 967 1621 1035 invehi

196 1127 199 1135 .
219 1056 221 1062 ¹
247 1136 250 1145 ,
284 1073 419 1153 furore3
434 1071 476 1135 iis
488 1069 606 1157 itaque
618 1069 723 1160 ¹plane
736 1070 852 1136 furere
869 1071 902 1133 et
920 1067 1071 1135 insanire
1090 1069 1257 1137 daemone
1272 1069 1473 1157 impellente
1486 1073 1623 1140 videtur

196 1226 201 1255 ζ
228 1248 231 1265 2
285 1176 415 1270 (Otr.);
434 1174 478 1240 cf.
502 1180 595 1259 7‚20.
620 1174 793 1244 christiin
814 1171 1056 1262 respondendo
1078 1174 1183 1242 tantis
1201 1172 1365 1242 conviciis
1386 1180 1620 1246 mansuetudi-

196 1271 214 1367 ἶ
285 1303 364 1352 nem
379 1301 500 1349 omnes
514 1281 732 1372 praedicant3
755 1305 772 1340 «
797 1276 883 1367 quid
906 1301 991 1368 ergo
1006 1279 1173 1362 Christus,
1194 1286 1378 1369 ἡπραὸτης,
1400 1295 1420 1366 ἡ
1444 1291 1585 1351 ἐπιείκεια
1603 1315 1619 1346 »

234 1406 247 1454 .··
263 1388 423 1481 ·--(ctr.)r
437 1409 469 1454 v.
492 1394 535 1457 tt)
548 1383 825 1477 responditlesus
840 1405 853 1451 :
872 1407 935 1476 epo
952 1384 1173 1453 daemonium
1186 1408 1256 1453 non
1271 1385 1394 1471 babeo,
1412 1388 1473 1455 sed
1486 1387 1623 1455 tortori·

283 1494 350 1585 fico
365 1495 506 1562 Patrem
521 1509 653 1575 meum;
664 1490 814 1560 maxima
827 1483 989 1582 emphasi
998 1490 1082 1558 dicit
1093 1513 1196 1582 eqo...
1214 1491 1364 1582 seipsum
1376 1494 1420 1560 ab
1440 1495 1488 1561 eis
1504 1494 1623 1562 distin-

283 1622 395 1689 guens
418 1607 452 1668 et
473 1601 548 1667 eius
570 1596 716 1695 convicii
736 1618 773 1665 se
795 1599 986 1666 immunem
1009 1595 1201 1681 declarans,
1231 1598 1336 1688 idque
1353 1599 1483 1668 dictum
1507 1603 1623 1670 ineos

247 1715 259 1757 ·,
282 1706 397 1798 potius
406 1705 587 1797 quadrare
607 1694 761 1772 ostendit
773 1703 899 1793 (Cyn).
922 1702 1069 1794 Repellit
1086 1725 1162 1772 eam
1184 1703 1397 1773 calumniam
1414 1715 1551 1796 aperte,
1576 1732 1620 1777 ne

282 1814 407 1882 animis
427 1811 645 1878 infirmorum
668 1833 709 1878 ex
731 1810 935 1878 auctoritate
956 1808 1127 1878 nobilium
1149 1812 1328 1901 scrupulus
1349 1812 1545 1900 ingeratur;
1568 1839 1621 1883 re·

196 1912 208 1977 Τ
283 1918 380 2011 pellit
397 1940 439 1986 eo
458 1917 554 2007 quod
574 1922 679 1984 Deum
702 1917 867 1999 honorat,
890 1916 928 1983 id
950 1914 1044 2006 quod
1063 1915 1282 1985 daemonium
1306 1940 1486 2008 nunquam
1504 1943 1617 2011 neque

248 2082 251 2086 a
281 2024 365 2094 facit
389 2045 505 2114 neque
525 2022 658 2091 suadet.
685 2026 855 2101 Quaerere
876 2021 1006 2106 solent,
1035 2044 1097 2090 cur
1124 2023 1376 2091 Samaritauum
1399 2048 1435 2092 se
1455 2048 1526 2092 esse
1546 2050 1617 2094 non

200 2127 201 2131 ’
279 2131 453 2223 repudiet.
473 2129 577 2197 ‘Varia
592 2129 783 2197 afferuntur
798 2128 853 2220 (ex
871 2128 1013 2197 notione
1028 2127 1193 2212 custodis,
1209 2152 1250 2197 ex
1268 2131 1437 2220 parabola
1454 2131 1496 2198 de
1516 2135 1615 2201 mise·

230 2224 232 2229 ’
282 2237 419 2305 ricorde
430 2236 674 2322 Samaritano);
690 2231 804 2304 Yltom'.
820 2258 861 2304 ex
873 2237 949 2318 0r.,
963 2235 1045 2326 quia
1056 2235 1127 2303 iam
1138 2235 1334 2304 advenisset
1348 2243 1483 2329 tempus
1498 2262 1618 2308 omnes

199 2372 203 2385 *
284 2351 405 2432 gentes
424 2342 572 2411 vocandi
595 2342 640 2411 ad
664 2341 785 2431 fidem,
806 2341 884 2411 ideo
906 2347 1016 2411 lesum
1040 2364 1110 2409 non
1127 2365 1255 2431 negare
1274 2367 1309 2411 se
1330 2361 1404 2411 'esse
1431 2348 1617 2415 Samarita-

207 2441 208 2444 '
283 2471 386 2536 num,
404 2455 442 2518 ut
453 2449 749 2517 omnibusssomnia
763 2449 871 2518 fieret.
888 2448 1035 2518 Sed-duo
1050 2454 1185 2540 oportet
1198 2450 1341 2519 attendi.
1358 2457 1432 2519 Non
1449 2452 1618 2521 obiiciunt

283 2578 363 2624 eum
378 2578 450 2625 esse
462 2577 589 2644 genere
603 2555 847 2648 velnativitate
857 2556 1130 2637 Samaritanum;
1147 2555 1243 2638 dein,
1258 2564 1296 2625 ut
1309 2558 1396 2625 bene
1412 2566 1510 2626 notat
1526 2560 1614 2640 Tol„

235 2719 236 2722 ,
282 2684 363 2731 eum
377 2685 450 2742 esse
462 2662 625 2732 indoleat
636 2662 789 2730 moribus
802 2664 1074 2744 Samaritanum,
1087 2663 1277 2731 luculenter
1290 2666 1480 2732 refutatum
1496 2673 1547 2733 est
1560 2689 1615 2734 re·

198 2763 211 2814 's
283 2770 469 2861 sponsione
486 2769 621 2839 Christi.
634 2773 769 2837 Honore
782 2771 875 2837 euim
896 2792 965 2860 quo
983 2775 1091 2854 Deum
1102 2771 1322 2860 prosequitur
1339 2777 1373 2838 et
1391 2772 1616 2840 confirmatur

285 2874 1612 2966 eumnonhaberedaemoniumnequeessestudiisaomoribusSamaritanum.

324 2988 450 3050 Verum
473 2982 578 3050 simul
596 2981 750 3071 graviter
768 2988 885 3050 monet
896 2979 1008 3072 'quem
1024 2981 1146 3072 culpae
1161 2988 1293 3050 reatum
1308 2985 1487 3051 incurrant
1504 2998 1537 3051 et
1557 3009 1613 3052 vos

280 3088 514 3158 inhonorastis
527 3111 593 3171 me,
617 3112 650 3157 v.
672 3095 715 3157 50
734 3111 797 3180 eqo
816 3103 931 3157 autem
951 3111 1022 3156 non
1037 3111 1164 3179 quaero
1178 3089 1326 3180 qloriam
1345 3112 1472 3175 meom,·
1491 3093 1615 3183 estqui

281 3209 425 3289 quaerat
443 3210 476 3265 et
495 3195 649 3283 iudicet·
671 3195 715 3264 de
736 3195 865 3265 iniuria
890 3195 978 3264 mihi
1003 3195 1101 3263 illata
1124 3218 1190 3285 ego
1214 3197 1355 3286 quidem
1380 3220 1450 3264 non
1474 3200 1610 3289 capiam

281 3303 487 3385 vindictam,
516 3303 599 3394 quia
621 3324 691 3370 nou
717 3324 847 3392 quaero
860 3302 1019 3391 gloriam
1043 3323 1156 3371 meam
1184 3308 1360 3393 tamquam
1385 3304 1507 3386 homo,
1535 3308 1613 3373 veni

281 3410 411 3501 quippe
430 3409 644 3492 ministrare,
673 3409 827 3477 animam
855 3430 981 3477 meam
997 3430 1140 3500 ponere,
1168 3410 1396 3478 contumelias
1420 3418 1453 3478 et
1471 3412 1616 3480 iniurias

197 3504 200 3511 ’
282 3517 370 3608 pati,
386 3538 460 3584 non
481 3514 650 3606 repellere
665 3520 725 3584 aut
744 3514 939 3599 vindicare;
961 3516 1049 3584 haec
1070 3515 1154 3590 dicit
1173 3539 1217 3583 ne
1238 3516 1289 3582 illi
1308 3517 1538 3585 imbecillitati
1558 3521 1614 3586 vel

226 3650 232 3659 ·
280 3622 474 3690 infirmitati
490 3621 660 3706 tribuant,
679 3621 775 3712 quod
789 3627 903 3696 tantae
915 3621 1064 3689 iniuriae
1083 3622 1268 3690 vindictam
1287 3646 1358 3690 non
1375 3624 1479 3691 faciat
1494 3624 1608 3713 (Tot).

280 3735 323 3797 At
340 3728 485 3796 minime
507 3728 667 3819 impunes
684 3727 832 3804 abibunt
849 3752 857 3798 :
875 3740 941 3814 est,
963 3728 1106 3813 exsistit,
1128 3729 1223 3796 adest
1243 3729 1306 3819 qui
1330 3752 1442 3797 meam
1464 3732 1611 3817 gloriam

277 3847 439 3926 quaerat,
457 3835 520 3925 qui
538 3834 612 3902 scil.
628 3834 705 3902 vult
721 3840 761 3902 ut
781 3856 902 3902 omnes
915 3855 972 3903 me
989 3835 1178 3916 honorent,
1203 3836 1264 3925 qui
1278 3837 1382 3903 etiam
1408 3859 1463 3904 me
1483 3830 1612 3924 glorifi-

278 3941 371 4010 cabit
388 3962 508 4009 coram
522 3941 651 4009 cunctis
665 3939 829 4029 gentibus
843 3947 878 4009 et
890 3941 952 4032 qui
964 3941 1109 4025 iudicet,
1122 3942 1183 4032 qui
1194 3942 1266 4008 scil.
1284 3943 1429 4010 verbum
1442 3945 1525 4011 olim
1540 3946 1608 4011 iam

276 4049 408 4116 editum
424 4048 468 4117 de
482 4047 525 4114 iis
544 4048 604 4137 qui
618 4047 805 4138 prophetas
817 4069 840 4115 a
852 4052 919 4115 Deo
934 4047 1052 4114 missos
1073 4048 1264 4138 spreverint
1277 4050 1381 4116 etiam
1397 4074 1500 4140 opere
1519 4073 1609 4117 com-

279 4155 388 4248 plebit
413 4177 422 4224 :
446 4153 507 4245 qui
529 4145 646 4221 autem
663 4154 768 4222 verba
786 4143 860 4222 eiua
874 4176 961 4244 quae
986 4154 1146 4244 loquetur
1167 4155 1203 4222 in
1226 4158 1365 4224 nomine
1387 4180 1463 4224 meo
1488 4158 1608 4226 audire

277 4262 442 4348 noluerit,
459 4281 525 4348 ego
539 4260 629 4328 ultor
639 4261 795 4329 exsistam
810 4260 921 4351 (Dent.
939 4266 1057 4343 18,19;
1078 4261 1180 4350 Tol.);
1199 4271 1302 4353 atque
1322 4287 1362 4331 eo
1378 4264 1490 4350 magis
1508 4265 1609 4332 iudex

281 4375 313 4437 et
328 4371 417 4437 ultor
432 4368 568 4437 exsistet
586 4368 629 4435 de
649 4373 720 4436 tam
743 4367 917 4436 horrendo
937 4368 1124 4460 opprobrio
1145 4369 1226 4436 Filio
1252 4371 1412 4462 impacto.
1436 4375 1501 4438 Hoc
1521 4373 1609 4439 iudi-

281 4477 372 4543 cium
387 4498 456 4543 nou
473 4475 638 4543 asseritur
651 4480 770 4551 contra
782 4473 820 4541 id
834 4475 929 4566 quod
944 4482 1024 4559 532
1039 4474 1181 4559 dicitur;
1197 4499 1279 4543 nam
1298 4499 1391 4543 nuuc
1407 4478 1525 4564 agitur
1538 4501 1608 4545 non

281 4581 325 4648 de
336 4581 465 4650 iudicio
479 4570 664 4650 universali
679 4579 850 4663 omnium,
871 4580 933 4649 sed
946 4582 989 4650 de
1007 4582 1143 4672 privato
1159 4589 1192 4650 et
1207 4585 1303 4673 quasi
1320 4584 1522 4671 quotidiano
1537 4608 1605 4673 quo

280 4687 368 4755 solet
390 4692 489 4754 Pater
512 4688 742 4777 ignominiam
762 4693 796 4755 et
816 4687 960 4757 iniurias
982 4688 1066 4756 Filio
1091 4695 1125 4758 et
1147 4691 1272 4758 sanctis
1294 4691 1406 4758 illatas
1431 4691 1602 4757 vindicare

207 4791 210 4798 ’
282 4791 421 4884 (Mod.)
442 4797 477 4858 et
500 4817 578 4862 mox
599 4801 675 4887 post
698 4794 822 4864 Christi
842 4796 1076 4865 ascensionem
1099 4796 1251 4887 improbi
1273 4797 1387 4865 ludaei
1412 4801 1500 4865 benc
1515 4797 1551 4863 in
1569 4821 1602 4865 se

282 4899 472 4969 vindictam
487 4901 591 4968 variis
610 4902 719 4970 modis
737 4901 867 4992 experti
878 4909 956 4971 sunt
976 4902 1088 4994 (Tot).
