4050 5648
963 478 1047 560 mn.
1069 450 1189 570 ein.

417 651 523 720 altare
546 652 582 713 et
603 649 745 721 ludaeos
768 650 898 737 inipso
921 647 1052 740 templo
1078 645 1321 737 lapidationem
1346 653 1519 719 exsecutos
1543 668 1632 729 esse,
1656 652 1734 719 vide
1824 720 1826 724 Α

413 757 504 849 apud
519 755 699 846 Iosephum
723 753 853 848 (antiq.
872 760 1002 840 17‚9,3;
1023 752 1153 844 Selia).

721 979 749 1044 ρ)
770 980 866 1033 Iesus
886 984 988 1035 sanat
1006 993 1144 1034 eaeoum
1163 983 1281 1033 natum
1299 981 1428 1044 itm-12.
1542 961 1548 989 ¹

448 1158 504 1222 9‚i.
521 1161 555 1214 Et
574 1161 747 1229 praeteriens
770 1158 851 1212 lesus
873 1160 943 1211 vidit
963 1158 1064 1209 homi-·
1135 1159 1191 1219 9,t.
1213 1153 1260 1206 Καὶ
1277 1155 1395 1226 παράγων
1414 1152 1481 1208 εἶδεν
1500 1154 1626 1226 ἄνθρωπον
1645 1157 1737 1229 neptia

345 1248 347 1253 ⁸
412 1261 476 1299 nem
495 1263 609 1303 eaeoum
632 1263 649 1300 a
670 1249 826 1301 nativitate.
843 1249 871 1300 θ.
886 1249 922 1300 nt
935 1248 1056 1298 interro·
1098 1243 1125 1297 ἐκ
1162 1247 1275 1314 γενετῆς.
1307 1248 1332 1298 2.
1363 1243 1406 1297 καὶ
1437 1242 1569 1315 ἠρώτησαν
1606 1243 1680 1298 αὐτὸν
1713 1246 1738 1298 ol

412 1345 550 1401 gaverunt
577 1341 641 1390 eum
668 1337 800 1402 discipuli
830 1339 891 1390 olus
915 1350 923 1386 ε
949 1335 1054 1398 nabet,
1098 1332 1211 1404 μαθηταὶ
1228 1331 1318 1398 atrei,
1333 1332 1460 1405 λέγοντες,
1478 1329 1588 1398 ‘Peribit
1605 1334 1640 1396 τίς
1659 1333 1739 1406 ἦμαρ-

413 1426 627 1494 erinpeeoavit,
643 1426 703 1489 hic,
720 1432 769 1478 aut
787 1430 920 1491 parentes
934 1425 1009 1486 elus,
1024 1429 1057 1476 ut
1097 1440 1149 1486 τεν,
1175 1416 1248 1484 οὗτος
1269 1422 1285 1488 ἢ
1310 1422 1333 1475 ol
1359 1427 1444 1493 γονεῖς
1467 1422 1557 1488 ottob,
1581 1423 1626 1476 ἵνα
1649 1423 1739 1493 τνρλδς

413 1528 515 1569 caecus
528 1515 709 1567 nasceretur?
725 1516 750 1566 θ.
775 1515 931 1579 Respondit
952 1514 1054 1564 lesus:
1097 1511 1224 1582 γεννηθῇς
1246 1514 1272 1565 3.
1293 1509 1410 1582 demptis
1440 1509 1550 1580 Ἰησοῦς,
1579 1511 1642 1566 Οὔτε
1668 1509 1739 1574 οὗτος

415 1605 515 1670 Neque
543 1605 590 1655 hle
623 1605 765 1668 peccavit,
794 1615 887 1667 neque
924 1606 1057 1667 parentes
1097 1597 1209 1670 ἦραρτεν
1239 1598 1296 1653 οὗτε
1322 1599 1347 1653 oi
1374 1602 1458 1664 γονεῖς
1486 1599 1572 1654 αὗτοῦ·
1607 1599 1671 1654 ἀλλ’
1694 1601 1739 1654 ἵνα

413 1695 488 1756 eius;
515 1692 566 1745 sed
592 1695 625 1742 ut
655 1691 870 1744 maniiestentur
897 1703 983 1755 opera
1004 1690 1056 1742 Dei
1096 1689 1226 1760 φανερωθῇ
1251 1687 1282 1741 τὰ
1308 1687 1370 1760 ἶργα
1397 1693 1441 1742 τοῦ
1464 1687 1528 1743 θεοῦ
1555 1687 1581 1743 lv
1606 1690 1682 1762 αὐτῷ.
1712 1693 1736 1744 t.
1843 1682 1851 1698 ⁸
1920 1638 1953 1705 *l

413 1785 443 1833 in
470 1782 528 1832 illo.
558 1777 585 1832 i.
611 1781 656 1833 Me
690 1783 803 1846 oportet
829 1779 941 1844 operari
969 1792 1057 1844 opera
1097 1775 1164 1848 ἡμᾶς
1182 1778 1226 1830 θεῖ
1240 1775 1386 1849 ἰργάζεοθαε
1407 1776 1439 1832 τὰ
1457 1777 1520 1850 θργα
1537 1783 1581 1832 τοῦ
1599 1779 1738 1851 πέμψαντός

412 1873 473 1923 eiua
494 1870 543 1934 qui
563 1872 639 1922 misit
662 1883 722 1932 me,
740 1869 832 1921 donee
852 1867 913 1920 dies
929 1869 986 1930 est;
1005 1881 1055 1920 ve·
1098 1884 1130 1936 με
1154 1866 1201 1928 ἕως
1222 1864 1303 1938 ἡμέρα
1327 1865 1403 1920 terli·
1427 1865 1529 1942 θρχεταν
1552 1867 1608 1933 sbi,
1629 1869 1672 1922 θτε
1695 1869 1738 1922 οὗ·
1760 1922 1762 1926 .

412 1961 453 2010 nit
477 1971 547 2021 nox,
568 1959 681 2024 quando
704 1970 789 2010 nemo
813 1961 908 2021 potest
932 1957 1054 2020 operari.
1097 1954 1147 2017 bei<
1173 1954 1275 2009 θύναται
1307 1954 1463 2027 θργάζετθεν.
1497 1961 1524 2010 5.
1553 1957 1613 2010 θταν
1646 1957 1672 2012 ὲν
1704 1964 1740 2030 τῷ

412 2049 438 2099 5.
463 2046 604 2107 Quamdiu
623 2059 686 2098 sum
712 2049 742 2096 in
769 2046 889 2108 mundo,
918 2045 969 2096 lux
992 2057 1055 2096 sum
1097 2044 1187 2116 τθομνρ
1203 2039 1240 2109 ὦ,
1260 2050 1309 2116 ρῶς
1327 2043 1379 2117 εἰμὶ
1395 2048 1440 2100 τοῦ
1458 2045 1564 2118 stepen

414 2135 521 2186 muudi.
1006 2191 1008 2195 ,
1134 2137 1161 2189 6.
1200 2137 1279 2187 ταῦτα
1310 2132 1399 2204 εἰπὼν,
1431 2133 1531 2190 istem
1567 2136 1663 2210 χαμαὶ,
1696 2136 1742 2190 καὶ

447 2224 474 2275 6.
488 2224 566 2275 Haeo
579 2237 666 2288 quum
678 2224 810 2286 dixisset,
825 2224 937 2288 exspuit
952 2222 982 2272 ln
996 2224 1055 2273 ter-
1097 2219 1213 2290 ἔποθηοεν
1231 2222 1312 2291 septbr
1324 2221 1351 2276 tx
1369 2226 1414 2277 τοῦ
1427 2223 1579 2294 πτθτρατος,
1594 2227 1636 2278 καὶ
1650 2224 1739 2294 ἐτέθη-

413 2325 487 2375 ram,
503 2315 532 2363 et
545 2312 611 2364 leolt
629 2313 720 2363 lutum
742 2324 777 2364 ex
800 2316 893 2376 sputo,
912 2316 941 2363 et
963 2311 1055 2361 linivit
1097 2331 1139 2365 κεν
1163 2309 1240 2365 atreo
1264 2311 1307 2366 t'ov
1331 2311 1411 2380 πηλὸν
1435 2311 1476 2368 ἐπὶ
1493 2313 1550 2376 τοὶνς
1567 2313 1720 2386 ὀφθαλμούς.
1828 2306 1839 2320 ”

413 2403 502 2452 lutum
516 2414 601 2465 super
615 2402 713 2452 oeulos
725 2402 796 2452 eius.
1134 2405 1160 2455 7.
1182 2400 1225 2453 καὶ
1243 2398 1313 2455 εἶπεν
1336 2400 1403 2474 abab
1420 2399 1534 2474 Ὕπαγε,
1557 2403 1623 2475 νίψαι
1643 2402 1677 2467 εἰς
1694 2402 1739 2471 τήν

447 2490 473 2542 7.
489 2490 525 2541 ut
538 2490 609 2540 dixit
622 2491 649 2541 el
665 2503 672 2539 ε
687 2489 776 2548 Vade,
791 2490 897 2540 levain
913 2490 1055 2541 natatoria
1096 2489 1274 2562 τολορεθνὶθραν
1304 2497 1349 2544 τοῦ
1376 2489 1482 2564 Σιλωὰμ
1513 2493 1544 2562 (θ
1562 2491 1738 2564 ίρμηνεῦεταε,
1830 2544 1835 2554 ,
1937 2454 1970 2512 ’.ξ’

415 2579 492 2631 Siloa
511 2577 596 2644 (quod
615 2581 815 2642 iuterpretatur
834 2577 962 2641 Missua).
979 2577 1056 2629 Abiit
1100 2576 1325 2650 Ἀπεσταλμένος).
1355 2578 1466 2646 ἀπῆλθεν
1490 2574 1534 2635 οὖν
1557 2581 1611 2642 καὶ,
1623 2581 1739 2654 ἐνίψατο,

412 2681 494 2733 ergo,
509 2669 537 2718 et
550 2668 633 2729 lavit,
650 2672 679 2718 et
692 2668 771 2718 venit
784 2667 893 2718 videns.
1096 2662 1139 2716 καὶ
1157 2661 1234 2720 ἦλθεν
1252 2662 1360 2727 βλέπων.

447 2756 472 2808 8.
490 2756 588 2822 ltaque
606 2756 707 2817 vieini,
723 2761 752 2807 et
773 2757 822 2820 qut
841 2755 970 2807 viderant
989 2767 1054 2807 eum
1134 2750 1159 2801 8.
1181 2745 1212 2799 Oi
1236 2740 1280 2801 οὖν
1308 2748 1431 2819 γείτονες,
1460 2749 1503 2802 καὶ
1533 2749 1558 2803 ol
1590 2751 1740 2822 θεωροῦντες

412 2848 490 2911 prius
518 2847 584 2909 quia
616 2844 762 2896 mendious
790 2849 864 2906 erat,
893 2843 1052 2895 dicebant:
1096 2834 1173 2889 αὕτὀν
1192 2835 1222 2889 τθ
1240 2837 1359 2907 πρότερον
1378 2838 1417 2890 θτι
1430 2837 1566 2908 προσαίτης
1578 2835 1620 2907 ἦν,
1636 2839 1737 2911 θλιγον,

376 2945 379 2952 ·
411 2935 512 2986 Nonne
528 2935 575 2986 hio
588 2939 644 2996 est,
663 2935 712 2998 qui
726 2932 845 2986 sedebat
859 2937 888 2984 et
910 2932 1055 2984 mendiea-
1096 2924 1154 2995 Οὐχ
1176 2920 1249 2987 οὗτός
1276 2924 1341 2978 imi
1365 2924 1381 2979 ὅ
1407 2925 1548 2999 καθήμενος
1568 2928 1612 2982 καὶ
1638 2949 1740 3001 προοαι-

410 3023 475 3075 bati
490 3023 545 3074 Alii
561 3022 714 3074 dicebant:
735 3021 808 3082 Quia
821 3023 870 3084 bio
885 3023 937 3073 est.
955 3021 981 3073 9.
998 3021 1055 3073 Alii
1096 3019 1160 3078 ττῗνν;
1195 3018 1222 3069 9.
1252 3013 1327 3067 ἄλλον
1353 3013 1460 3086 ἔλεγον,
1489 3017 1529 3070 ὅτε
1562 3010 1634 3080 οὗτος
1663 3018 1739 3074 ἔστιν·

411 3114 526 3164 autem:
547 3111 746 3176 Nequaquam,
763 3111 814 3162 sed
835 3111 937 3162 similis
955 3115 999 3162 est
1017 3111 1053 3162 ei.
1096 3102 1173 3156 ἄλλοι
1191 3102 1292 3174 ῐλεγον,
1311 3102 1385 3178 nixi,
1406 3102 1475 3158 ἀλλὰ
1499 3105 1585 3178 θμοεος
1610 3107 1679 3180 αὐτῷ
1697 3107 1739 3160 ie·

411 3202 462 3252 lile
474 3213 542 3252 vero
556 3201 684 3251 dioebat:
702 3199 776 3260 Quia
789 3212 844 3264 ego
858 3186 932 3250 suni.
950 3198 1056 3250 ¹0.1)i-
1096 3192 1144 3246 riv.
1161 3191 1255 3254 ἰκτῖνος
1273 3191 1371 3265 ἔλεγεν,
1386 3194 1426 3246 θεν
1444 3191 1496 3266 ἐγώ
1514 3193 1575 3267 εἰμι.
1595 3199 1635 3251 io.
1651 3196 1740 3269 ῐλεγον

410 3290 511 3342 cebant
533 3302 600 3353 ergo
624 3290 651 3340 el
671 3302 677 3337 :
704 3287 853 3348 Quomodo
877 3290 966 3352 aperti
989 3292 1057 3338 sunt
1097 3276 1141 3335 oin
1160 3279 1239 3352 αὐτῷ,
1256 3281 1314 3344 Πῶς
1332 3281 1494 3357 ἀνεῴχθηαάν
1506 3302 1551 3337 οον
1564 3284 1738 3357 οθθρθαλμοθ;

412 3379 461 3430 tibi
486 3377 577 3430 oeulii
604 3379 646 3429 il.
672 3377 827 3443 Respondit
850 3390 857 3425 τ
884 3377 935 3427 ilie
953 3377 1053 3437 bomo,
1101 3375 1142 3425 ii.
1164 3369 1285 3440 ἀπετρθθνρ
1309 3369 1403 3433 ἰκτῖνος
1430 3369 1460 3425 ‘0
1483 3371 1611 3444 {viperee
1629 3373 1643 3427 θ
1662 3375 1739 3447 λεγθ·

411 3470 460 3535 qui
479 3468 581 3519 dieitur
601 3467 694 3528 iesus,
716 3467 804 3517 lutum
828 3465 908 3526 ieeit,
932 3468 959 3516 et
975 3467 1056 3516 unxit
1098 3477 1172 3530 μενος
1189 3458 1286 3525 Ἰησοῦς
1307 3459 1388 3528 emite
1410 3459 1526 3528 ἐποίησεν
1549 3462 1592 3516 καὶ
1613 3463 1739 3536 ἕπε’χριοθν

411 3558 508 3609 oeulos
531 3569 623 3617 meos,
649 3560 678 3606 et
695 3555 766 3606 dixit
791 3555 861 3605 mihi
886 3568 893 3603 :
918 3554 997 3605 Vade
1020 3553 1056 3605 ad
1099 3567 1147 3620 μον
1168 3549 1224 3610 τοὺς
1246 3547 1403 3621 ὀφθαλμοὺς,
1419 3550 1462 3603 καὶ
1485 3549 1554 3606 εἶπεν
1569 3572 1625 3624 μοι,
1641 3552 1739 3626 Ὕπαγε

411 3648 550 3697 natatoria
565 3644 696 3709 Siloe‚et
713 3645 788 3695 lava.
805 3644 840 3695 Et
855 3644 926 3705 abit,
942 3648 970 3694 et
983 3643 1054 3703 lavi,
1098 3636 1132 3699 εἰς
1161 3637 1204 3690 τθν
1233 3635 1347 3710 Σιλωὰμ,
1375 3638 1418 3691 καὶ
1445 3640 1521 3712 νίψαι·
1546 3640 1662 3697 ἀπελθὼν
1695 3639 1739 3697 οὖν

411 3737 439 3786 et
465 3735 557 3785 video.
585 3733 627 3784 ii.
652 3733 687 3784 Et
712 3733 842 3785 dixerunt
863 3734 890 3784 el
911 3746 917 3781 :
939 3731 995 3784 Ubi
1013 3736 1057 3783 est
1098 3726 1141 3780 καὶ
1155 3725 1286 3798 νιψάμενος
1299 3725 1430 3800 ivstitia.
1450 3732 1492 3785 ia.
1508 3730 1550 3782 sat
1568 3727 1642 3786 εἶπαν
1656 3731 1738 3805 αὖτῷ,

410 3823 475 3874 ilie?
495 3825 564 3874 Ait:
581 3822 695 3873 Nesoio.
1099 3815 1152 3868 Ποῦ
1175 3813 1240 3869 ἐστὶν
1259 3813 1366 3881 latitem
1385 3815 1470 3888 λέγει,
1493 3816 1545 3872 Οὔκ
1563 3815 1633 3876 οἴδα.

446 3993 480 4043 in
495 4005 521 4040 v.
542 3991 551 4040 i
569 3992 613 4042 sin
635 3989 707 4040 vidit
729 4001 843 4041 oaeeum
862 3991 911 4053 qui
932 4000 1033 4039 eaecus
1051 3992 1112 4039 erat
1134 3999 1169 4038 ex
1191 3986 1276 4038 vulva
1298 3989 1396 4039 matris
1413 4002 1492 4041 suae.
1509 3990 1540 4040 in
1560 4005 1587 4042 v.
1606 3992 1622 4042 θ
1635 3995 1680 4044 sin
1694 4007 1740 4046 om

410 4081 498 4132 rabbi.
515 4081 548 4130 in
562 4093 588 4128 v.
602 4079 616 4129 θ
632 4081 664 4130 ut
672 4078 864 4130 manileetetur
874 4090 945 4142 opus
957 4089 1003 4128 am
1017 4078 1073 4128 ben
1086 4076 1145 4127 dun
1157 4075 1218 4127 iuld
1231 4076 1289 4127 bub
1306 4076 1371 4129 med
1378 4082 1406 4128 st
1423 4078 1491 4130 lind.
1504 4079 1537 4130 In
1554 4094 1581 4132 v.
1599 4082 1689 4149 θηρας
1702 4081 1741 4135 θεν

411 4169 443 4227 ες·
454 4171 475 4221 Β
485 4170 508 4220 Ι)
519 4170 541 4220 L
551 4168 606 4232 cyr
621 4168 704 4219 Nonn
716 4181 763 4232 syr
773 4165 827 4237 (br)
839 4166 872 4217 Ti
884 4167 922 4217 W
933 4166 968 4216 ii.
982 4167 1015 4216 in
1029 4179 1056 4216 ν.
1069 4166 1085 4216 6
1097 4166 1119 4216 Β
1134 4160 1263 4228 emtam.
1278 4165 1310 4214 In
1320 4178 1347 4216 ν.
1359 4165 1374 4216 7
1388 4167 1434 4217 sin
1445 4167 1510 4219 lava
1518 4168 1619 4223 ineiem
1630 4177 1739 4226 tuom...

411 4264 440 4310 et
453 4272 516 4310 eum
527 4259 644 4309 lavisset
657 4256 757 4307 taciem
771 4269 852 4307 suem
863 4256 954 4320 aperti
967 4259 1033 4306 sunt
1047 4254 1122 4305 oouii
1134 4255 1206 4305 elus.
1222 4252 1255 4302 ln
1267 4267 1294 4304 v.
1311 4253 1326 4303 8
1339 4247 1439 4306 eoeous
1448 4258 1477 4308 et
1485 4239 1629 4312 mendicus
1638 4274 1656 4311 a
1665 4275 1680 4311 e
1690 4275 1705 4312 e
1715 4263 1737 4322 l;

410 4343 499 4408 τνρλος
516 4364 557 4397 τιατ
570 4363 602 4414 πρ
618 4341 682 4398 0³1·
691 4342 739 4394 dn
752 4358 807 4396 uno
821 4346 837 4396 7
849 4345 876 4395 al
889 4345 960 4410 pler.
978 4344 1010 4393 ln
1025 4356 1051 4393 ν.
1069 4341 1097 4392 it
1120 4357 1153 4400 εις
1168 4357 1211 4392 τον
1226 4337 1331 4410 Σελωαμ
1344 4351 1365 4396 a
1376 4344 1397 4394 Β
1409 4344 1432 4394 D
1442 4334 1465 4397 L
1475 4345 1500 4396 Χ
1516 4348 1538 4396 it
1552 4349 1602 4397 sah
1619 4362 1666 4412 syr
1684 4348 1740 4417 (br)

323 4490 327 4497 ,
410 4453 469 4490 arm
484 4438 579 4514 eryr
592 4437 625 4486 Ti
637 4436 675 4486 W
684 4435 718 4485 H.

457 4615 473 4649 «
492 4592 673 4677 Postquam
686 4582 848 4651 Dominus
861 4582 1037 4650 doetrinae
1058 4602 1140 4648 suae
1163 4579 1428 4649 illuminativam
1446 4580 1607 4654 virtutem
1627 4594 1739 4656 osten-

413 4694 463 4760 dit
478 4693 598 4770 verbo,
615 4692 673 4760 hie
691 4697 940 4779 consequenter
955 4688 1140 4757 confirmat
1157 4708 1234 4756 eam
1253 4687 1342 4755 iacto
1357 4710 1495 4757 oaeeum
1514 4695 1738 4782 corporaliter

414 4799 641 4867 illuminando
668 4828 685 4861 ν
711 4795 868 4886 (loom).
898 4801 934 4864 ln
963 4817 1034 4886 qua
1058 4793 1256 4863 narratione
1283 4795 1405 4863 merito
1436 4795 1596 4866 laudatur
1624 4803 1739 4871 nativa

413 4908 515 4998 plene
530 4904 728 4996 simplicitas
740 4927 779 4973 ao
794 4901 1010 4996 pelluciditas
1026 4899 1167 4994 (aare),
1184 4905 1224 4968 ln
1242 4922 1283 4969 ea
1296 4924 1401 4994 quam
1416 4905 1562 4973 maxime
1580 4906 1738 5000 depingi-

869 5030 1050 5069 [mmmm
1067 5030 1094 5070 iit
1110 5028 1179 5068 lotii.
1196 5043 1227 5052 ·-
1244 5021 1283 5068 ²0.
