4050 5648
753 463 836 508 ron.
859 444 1021 518 eoas-ao.
1490 434 1582 504 aas?
1621 422 1671 535 t,

223 598 378 684 pervenit
395 595 616 683 imperfectus
633 605 723 675 crat;
746 615 815 659 non
837 593 928 660 enim
946 595 1047 662 tidem
1070 595 1219 664 aliorum
1242 594 1434 663 testimonio
1453 594 1550 664 adhi-

223 703 311 784 buit,
332 699 391 767 sed
414 699 486 790 ipsc
509 703 617 769 voluit
641 700 804 789 experiri,
823 701 872 767 ita
896 703 987 767 utin
1013 722 1090 767 eum
1112 702 1229 792 aliquo
1251 702 1351 769 modo
1372 702 1470 768 eadat
1491 703 1551 771 illa

223 806 344 874 Christi
359 808 598 897 exprobratio:
617 807 681 872 nisi
695 807 795 893 signa
810 813 843 873 et
858 807 1017 896 prodigia
1034 806 1187 873 videritis
1199 831 1267 874 non
1283 807 1419 876 creditis
1433 807 1548 898 (Tot).

224 918 378 981 Ceterum
404 913 498 981 aliud
525 912 624 987 vidit,
650 912 744 979 alind
770 912 934 985 credidit:
962 914 1047 979 vidit
1071 913 1245 979 bominem
1271 924 1304 980 et
1323 913 1498 981 cicatrices
1519 920 1552 981 et

223 1017 370 1086 credidit
383 1021 596 1086 divinitatem
618 1022 828 1106 resurgentis
848 1020 1016 1108 (Thonag
1037 1019 1177 1087 videbat
1197 1019 1372 1104 hominem
1393 1030 1425 1087 et
1445 1020 1553 1089 eonfi-

223 1125 478 1194 tebaturlteum
500 1125 604 1214 (naq.
630 1126 698 1193 Tol.
723 1128 820 1213 cte).
844 1128 1003 1203 Quamvis
1026 1128 1142 1215 itaque
1162 1127 1376 1215 praeclaram
1394 1127 1554 1194 edidisset

224 1232 486 1312 contessionem,
504 1240 618 1299 tamen
633 1255 718 1311 non,
737 1232 828 1299 sieut
843 1232 924 1298 olim
947 1238 1079 1311 Petrus,
1102 1231 1281 1308 laudatur:
1300 1231 1357 1298 sed
1378 1254 1555 1323 eompara-

223 1340 316 1405 tione
330 1337 402 1404 eius
420 1337 472 1404 illi
491 1339 677 1405 laudantur
696 1345 730 1404 et
750 1339 1037 1405 commendantur
1059 1338 1120 1429 qui
1141 1339 1213 1404 sine
1234 1339 1294 1404 tali
1311 1360 1427 1405 sensus
1448 1361 1553 1430 expe-

225 1445 348 1511 rientia
363 1443 510 1511 eredunt
529 1444 575 1511 ad
588 1466 747 1531 magnam
766 1450 978 1534 posterorum
998 1451 1032 1510 et
1045 1451 1199 1510 nostrum
1214 1445 1369 1511 omnium
1385 1445 1554 1514 contorta·

224 1551 352 1617 tionem
372 1558 406 1617 et
423 1552 687 1617 consolationem
709 1552 817 1640 (lonc.
850 1552 950 1636 rot).
974 1556 1063 1617 Bene
1086 1557 1202 1618 autem
1221 1560 1317 1618 notat
1341 1551 1485 1642 Theoph.
1508 1574 1550 1620 ea

225 1679 306 1723 voce
317 1657 480 1725 Thomam
494 1680 561 1724 non
578 1658 707 1746 privari
722 1669 917 1745 μακαρισμῷ;
930 1665 966 1725 at
982 1658 1150 1724 beatiores
1164 1657 1232 1725 dici
1245 1659 1321 1724 illos
1335 1659 1396 1747 qui
1412 1658 1554 1727 credant·

225 1764 380 1854 quamvis
399 1786 467 1831 non
494 1763 643 1830 viderint
664 1764 752 1852 [sim.
778 1765 900 1852 lana).
925 1770 994 1830 [tuo
1017 1765 1198 1854 prolitetur
1221 1765 1382 1847 Thomas,
1403 1787 1552 1856 quorum

224 1870 370 1937 alterum
388 1892 427 1936 ex
446 1876 629 1960 conspeetu
643 1870 827 1947 intellexit,
846 1872 992 1936 alterum
1010 1893 1049 1935 ex
1069 1872 1143 1936 eius
1162 1872 1414 1960 omnipotentia
1428 1879 1462 1938 et
1477 1893 1552 1938 om-

225 1976 425 2056 niscientia3
447 1999 486 2043 ex
502 1985 641 2066 aspectu
657 1978 801 2064 agnovit
819 1978 917 2043 illum
933 1979 990 2066 qni
1012 1999 1173 2066 praesens
1188 1986 1260 2044 erat
1280 2000 1350 2044 esse
1370 1979 1550 2045 Dominum

224 2082 325 2150 illum
345 2106 445 2150 suum
464 2106 565 2174 quem
582 2092 682 2150 antea
705 2091 840 2151 secutus
857 2085 983 2158 luerat3
1003 2106 1042 2150 ex
1065 2083 1219 2174 potentia
1242 2085 1277 2149 in
1293 2085 1504 2171 resurgendo
1519 2094 1553 2152 et

226 2190 262 2256 in
278 2190 435 2277 ingressu
448 2190 559 2257 ianuis
573 2189 695 2257 clausis
709 2190 884 2257 declarata
899 2197 932 2256 et
950 2213 990 2256 ex
1004 2191 1199 2276 cognitione
1217 2190 1427 2257 occultorum
1446 2213 1553 2278 agno-

228 2299 276 2362 vit
295 2297 473 2364 [lentinum
486 2299 583 2364 illum
599 2320 699 2365 suum
716 2320 786 2364 esse
801 2297 904 2362 ctiam
924 2302 1027 2362 Deum
1043 2318 1142 2362 suum
1160 2298 1292 2385 (Inna).
1311 2295 1456 2363 adnotat
1480 2296 1550 2364 Tol.

227 2403 263 2469 in
290 2405 418 2470 Thema
445 2404 726 2471 resurrectionem
752 2404 892 2470 credere
922 2425 990 2469 non
1019 2426 1059 2469 ex
1081 2403 1165 2484 fide,
1192 2403 1252 2470 sed
1274 2426 1313 2469 ex
1343 2403 1552 2493 experientia

227 2510 443 2599 processisse,
458 2510 480 2575 i.
499 2533 527 2577 e.
546 2533 624 2576 eum
640 2513 817 2577 assensisse
840 2510 1097 2592 resurrectioni,
1119 2509 1178 2576 sed
1202 2509 1274 2575 eius
1293 2531 1465 2576 assensum
1481 2532 1551 2578 non

228 2615 328 2683 fuisse
341 2640 379 2683 ex
394 2617 476 2699 fide3
499 2616 557 2683 sed
573 2619 820 2684 consessionem
839 2617 1026 2683 divinitatis
1041 2616 1143 2682 tuisse
1159 2637 1275 2682 veram
1293 2615 1407 2683 fidem.

271 2724 448 2790 Hoeellato
461 2725 583 2791 Christi
596 2725 638 2789 de
651 2724 862 2790 beatitudine
875 2723 1088 2789 credentium
1103 2723 1179 2789 finis
1190 2723 1371 2808 evangelio
1387 2723 1441 2804 fit,
1456 2723 1550 2814 quod

227 2830 363 2897 ellatnm
378 2836 449 2896 tum
471 2831 606 2896 loannis
620 2830 761 2896 consilio
777 2851 816 2895 ac
832 2830 1006 2918 proposito
1020 2837 1092 2895 tum
1113 2829 1287 2896 clausulae
1306 2828 1350 2894 ab
1366 2829 1439 2919 ipso
1455 2852 1552 2897 usur·

228 2935 303 3026 pari
330 2936 448 3002 solitae
475 2937 632 3025 apprime
661 2937 844 3025 respondet
870 2935 1010 3023 (Pota).
1042 2941 1111 3001 lam
1140 2936 1219 3001 libri
1248 2935 1425 3025 epilogum
1456 2938 1552 3026 ponit

226 3041 369 3130 (Thena)
397 3066 430 3111 v.
454 3051 495 3111 30
519 3043 629 3111 mulla
653 3042 793 3133 quidem
816 3055 847 3108 et
872 3042 943 3107 alia
965 3043 1067 3130 siqua
1087 3042 1171 3128 [ecit
1199 3045 1291 3108 Iesus
1313 3042 1349 3107 in
1373 3057 1554 3133 cortspcctu

228 3148 473 3241 discipulorum
496 3174 648 3235 suorum,
677 3174 766 3239 qrcnc
790 3173 858 3215 non
887 3164 967 3215 sunt
991 3149 1120 3239 scripta
1147 3149 1184 3214 in
1213 3151 1297 3216 libro
1319 3148 1399 3231 lroe;
1424 3150 1553 3219 sciebat

228 3258 318 3322 enim
342 3261 481 3325 loannes
495 3280 529 3324 se
546 3281 656 3347 pauca
671 3261 771 3345 signa
789 3280 809 3323 a
830 3263 902 3323 lesu
923 3258 1012 3322 lacta
1028 3257 1197 3325 retulisse:
1216 3255 1346 3322 sciebat
1363 3257 1470 3324 multa
1485 3258 1553 3326 alia

228 3363 272 3430 ab
289 3363 367 3430 aliis
380 3365 597 3451 evangelistis
618 3365 742 3443 relata,
763 3371 797 3429 et
819 3371 1004 3453 propterea
1021 3384 1062 3429 ne
1078 3362 1248 3452 quispiam
1264 3363 1419 3430 erederet
1438 3365 1552 3454 ipsum

228 3470 343 3537 omnia
357 3480 415 3537 aut
438 3472 602 3561 pleraque
628 3471 846 3559 complexum
871 3492 958 3550 esse,
980 3469 1032 3535 vel
1055 3469 1222 3535 minorem
1248 3468 1351 3535 fidem
1369 3469 1551 3539 adhiberet

229 3576 305 3644 aliis
327 3577 559 3666 evangelistis,
579 3577 756 3646 subiunxit
780 3578 865 3643 baec
891 3577 1013 3666 (Coa).
1038 3581 1081 3642 De
1101 3575 1228 3664 quibus
1243 3585 1357 3643 autem
1374 3579 1482 3664 signis
1499 3577 1550 3646 lo-

230 3685 366 3773 quitur?
387 3684 609 3773 respondetur
631 3685 674 3750 ab
690 3683 866 3774 aliquibus
883 3683 926 3748 de
946 3683 1026 3748 solis
1047 3683 1153 3769 signis
1171 3689 1247 3772 post
1268 3683 1552 3752 resurrectionem

230 3791 329 3856 laetis
344 3789 438 3879 (cnr.
454 3794 540 3880 llup.
560 3789 628 3856 Tol.
648 3790 721 3856 Μαί
733 3789 790 3875 Ι.);
810 3811 890 3855 nam
907 3788 950 3854 de
967 3789 1058 3855 bisce
1078 3810 1147 3855 esse
1162 3810 1353 3855 sermonem
1368 3791 1402 3856 in
1416 3798 1552 3858 autece-

231 3896 405 3975 dentibus,
425 3897 554 3963 ethaeo
569 3896 642 3962 sola
658 3899 744 3962 laeta
767 3919 837 3962 esse
854 3897 891 3961 in
910 3905 1094 3984 conspeetu
1109 3894 1374 3984 discipulorum;
1392 3896 1462 3964 alia
1475 3903 1554 3965 ante

231 4003 512 4070 resurrectionem
528 4005 562 4068 in
579 4010 759 4092 conspectu
779 4002 960 4069 turbarum
975 4025 1125 4091 quoque,
1143 4008 1183 4067 nt
1199 4002 1301 4068 rerba
1321 4004 1404 4068 bace
1424 4003 1465 4070 de
1481 4026 1555 4070 om·

230 4109 333 4176 nibus
351 4110 456 4196 signis
471 4110 506 4176 in
521 4110 589 4176 vita
610 4109 746 4175 mortali
767 4117 800 4174 et
820 4116 897 4197 post
918 4110 1200 4174 resurrectionem
1218 4110 1314 4174 lactis
1329 4109 1554 4196 intelligenda

231 4223 311 4282 sunt
335 4217 425 4303 (cai.
448 4220 537 4283 lans
567 4219 645 4283 Bor.
676 4215 767 4283 Cor-l,
792 4214 895 4303 δείρῃ.
925 4212 1025 4279 Sclcz.
1056 4212 1123 4279 Fil.
1144 4214 1233 4292 Keil,
1264 4216 1466 4302 Weiss.);id
1486 4217 1554 4285 iam

232 4321 403 4389 indicatur
418 4323 453 4388 in
475 4323 561 4389 libro
584 4322 668 4405 leoc,·
692 4351 707 4381 α
731 4344 796 4388 aon
818 4323 909 4386 enim
929 4320 1056 4409 scripta
1080 4319 1208 4386 suntin
1230 4319 1317 4387 libro
1339 4323 1402 4390 boc
1421 4324 1553 4403 omnia,

232 4429 292 4497 sed
305 4452 345 4496 ea
359 4429 429 4496 sola
444 4439 522 4496 sunt
533 4431 639 4519 posita
657 4451 746 4518 (pirae
760 4428 801 4494 ad
822 4427 1260 4518 persuadendosauditores
1273 4427 1375 4517 plane
1387 4430 1558 4498 sufficiant

236 4544 271 4601 nt
285 4535 423 4602 credant
442 4565 457 4595 ι)
483 4538 607 4626 (Gya).
636 4542 674 4602 Et
698 4536 779 4625 quia
804 4537 850 4601 ita
878 4534 965 4601 libro
989 4533 1067 4600 finis
1083 4533 1283 4623 imponitur,
1302 4537 1405 4603 rerba
1428 4559 1496 4603 non
1518 4559 1558 4603 ex

234 4651 390 4710 contextu
413 4643 566 4732 proximo
586 4651 665 4710 sunt
688 4641 923 4720 diiudicanda,
946 4640 1003 4708 scd
1022 4642 1135 4730 potius
1156 4663 1194 4706 ex
1219 4641 1259 4706 iis
1278 4664 1365 4730 (perae
1387 4642 1455 4708 iam
1480 4649 1558 4728 l,l'a

234 4753 438 4837 evangelista
453 4749 618 4816 indicarit
632 4758 665 4816 et
679 4773 767 4838 quae
786 4751 820 4815 in
836 4755 904 4814 toto
925 4749 1014 4814 libro
1037 4747 1081 4813 ob
1106 4747 1222 4814 occulos
1238 4747 1359 4813 habuit
1375 4755 1409 4815 et
1424 4753 1559 4840 quaein

235 4877 267 4922 v.
286 4862 325 4923 31
341 4858 495 4946 explicite
512 4860 639 4925 statuit.
662 4857 744 4923 llicit
764 4864 877 4923 amem
896 4854 932 4920 in
947 4867 1125 4944 coraspeclu
1145 4853 1410 4942 discipulorum,
1427 4857 1507 4948 quia
1523 4856 1561 4924 hi
