4116 5648
727 513 809 557 ioan.
834 495 986 564 iane-13.
1461 493 1519 556 535

197 650 417 713 revertuntur
432 640 629 727 audaciam,
642 645 684 711 ad
700 647 850 735 primum
866 644 1099 726 mendacium,
1119 649 1153 713 in
1169 645 1321 713 Caesaris
1334 643 1519 731 imperium

197 759 375 842 peccatum
390 769 460 815 esse
477 748 628 818 dicentes
643 752 764 819 eteius
783 751 951 818 maiestati
968 752 1138 819 intensum
1154 776 1225 820 esse
1240 751 1388 820 iudicem
1406 751 1519 838 impu-

196 858 319 926 denter
339 855 542 942 clamantes,
563 858 629 925 nisi
658 858 775 925 ulcisci
794 860 927 926 vetitet
956 859 1086 926 meritis
1106 859 1225 947 poenis
1247 882 1325 926 eum
1352 856 1520 925 subiicere

196 964 257 1054 qui
275 962 487 1031 contradicat
498 965 633 1032 Caesari
649 986 690 1030 eo
708 965 801 1054 quod
818 966 908 1050 regis
927 988 1052 1032 nomcn
1071 965 1136 1030 sibi
1152 965 1318 1031 attribuat
1340 995 1367 1030 a.

240 1068 377 1137 Amicus
396 1073 543 1139 Caesaris
564 1092 633 1137 non
657 1078 707 1137 est
726 1073 842 1138 titulus
858 1072 997 1138 honoris
1017 1095 1118 1138 causa
1137 1072 1196 1160 qui
1212 1071 1335 1151 Pilato,
1363 1079 1400 1137 ut
1419 1093 1519 1159 saepe

195 1174 334 1263 legatis,
360 1176 593 1267 praesidibus,
619 1179 816 1266 praelectis,
840 1181 1000 1267 proprius
1023 1179 1155 1259 luisset,
1180 1201 1292 1266 neque
1319 1176 1433 1243 dicere
1460 1199 1518 1243 vo-

193 1281 272 1350 lunt
287 1283 380 1350 hunc
399 1284 431 1351 ei
452 1283 588 1352 titulum
608 1305 679 1351 esse
698 1284 925 1364 demendum,
943 1285 1003 1352 sed
1025 1307 1033 1352 :
1056 1307 1123 1351 non
1145 1307 1181 1351 es
1198 1293 1316 1364 εὔνως,
1337 1283 1519 1350 benevolus

196 1387 350 1479 (Eum),
371 1389 460 1456 fidus
473 1395 506 1455 et
524 1388 634 1456 tidelis
655 1391 689 1457 in
707 1394 900 1469 Caesarem,
918 1392 991 1458 eius
1009 1414 1143 1458 causam
1167 1390 1352 1478 diligenter
1366 1399 1465 1456 tuens
1478 1410 1518 1455 ac

194 1496 394 1564 defendens.
414 1496 556 1563 Proinde
573 1498 750 1564 minantur
764 1520 798 1563 se
811 1497 985 1565 delaturos
997 1520 1075 1565 eum
1092 1499 1183 1587 apud
1203 1498 1393 1574 Tiberium,
1412 1498 1439 1562 si
1456 1496 1517 1563 ho-

90 1652 95 1668 .
195 1604 324 1670 minem
343 1603 403 1692 qui
423 1625 459 1669 se
481 1625 599 1689 regem
620 1604 742 1671 iecerit
763 1604 941 1671 dimiserit.
965 1604 1060 1671 Hisce
1082 1605 1219 1671 undem
1244 1626 1315 1671 rem
1342 1604 1514 1669 evincunt.

194 1710 319 1777 Pilatus
330 1709 468 1776 territus
482 1709 583 1777 cedit.
604 1712 737 1778 Sciebat
754 1711 845 1778 enim
869 1711 1001 1778 nullam
1022 1712 1113 1802 apud
1135 1715 1313 1778 Caesarem
1333 1709 1519 1778 accusatio-

192 1837 272 1885 nem
287 1838 408 1884 eaesse
427 1817 633 1903 graviorem.
664 1821 741 1884 Erat
755 1818 909 1884 Tiberius
927 1840 1032 1907 quam
1053 1819 1197 1886 maxime
1220 1818 1442 1907 suspiciosum
1465 1816 1518 1883 iu·

192 1922 284 1992 dicia
301 1923 483 1990 maiestatis
497 1922 575 2010 cogi
592 1923 699 2006 iussit,
717 1925 922 1991 exercendas
938 1947 1009 1992 esse
1024 1925 1119 2013 leges
1139 1925 1252 1992 dicere
1270 1924 1402 1991 solebat
1416 1929 1449 1990 ct
1463 1945 1519 1990 eas

192 2030 403 2098 atrocissime
423 2031 587 2112 exercuit,
609 2038 646 2098 ut
665 2031 852 2098 Suetonius
866 2031 952 2098 dicit
976 2033 1063 2122 (Tib.
1082 2035 1156 2121 58);
1180 2032 1271 2099 idem
1295 2031 1414 2098 scribit
1435 2054 1442 2098 :
1461 2029 1517 2097 de·

191 2142 286 2204 creta
303 2137 557 2204 accusatoribus
570 2139 756 2227 praecipua
772 2140 940 2226 praemia,
958 2140 1090 2205 nemini
1106 2140 1296 2207 delatorum
1314 2138 1400 2205 fides
1414 2138 1517 2204 abro-

191 2247 290 2332 gata3
308 2267 409 2311 omne
430 2245 560 2311 crimen
584 2267 646 2334 pro
667 2246 805 2334 capitali
828 2251 1023 2334 receptum,
1046 2246 1148 2312 etiarn
1171 2267 1358 2334 paucorum
1385 2243 1516 2332 simpli-

190 2350 353 2440 ciumque
375 2352 560 2418 verborum
588 2351 625 2440 (i.
651 2374 680 2418 c.
711 2353 785 2439 61);
818 2352 920 2418 etde
951 2352 1071 2419 eodem
1091 2354 1225 2419 Tacitus
1255 2374 1393 2442 quoque
1416 2353 1518 2417 relect

191 2457 379 2526 maiestatis
397 2459 529 2525 crimen
552 2466 624 2524 tum
647 2460 802 2525 omnium
823 2459 1080 2526 accusationum
1103 2460 1391 2549 complementum
1416 2456 1516 2524 tuisse

192 2564 329 2656 (Annal.
347 2571 443 2647 3,38;
465 2566 509 2632 cl.
530 2568 635 2650 tao).
656 2566 783 2633 Pilatus
803 2572 940 2634 veretur
954 2565 1160 2654 synedristas
1175 2573 1295 2632 contra
1311 2587 1346 2630 se
1367 2564 1513 2642 irritare,

189 2672 288 2738 timet
307 2672 571 2754 accusationem,
597 2680 631 2738 et
650 2675 733 2762 quia
760 2673 874 2739 statim
897 2673 942 2739 ab
972 2673 1070 2738 initio
1095 2672 1327 2762 inquisitionis
1349 2692 1470 2736 causae
1497 2692 1515 2735 a

191 2784 285 2844 recto
303 2777 454 2845 iustitiae
478 2778 613 2845 tramite
632 2777 817 2845 declinavit
838 2786 872 2844 et
894 2802 956 2868 per
979 2779 1143 2864 ambages
1168 2771 1208 2845 id'
1224 2777 1384 2866 consequi
1406 2776 1514 2843 voluit

189 2884 284 2974 quod
312 2906 374 2950 sua
403 2885 567 2973 praesidis
599 2885 802 2952 auctoritate
835 2893 985 2952 statuere
1016 2885 1158 2969 debuit,
1185 2884 1324 2951 undem
1358 2883 1512 2970 ignavia,

188 2991 432 3072 inconstantia,
458 2991 641 3058 timiditate
658 3014 719 3058 sua
743 2992 787 3058 ad
810 3014 980 3058 summam
1006 2992 1205 3059 iniustitiam
1232 2990 1515 3058 committendam

187 3096 372 3186 propulsus
383 3104 444 3164 est.

232 3208 304 3270 lam
332 3203 429 3271 nulla
452 3205 653 3295 interposita
676 3228 769 3272 mora
795 3229 830 3271 se
857 3204 1006 3292 accingit
1026 3205 1071 3271 ad
1097 3206 1300 3271 sententiam
1326 3225 1403 3270 cum
1433 3225 1514 3269 oon·

187 3314 282 3378 sueta
300 3311 531 3378 sollemnitate
552 3311 736 3402 terendam
758 3335 789 3376 v.
822 3320 860 3378 it
882 3311 1016 3378 Pilutus
1037 3325 1154 3378 aretem
1178 3333 1257 3378 cum
1281 3309 1432 3376 credisset
1454 3309 1513 3376 laos·

185 3438 367 3503 sermones,
397 3415 548 3484 adducit
567 3419 662 3505 soros
688 3421 800 3484 lesum
825 3417 962 3507 publice
986 3419 1078 3484 onim
1102 3419 1230 3485 iudicia
1257 3416 1513 3506 peragebantur

187 3522 243 3612 (ci.
264 3523 441 3614 Iosephus,
460 3526 574 3614 Antiq.
597 3531 729 3606 1·1‚6,3;
754 3531 884 3605 18‚t,o;
906 3525 989 3591 Beli.
1009 3525 1079 3591 iud.
1101 3531 1233 3601 2.1-'r,8;
1252 3531 1323 3589 Act.
1345 3530 1439 3604 12,t;
1457 3530 1509 3602 iu,

189 3635 247 3712 193
267 3631 400 3719 18,12)‚
422 3643 454 3697 et
466 3631 552 3698 sedit
570 3655 633 3721 pro
651 3631 818 3697 tribunali
834 3633 870 3697 in
883 3632 956 3698 loco
971 3632 1032 3720 qui
1048 3631 1174 3698 dicitur
1193 3631 1430 3714 Litbostrotos,
1456 3628 1513 3696 be·

186 3736 300 3804 traice
313 3751 429 3804 autem
446 3737 641 3824 Gabonita,
661 3744 699 3806 ut
711 3761 848 3805 omnem
864 3746 1038 3805 removeat
1052 3740 1280 3827 suspicionem
1298 3738 1423 3804 Pilatus
1443 3745 1511 3803 sta-

184 3844 244 3910 tim
262 3853 481 3932 suggestum‚
498 3845 614 3912 sedem
625 3844 823 3911 iudicialem
840 3844 1008 3921 ascendit3
1023 3853 1220 3931 λιθὲστρωτες
1234 3845 1409 3933 lapidibus
1421 3850 1510 3909 stra-

185 3955 256 4029 tus3
285 3951 344 4017 ille
371 3951 560 4018 sententiae
584 3951 748 4018 ferendae
773 3951 868 4018 locus
895 3952 1021 4040 lapillis
1044 3960 1186 4029 stratus
1214 3973 1316 4040 opere
1350 3949 1507 4015 videlicet

185 4055 366 4134 tessellato,
382 4065 454 4125 erat
469 4058 522 4123 vel
533 4058 646 4124 solum
660 4059 787 4124 tabulis
798 4058 957 4146 lapideis,
970 4059 1169 4124 marmoreis
1181 4065 1339 4123 stratum.
1359 4061 1441 4123 Cuni
1457 4054 1512 4121 illi

186 4164 263 4229 loco
271 4163 336 4229 hoc
347 4170 432 4230 esset
443 4186 585 4248 nomen,
598 4186 667 4231 non
680 4167 830 4231 eritcum
847 4165 1020 4253 aliquibus
1036 4164 1256 4251 cogitandum
1273 4163 1315 4229 de
1333 4163 1392 4228 tali
1407 4162 1509 4228 litho-

187 4274 310 4351 stroto,
323 4270 553 4360 qualeCacsar
567 4270 818 4338 dicitursecum
836 4272 871 4336 in
892 4271 1170 4360 expeditionibus
1186 4269 1432 4336 circumtulisse
1450 4291 1457 4336 ε
1476 4269 1511 4334 in

188 4376 463 4467 expeditionibus
476 4378 647 4445 tessellata
663 4384 695 4444 ct
707 4378 835 4443 sectilia
849 4379 1045 4468 pavimenta
1060 4401 1174 4444 secum
1190 4377 1304 4443 tulisse
1318 4376 1419 4443 multi
1432 4398 1511 4464 pro-

187 4483 351 4551 diderunt
371 4485 523 4569 (Sueten.
541 4490 633 4552 Caes.
652 4487 715 4572 rio).
735 4487 909 4552 Aramaicc
927 4485 978 4551 illi
994 4487 1068 4552 loco
1084 4506 1205 4551 nomen
1221 4493 1294 4550 erat
1309 4482 1504 4559 Galabatha,

188 4611 257 4678 quo
272 4591 364 4658 locus
383 4590 507 4673 editus,
525 4593 678 4659 eminens
693 4592 920 4678 significatur.

223 4753 315 4803 Locus
334 4757 427 4818 itaque
449 4755 503 4804 aiio
523 4758 635 4806 nomine
655 4771 671 4806 a
693 4757 820 4810 Graccis,
842 4758 899 4804 aiio
919 4757 953 4805 ab
975 4756 1109 4805 Hebraeis
1128 4755 1332 4805 nominabatur.
1351 4753 1422 4802 Nam
1438 4753 1511 4816 quoii

186 4843 304 4892 tentant
318 4843 415 4895 Euaid
430 4844 575 4895 Gabbatha
596 4847 631 4896 ad
648 4846 766 4896 eandem
786 4847 929 4895 notionem
945 4858 1007 4895 cum
1024 4846 1183 4896 lithostroto
1198 4848 1226 4894 et
1242 4856 1327 4906 opere
1342 4845 1451 4893 musivo
1466 4854 1511 4892 re·

187 4932 290 4983 ducere
312 4933 458 4997 explosum
477 4941 533 4993 est;
550 4936 647 4985 statuit
662 4937 736 4985 enirn
755 4941 810 4991 πε,
829 4935 927 4985 cariem
952 4933 1156 4997 significatione
1176 4946 1232 4997 qua
1249 4939 1310 5012 inp
1335 4929 1512 4996 (ararnairc);
