4050 5648
144 641 149 649 ’
184 607 187 615 ’
232 627 353 696 merito
368 630 413 698 aa
426 652 506 715 eum
518 624 647 693 misiae
661 626 695 688 et
712 622 869 693 decussa
884 627 957 693 erus
968 619 1202 689 testimonium
1214 624 1377 713 amplecti
1391 648 1424 690 v.
1442 628 1484 691 35
1500 619 1559 688 aa

78 718 114 745 ⁶³
187 760 193 779 ,
230 748 305 802 mat
325 735 466 804 lucerna
480 728 651 799 ardenset
666 729 798 813 luem,
814 737 868 815 ἧν;
889 733 937 799 ita
951 725 1173 796 indicateum
1193 725 1348 797 iamnon
1367 731 1403 797 in
1422 727 1559 820 publica

77 827 124 925 ⁷-J34
229 841 486 931 praedicatione
507 834 653 918 versari;
669 858 753 925 ergo
777 845 856 904 ante
874 838 1020 905 alterum
1044 833 1082 900 in
1098 836 1168 902 vita
1188 836 1262 900 lesu
1276 835 1559 933 publica-pascha

118 947 134 1026 ⁵,
205 1037 207 1042 .
230 952 375 1016 loannes
398 945 435 1010 in
458 961 637 1023 carcerem,
655 945 777 1011 missus
799 946 850 1009 est
875 943 932 1032 (cl.
958 941 1075 1008 ltatth.
1102 947 1191 1022 lt,3.
1217 943 1318 1009 llarc.
1339 943 1470 1032 o,17)¹;
1487 947 1560 1010 erat

81 1112 87 1128 ,
231 1062 368 1140 ὁλύχνος
382 1048 442 1113 illa
456 1046 596 1117 lucerna
610 1049 849 1129 determinata,
861 1048 934 1116 illis
948 1051 1051 1114 a-Deo
1066 1047 1159 1132 data,
1171 1068 1240 1138 qua
1252 1046 1294 1113 iis
1308 1045 1560 1116 demonstrare·

102 1204 134 1217 Π
230 1166 287 1226 tur
300 1156 356 1222 via
370 1152 415 1219 ad
430 1175 576 1242 regnum
595 1157 654 1225 Dei
669 1161 703 1223 et
719 1154 886 1237 ltessiam,
903 1176 973 1244 qua
987 1175 1006 1220 e
1019 1155 1404 1245 tonebrispeccatorum
1422 1162 1455 1221 et
1469 1176 1558 1222 aca-

41 1266 45 1279 '
124 1346 127 1355 ,
231 1262 338 1348 ligine
348 1258 453 1328 lalsae
468 1261 512 1330 de
521 1286 601 1332 suae
616 1258 733 1351 stirpis
745 1250 913 1348 dignitate
928 1258 1103 1349 opinionis
1114 1261 1224 1352 erepti
1238 1258 1284 1328 ad
1296 1259 1413 1326 lucem
1425 1263 1560 1328 llessiae

116 1356 141 1371 ’
230 1366 500 1451 adducerentur;
523 1377 557 1438 et
579 1370 664 1436 hacc
686 1367 830 1434 lucerna
846 1387 981 1455 ¹magna
1001 1366 1154 1435 claritate
1173 1365 1317 1436 illuxita
1336 1371 1497 1450 καιόμενος
1511 1373 1560 1434 καὶ

136 1536 153 1579 ,3
231 1482 351 1560 φαίνων,
368 1476 494 1544 ardens
513 1496 648 1557 amore,
664 1473 783 1540 lucens
800 1475 906 1542 verbo
922 1479 955 1539 et
971 1494 1074 1562 opere
1087 1474 1187 1566 (Καρ.
1204 1477 1290 1542 Bon.
1310 1472 1421 1563 Cat),
1438 1477 1474 1539 at
1489 1493 1560 1538 me-

26 1658 31 1666 ,
71 1570 113 1675 ’ζ’
132 1578 145 1610 ’·
230 1581 298 1648 rito
317 1589 434 1651 censet
448 1580 558 1650 Mald.
584 1571 697 1646 unum
713 1577 875 1671 idemque
894 1579 1086 1666 dmignari3
1103 1603 1142 1648 eo
1162 1580 1256 1648 enim
1275 1580 1370 1672 quod
1390 1579 1489 1647 ardet
1505 1578 1561 1645 lu-

64 1692 107 1782 23',
131 1725 143 1755 κ
175 1726 178 1735 =
230 1711 333 1757 cerna
345 1691 449 1757 etiam
460 1688 567 1768 lucet;
580 1686 934 1774 designaturluoerna
947 1686 1052 1768 clara,
1069 1686 1199 1769 lucens,
1211 1709 1300 1777 quae
1321 1686 1366 1755 ad
1383 1695 1561 1754 common-

31 1788 36 1815 ³
123 1831 137 1872 ‚s
198 1788 204 1803 “’
229 1794 408 1863 strandum
422 1793 541 1861 salutis
555 1797 730 1860 auctorem
737 1793 822 1861 satis
840 1797 943 1875 esset,
961 1821 976 1855 c
993 1791 1087 1860 idem
1102 1783 1152 1860 est
1168 1792 1294 1861 ardens
1308 1797 1343 1860 et
1354 1793 1483 1874 lucens,
1501 1791 1562 1859 sed

230 1902 376 1990 repetita
397 1901 568 1968 sententia
589 1899 758 1970 maiorem
776 1899 881 1967 habet
898 1898 1096 1991 emphasin,
1113 1905 1193 1967 nam
1211 1898 1306 1990 quod
1320 1897 1463 1990 quidam
1477 1897 1561 1964 sub-

33 2040 37 2051 =
229 2005 336 2074 tiliter
354 2006 590 2094 distinguunt,
613 2008 727 2075 nescio
751 2027 796 2074 an
814 2005 954 2096 aliquod
974 2007 1102 2075 faciant
1117 2020 1249 2097 ‘operae
1276 2006 1429 2096 pretium
1445 2025 1480 2087 »;
1503 2026 1578 2084 vos¹

189 2201 190 2204 ,
229 2125 348 2182 autem
363 2112 520 2180 columis
543 2112 591 2180 ad
608 2112 729 2180 loram
748 2110 920 2181 exsultare
947 2113 985 2181 in
1008 2115 1083 2182 lucc
1108 2112 1182 2181 eius
1201 2111 1279 2180 luce
1296 2110 1371 2179 eius
1392 2113 1417 2179 i.
1445 2133 1476 2178 e.
1501 2133 1562 2178 an-

46 2214 75 2319 3
131 2293 132 2296 ,
230 2219 448 2288 nuntiatione
464 2218 781 2311 appropinquantis
799 2219 899 2306 regni
910 2221 969 2286 Dei
983 2219 1200 2287 exsultabant
1214 2240 1278 2309 per
1291 2219 1396 2286 breve
1411 2223 1559 2307 tempus,

132 2334 141 2399 J
231 2324 315 2393 dum
334 2326 401 2394 sibi
418 2349 566 2416 regnum
580 2326 640 2396 Dei
653 2325 895 2416 promitterent
905 2326 1105 2417 temporale,
1119 2347 1250 2416 pompa
1262 2330 1297 2393 et
1307 2326 1397 2393 fastu
1410 2324 1559 2404 illustre,

231 2454 308 2500 eam
326 2432 447 2523 itaque
462 2425 760 2502 annuntiationem
775 2433 820 2500 ab
833 2431 933 2500 initio
948 2455 1027 2500 cum
1041 2433 1169 2522 gaudio
1182 2432 1416 2524 accipiebant3
1434 2437 1469 2499 at
1483 2438 1562 2499 mox

231 2538 277 2606 ab
291 2541 545 2629 exspectatione
563 2562 625 2607 sua
643 2537 911 2624 deiiciebautur,
933 2562 1013 2608 cnm
1033 2541 1180 2631 baptista
1198 2539 1447 2632 poenitentiam
1461 2559 1560 2629 prae-

220 2644 350 2726 dicans
363 2669 483 2714 eorum
496 2645 580 2713 vitia
597 2647 845 2735 perstringeret
860 2652 1030 2715 eteorum
1046 2646 1089 2714 de
1103 2647 1209 2737 stirpe
1225 2645 1478 2715 abrahamitics
1493 2646 1562 2713 iac-

34 2829 69 2853 ,2
120 2827 122 2831 ,
230 2751 396 2820 tationem
408 2753 572 2820 radicitus
586 2757 755 2820 everteret
768 2751 830 2842 (cl,
843 2755 959 2820 ltatth.
976 2754 1124 2843 3,7-12).
1139 2753 1308 2821 Volabant
1321 2752 1416 2820 enim
1430 2756 1561 2841 tempo-

231 2859 339 2926 ralem
370 2860 470 2946 regni
502 2859 701 2948 praeripere
726 2858 940 2942 felicitatem,
965 2859 1097 2927 carnali
1126 2880 1226 2926 sensu
1255 2879 1405 2947 regnum
1438 2855 1562 2924 Christi

42 2975 48 2984 “
231 2970 407 3034 terrenum
419 2966 493 3033 fore
505 2970 680 3055 sperantes
696 2964 829 3056 (imp).
1054 2960 1059 2967 ’

274 3077 401 3160 Eorum
422 3073 540 3163 itaqua
567 3073 830 3154 inconstantiae,
852 3095 970 3162 quase
984 3072 1030 3139 ab
1044 3077 1169 3140 Ioanne
1182 3078 1396 3158 averterant,
1419 3072 1562 3164 opponit

76 3257 79 3263 ¹
230 3180 465 3247 testimonium
481 3179 574 3268 quod
591 3177 696 3246 habet
714 3178 821 3246 multo
844 3178 955 3246 maius
968 3186 1002 3246 et
1015 3179 1176 3247 continno
1196 3202 1314 3248 coram
1330 3179 1415 3270 ipsis
1428 3179 1561 3247 exhibi-

37 3282 53 3340 J
74 3346 89 3365 ,¹
117 3297 134 3357 j
230 3289 302 3352 tum
315 3290 350 3353 et
358 3285 593 3376 perduransv.
607 3290 650 3351 36
661 3306 722 3375 eqo
733 3297 849 3352 autem
858 3285 964 3353 habeo
977 3285 1208 3352 testimonium
1221 3285 1336 3354 maius
1349 3288 1478 3354 Ioanne
1489 3285 1514 3352 i.
1527 3309 1557 3354 e.

44 3386 92 3472 ,ἐχ
149 3377 154 3413 ³
230 3391 344 3459 habeo
361 3390 597 3459 testimonium
621 3390 715 3480 quod
734 3391 845 3458 maius
865 3397 915 3458 est
932 3391 1128 3499 tespimonio
1148 3392 1299 3476 loannis3
1319 3399 1353 3459 et
1373 3392 1422 3459 ita
1441 3392 1562 3483 incipit

36 3499 91 3585 ’ξφ
124 3532 126 3537 ⁷
230 3519 403 3588 exponere
416 3496 513 3588 quod
524 3497 563 3563 iu
575 3519 610 3564 v.
626 3502 669 3562 32
680 3496 928 3578 affirmaverat3
946 3498 1051 3589 opera
1064 3497 1156 3566 enim
1172 3521 1262 3589 quae
1277 3497 1372 3565 dedit
1389 3497 1481 3566 mili
1492 3501 1560 3564 Ρα-

38 3592 74 3695 ἶζέ,
86 3670 105 3679 ,,
148 3615 149 3619 ’
232 3617 292 3689 ter,
311 3603 545 3694 ulperficiam
563 3624 614 3689 ea,
632 3602 708 3693 apso
723 3625 827 3694 opera
838 3626 927 3693 quae
944 3626 1007 3695 eqo
1017 3605 1122 3693 facio,
1139 3603 1372 3672 testimonium
1380 3603 1561 3696 pertuderit

44 3696 61 3732 “”
76 3700 79 3710 ’
231 3709 275 3778 de
288 3733 354 3795 me,
366 3711 452 3801 quio
468 3713 570 3777 Pater
584 3709 751 3791 misitme,
766 3733 871 3801 opera
883 3710 955 3778 soil.
968 3711 1149 3794 messiane,
1163 3711 1342 3793 muscula,
1353 3711 1559 3794 sanationes,

230 3839 373 3908 eaquae
386 3817 562 3908 discipulis
577 3818 709 3884 loannis
723 3817 878 3907 exposuit
895 3840 903 3884 :
922 3820 1016 3886 caeci
1030 3817 1190 3888 vident...
1207 3819 1337 3887 mortui
1356 3823 1558 3907 resurgunt,

230 3946 399 4014 pauperes
413 3922 692 4010 evangelizantur
705 3923 833 4011 (llatth.
852 3925 958 4012 tt,5),
973 3930 1022 3994 ἵνα
1037 3927 1187 3994 τελειώσω
1204 3924 1352 3993 ostendit
1367 3929 1505 4014 praeter
1521 3947 1562 3992 ea

229 4054 318 4122 quae
333 4033 402 4098 iam
417 4029 599 4120 perfecerit
615 4028 765 4096 eliasibi
780 4052 956 4120 superesse
971 4053 1060 4120 quae
1081 4052 1103 4097 a
1116 4036 1216 4098 Patre
1229 4033 1410 4099 commissa
1424 4032 1561 4122 explere

231 4138 348 4221 dehet,
364 4159 444 4204 cum
458 4136 615 4226 emphasi
630 4144 735 4223 urget
752 4158 792 4203 ea
808 4135 884 4226 ipsa
899 4158 988 4226 quae
1003 4158 1119 4204 coram
1133 4138 1182 4205 eis
1195 4138 1360 4206 continuo
1374 4138 1478 4206 faciat
1495 4138 1561 4206 sibi

230 4266 301 4312 esse
311 4243 546 4330 testimouium
557 4242 730 4310 sufficiens
742 4242 908 4309 missionis
920 4265 942 4310 a
951 4247 1049 4311 Patre
1068 4249 1241 4333 acceptae.
1254 4246 1291 4312 si
1305 4250 1420 4312 autem
1434 4250 1562 4312 aPatre

233 4352 352 4420 missus
376 4358 442 4433 est,
463 4349 544 4417 dein
564 4372 604 4417 ea
626 4371 713 4438 quae
733 4349 817 4416 dicit
836 4371 919 4417 vera
941 4354 1073 4416 suntet
1094 4349 1227 4433 ludaei,
1247 4351 1292 4417 sd
1315 4348 1402 4442 quos
1420 4374 1440 4419 a
1464 4356 1561 4419 Patre

234 4459 355 4525 missus
380 4465 431 4537 est
448 4456 579 4524 debent
604 4455 635 4522 ei
659 4456 808 4523 credere.
831 4460 913 4523 Cum
931 4457 980 4523 ita
1000 4455 1045 4523 ad
1067 4478 1172 4547 opera
1195 4480 1258 4526 sua
1272 4466 1450 4548 provocet,
1472 4480 1561 4546 quae

233 4567 269 4632 in
292 4564 358 4631 hoc
391 4563 569 4651 evangelio
596 4564 800 4653 paucissima
823 4585 971 4652 eousque
999 4569 1267 4633 commemorata
1291 4570 1388 4649 sunt,
1413 4549 1562 4652 evairge-

236 4671 315 4763 lista
328 4673 586 4763 synopticorum
606 4669 839 4737 narrationem
857 4676 972 4737 notam
987 4692 1060 4737 esse
1074 4673 1247 4763 supponit.

43 3119 104 3181 §.¹⁵¹⁸

36 3876 105 3929 ”aaa

55 4788 72 4863 *l
195 4871 196 4874 ,
271 4837 292 4882 t.
311 4807 439 4894 Suntqui
453 4830 518 4882 illud
531 4832 592 4880 erut
604 4829 637 4880 de
646 4833 729 4880 morte
743 4830 844 4880 loannis
853 4829 985 4895 accipiant.
1000 4829 1029 4879 ld
1040 4830 1110 4896 quod
1122 4836 1280 4884 tamencum
1293 4832 1353 4882 Luc.
1369 4836 1425 4891 7,17
1441 4846 1490 4883 non
1499 4847 1560 4885 coa·

237 4909 340 4973 cordat,
353 4910 415 4974 quia
428 4911 539 4976 baptista
553 4908 694 4975 discipulos
707 4913 766 4974 post
779 4907 886 4962 alterum
901 4911 928 4962 in
940 4910 1059 4962 vitalem
1069 4911 1172 4977 publica
1182 4911 1277 4978 pascha
1288 4911 1322 4962 ad
1334 4925 1394 4963 eum
1408 4912 1496 4964 mittit.
