4050 5648
188 537 249 598 500
719 550 801 596 iou.
827 535 982 613 ner-ee.

188 688 357 758 fidelibus.
382 696 464 756 Nam
483 685 640 751 doctrina
663 685 706 749 ab
730 688 891 774 apostolis
912 684 1104 771 praedicata
1129 683 1251 751 eadem
1268 690 1460 776 perseverat
1475 691 1509 749 et

187 797 436 887 perseverabit,
454 791 502 856 ita
519 797 555 855 ut
566 797 732 882 quotquot
742 794 1007 861 credideruntet
1020 788 1382 877 credentperverbum
1396 812 1512 856 eorum

187 903 371 972 credidisse
387 906 421 963 et
437 897 598 964 credituri
615 899 773 965 dicantur
789 899 873 986 (Tol.
900 897 1035 984 Melet).

233 1015 302 1075 tam
318 1005 470 1070 declarat
489 1005 571 1093 quid
588 1027 650 1093 pro
666 1005 825 1072 fidelibus
842 1003 1002 1070 omnibus
1016 1010 1143 1093 petala
1163 1008 1260 1068 Patre
1281 1028 1312 1070 v.
1330 1013 1369 1072 21
1387 1019 1425 1071 ut
1438 1025 1512 1070 om-

188 1138 246 1180 nes
257 1134 365 1178 ιιιιιιιιι.
377 1112 467 1197 sint,·
482 1113 559 1179 vide
575 1134 605 1175 v.
627 1118 683 1188 11;
701 1140 715 1170 n
736 1113 825 1177 idem
842 1110 1040 1187 sentientes,
1057 1110 1147 1176 idem
1163 1112 1351 1198 sapientes.
1368 1112 1512 1178 invicem

188 1219 386 1303 diligentes,
407 1220 602 1288 unanimes.
626 1219 809 1285 concordes
831 1247 846 1275 »
874 1216 993 1304 (Tot),
1017 1239 1119 1306 quam
1136 1217 1224 1283 serio
1246 1216 1280 1281 id
1301 1217 1465 1301 efflagitet
1479 1221 1513 1283 et

188 1347 291 1414 quam
306 1326 462 1392 intimam
479 1349 519 1392 ae
533 1325 714 1391 sublimem
736 1326 897 1391 unionem
914 1324 1100 1410 intelligat,
1119 1324 1237 1390 diviua
1256 1323 1316 1389 illa
1332 1344 1511 1411 compara-

189 1433 280 1498 tione
296 1455 364 1521 qua
388 1434 494 1498 maior
517 1432 597 1497 unio
619 1430 738 1518 nequit
753 1431 896 1514 cogitari
922 1431 1031 1496 innuit
1053 1433 1164 1497 :sieut
1181 1443 1217 1495 tu
1236 1430 1391 1496 Peterin
1410 1450 1463 1495 me
1482 1439 1515 1495 et

187 1560 250 1627 eqo
272 1539 308 1604 in
332 1554 375 1624 te,
399 1553 436 1603 ut
460 1551 492 1603 et
517 1538 583 1626 ipsi
604 1538 641 1603 in
663 1538 759 1601 nobis
778 1560 883 1603 inrum
908 1538 999 1619 sint,·
1021 1539 1064 1604 ct.
1094 1543 1211 1618 1t,1o;
1236 1543 1334 1603 Pater
1354 1543 1389 1602 et
1410 1534 1512 1602 Filius

188 1669 294 1712 unum
310 1652 390 1713 sunt
401 1647 447 1710 ita
462 1651 498 1708 ut
512 1645 599 1710 alter
611 1645 646 1709 in
660 1644 767 1708 altero
778 1647 820 1709 sit
831 1652 971 1733 propter
986 1666 1088 1710 unam
1101 1665 1244 1709 numero
1262 1643 1513 1731 indivisamque

187 1758 363 1823 naturam;
382 1757 416 1816 et
436 1751 609 1839 quomodo
625 1750 705 1815 unio
726 1749 785 1815 illa
803 1750 956 1816 fidelium
978 1749 1159 1815 efficienda
1173 1751 1218 1814 sit
1238 1771 1326 1837 quae
1342 1756 1510 1838 quantum

187 1882 250 1948 pro
271 1867 506 1923 creaturarum
531 1859 662 1922 ratione
682 1856 754 1921 sieri
780 1857 891 1943 possit·
902 1857 946 1920 ad
966 1856 1060 1922 illam
1082 1856 1188 1921 Patris
1207 1854 1350 1944 Filiique
1375 1853 1514 1921 accedat

187 1985 331 2053 eamque
347 1969 592 2051 repraesentet,
608 1963 705 2029 addit
720 1963 836 2028 dicens
852 1963 887 2028 in
904 1963 1021 2046 ›iobis‚·
1035 1984 1113 2028 nam
1133 1984 1195 2051 per
1207 1961 1327 2040 fidem,
1345 1961 1512 2048 gratiam,

187 2071 364 2138 caritatem
385 2076 451 2136 Deo
477 2069 615 2134 unimur
635 2076 668 2134 et
694 2071 756 2134 hac
782 2070 909 2134 unione
931 2070 968 2135 in
989 2075 1054 2135 Deo
1073 2069 1257 2135 constituta
1280 2069 1382 2134 etiam
1406 2067 1513 2134 animi

187 2176 340 2244 fidelium
357 2179 445 2242 inter
457 2198 491 2242 se
504 2177 680 2242 uniuntur.
700 2181 734 2239 tn
747 2180 825 2246 tleo.
842 2176 878 2241 in
894 2183 989 2241 Patre
1005 2174 1150 2254 etEilio,
1163 2177 1326 2260 estigitur
1338 2182 1409 2241 tota
1425 2175 1510 2241 ratio

189 2285 289 2350 huius
309 2284 458 2358 unionis;
482 2283 628 2349 habetur
651 2283 798 2370 perlecto
823 2284 856 2347 in
878 2305 913 2348 se
933 2306 994 2372 per
1015 2283 1209 2360 caritatem;
1237 2308 1253 2341 «
1275 2283 1392 2347 diviua
1417 2282 1509 2347 enim

187 2392 326 2469 caritas,
343 2390 470 2477 illaque
492 2390 565 2477 ipsa
580 2389 747 2476 quainter
762 2412 822 2456 nos
840 2390 1085 2476 coniungimur
1105 2398 1207 2477 atque
1221 2389 1321 2454 alteri
1340 2390 1375 2453 in
1393 2388 1509 2454 alteris

187 2495 442 2586 quodammodo
460 2517 592 2573 sumuS,
621 2517 661 2561 ea
684 2504 731 2560 est
749 2519 837 2583 quae
857 2518 917 2562 nos
933 2502 998 2562 Deo
1018 2498 1155 2584 copulat
1174 2496 1383 2584 divinaeque
1407 2495 1512 2561 efficit

187 2611 363 2670 consortes
379 2611 536 2680 naturae,
555 2604 602 2667 ita
618 2609 653 2667 ut
669 2603 770 2667 homo
787 2604 893 2667 iustus
912 2608 946 2668 et
961 2608 1047 2669 [teus
1067 2625 1129 2692 per
1146 2603 1232 2669 hane
1249 2610 1393 2669 naturae
1406 2631 1512 2669 κοινω-

187 2720 265 2794 νίαν,
278 2711 365 2776 sicut
375 2710 475 2775 Filius
488 2716 521 2775 et
532 2715 629 2775 Pater
645 2718 859 2797 pernaturae
872 2716 1006 2792 ἑνότητα,
1022 2710 1270 2776 alterinaltero
1283 2709 1326 2774 sit
1344 2738 1358 2768 o
1371 2708 1511 2797 (Patr).

189 2824 269 2885 Eam
292 2819 406 2906 itaque
427 2818 510 2906 petit
531 2817 694 2882 unitatem
718 2840 786 2904 qua
807 2815 923 2882 fideles
942 2816 978 2882 in
999 2822 1063 2883 [leo
1079 2819 1292 2883 consentiant
1313 2816 1450 2903 (tans),
1469 2813 1513 2880 ad

188 2946 292 3014 quam
313 2926 474 2989 unionem
496 2922 700 3011 praeprimis
723 2925 912 2989 necessaria
935 2931 984 2989 est
999 2945 1067 2989 una
1091 2924 1125 2989 in
1145 2924 1307 2988 omnibus
1321 2920 1512 3010 eademque

188 3032 283 3098 sides
311 3031 409 3096 Proin
436 3052 496 3118 pro
518 3031 662 3095 Ecclesia
686 3053 745 3094 sua
768 3030 919 3096 Christus
940 3030 1027 3095 hanc
1052 3030 1088 3095 in
1113 3029 1180 3094 tide
1201 3028 1458 3095 consensionem
1475 3035 1509 3093 et

188 3138 350 3205 unionem
373 3137 472 3225 petit,
489 3158 527 3201 ex
547 3158 615 3224 qua
631 3136 711 3201 unio
732 3158 867 3223 quoqne
886 3136 1037 3201 caritatis
1049 3141 1219 3221 exsurgat.
1240 3139 1330 3200 ttanc
1346 3134 1510 3200 unionem

189 3245 290 3311 etiarn
309 3251 489 3332 propterea
505 3244 646 3330 expetit,
664 3255 700 3306 ut
715 3242 830 3307 credat
843 3242 992 3308 iracundus
1008 3243 1091 3332 quia
1107 3256 1144 3307 tu
1160 3265 1213 3308 me
1224 3242 1367 3325 rui.s·isti,·
1382 3247 1515 3307 tantum

188 3350 298 3435 igitur
313 3350 580 3416 emolumentum
599 3356 632 3413 et
652 3358 744 3413 tanta
760 3349 911 3415 efficacia
926 3351 1024 3415 estin
1040 3349 1165 3415 unione
1182 3348 1352 3427 fidelium,
1371 3356 1458 3414 ulex
1475 3369 1517 3415 ca

189 3456 307 3522 divina
320 3457 445 3540 legatio
461 3455 582 3522 Christi
595 3461 628 3520 ot
643 3457 742 3543 proin
757 3457 876 3521 veritas
888 3455 1277 3541 religionischristianae
1290 3459 1517 3540 cognoscatur

190 3571 222 3629 et
245 3562 393 3628 muudus
416 3561 460 3627 ad
477 3561 578 3627 sidem
599 3560 803 3642 adducatur;
824 3590 839 3621 u
868 3562 993 3628 etenim
1011 3584 1031 3627 a
1057 3562 1244 3627 concordia
1265 3561 1516 3649 discipulorum

190 3690 255 3755 ego
271 3668 602 3756 doctorcomprobor
616 3669 740 3756 quoda
761 3673 825 3733 [leo
847 3669 985 3734 exierim
1008 3697 1023 3728 n
1043 3668 1233 3757 (meopte).

237 3780 305 3841 Duo
327 3774 407 3840 inde
426 3776 571 3840 elucent.
594 3777 677 3851 Quia
699 3773 851 3840 Christus
874 3775 909 3840 id
930 3798 950 3840 a
971 3779 1067 3840 Patre
1091 3775 1194 3864 petit,
1210 3797 1292 3840 sane
1318 3777 1391 3840 eius
1407 3774 1517 3840 oratio

191 3888 241 3947 est
256 3881 411 3948 exaudita
435 3881 491 3967 (cs.
517 3881 617 3946 ltebr.
641 3884 709 3961 ὀᾶ)
734 3888 766 3946 et
786 3882 937 3947 Christus
953 3882 1014 3947 scit
1035 3904 1070 3947 se
1093 3903 1228 3970 semper
1248 3881 1360 3947 audiri
1378 3883 1515 3967 (11,t2;

191 3990 304 4055 Matth.
328 3990 456 4073 ⁴26,53).
477 3988 568 4053 Unde
591 3994 684 4076 patet
705 3991 738 4053 in
764 3989 907 4053 Ecclesia
929 3989 1049 4054 Christi
1073 3988 1190 4054 adesse
1210 3987 1336 4054 debere
1354 3990 1513 4056 unionem

192 4096 280 4161 hanc
300 4094 379 4159 fidei
395 4116 574 4160 summam.
592 4099 680 4169 Quae
702 4095 825 4160 nullibi
841 4096 993 4161 cernitur
1008 4097 1072 4162 nisi
1090 4096 1124 4160 in
1141 4117 1211 4160 una
1230 4096 1377 4162 Ecclesia
1394 4096 1512 4163 catho-

191 4203 267 4268 liea.
284 4206 365 4267 Cum
383 4201 532 4265 Christus
552 4207 620 4266 tam
634 4201 797 4267 instanter
815 4203 903 4267 liano
919 4201 1079 4267 unionem
1094 4223 1174 4267 suae
1191 4202 1359 4268 Ecclesiae
1375 4211 1408 4269 et
1428 4203 1515 4270 side-

192 4309 275 4374 linm
299 4308 450 4374 omnium
477 4330 497 4372 a
521 4311 615 4372 Patre
641 4318 899 4396 petulcumque
929 4308 972 4373 ad
996 4309 1148 4374 divinum
1178 4309 1315 4375 unionis
1341 4310 1518 4400 exemplar

190 4415 351 4482 accedere
367 4423 400 4480 et
414 4414 510 4501 quasi
519 4414 726 4479 conformari
741 4416 926 4496 desideret,
944 4417 1114 4481 neminem
1133 4416 1252 4502 lugere
1266 4423 1389 4505 potest,
1407 4439 1517 4505 quan-

190 4530 263 4588 tum
279 4525 322 4588 sit
339 4523 446 4588 scelus
463 4522 551 4586 hanc
568 4523 728 4586 unionem
748 4521 827 4588 tidei
849 4523 1077 4588 interturbare
1094 4529 1127 4588 et
1144 4522 1278 4610 aliquos
1302 4524 1420 4590 fideles
1436 4527 1516 4592 hae-

190 4630 255 4694 resi
265 4630 315 4694 vel
325 4628 509 4694 schismate
526 4630 569 4693 ab
584 4629 708 4693 unione
723 4629 886 4696 Ecclesiae
902 4651 1069 4717 separare.
1084 4634 1342 4718 thnantopere
1360 4633 1512 4699 Christus

191 4734 279 4799 hanc
299 4736 461 4800 unionem
482 4741 633 4822 exoptet,
655 4736 801 4801 ostendit
823 4760 862 4802 oo
885 4758 1019 4824 quoque
1042 4736 1132 4824 quod
1151 4736 1351 4825 petitionem
1367 4739 1513 4806 eandem

190 4844 312 4930 repetit
331 4864 475 4929 euinque
501 4845 589 4908 Patri
605 4842 820 4907 commendat
835 4844 869 4908 in
887 4842 1035 4909 medium
1056 4844 1232 4933 proferens
1258 4843 1320 4932 (uti
1341 4838 1382 4910 in
1403 4869 1434 4911 v.
1460 4853 1513 4914 tt.

192 4948 245 5035 to)
262 4950 345 5037 quid
362 4950 432 5038 ipse
456 4950 523 5014 iam
540 4951 657 5015 lecerit
677 4949 721 5014 ad
737 4948 832 5016 illam
848 4950 1065 5016 efficiendam
1084 4974 1116 5016 v.
1137 4957 1179 5015 22
1194 4964 1227 5018 et
1243 4974 1306 5041 eqo
1322 4952 1516 5020 claritatem
