4050 5648
1997 477 2025 512 ,τὶ

469 542 527 614 16;
544 526 670 614 Toller,
683 531 707 600 l.
720 556 751 602 c.
767 556 802 623 p.
815 528 872 616 38)
884 550 892 612 ;
904 529 996 598 lesus
1008 555 1090 624 erqo
1101 528 1331 620 fatigatusea
1344 531 1465 599 itinere
1475 526 1612 597 sedebat
1627 529 1676 596 sic
1691 554 1796 620 supra
1882 538 1887 544 '
1912 511 1914 515 Ξ
1930 482 1997 618 i
2019 540 2025 630 j

464 644 613 727 sontem,
630 645 722 722 οὕτως
738 667 756 702 «
775 634 925 726 quidest
942 637 1030 708 illud
1052 637 1169 717 οὕτωςῗ
1186 655 1256 702 nou
1279 634 1317 701 in
1334 637 1437 721 solio,
1458 659 1527 706 non
1546 635 1582 702 in
1601 636 1793 726 pulvinari,
1899 679 1905 696 2
1923 630 2025 740 alsa}

467 743 526 810 sed
537 742 738 836 simpliciter
750 748 801 812 καὶ
817 749 858 825 ὡς
871 753 975 835 ἔτυχεν
989 747 1040 815 ἐπ’
1056 747 1181 830 ἐδάφους
1198 770 1214 803 ”
1233 739 1330 832 (ΟΜ
1350 741 1496 833 ΤήθθΡῘῑ·
1512 741 1651 831 harag
1668 743 1728 811 filii
1744 766 1796 811 1¹0·
1868 800 1870 804 ι
1974 774 2014 853 og

467 851 638 921 leruntsic
647 853 692 921 ad
700 850 875 941 fatigatas
885 852 970 942 (iam
984 848 1100 938 Bar.);
1113 848 1173 916 sed
1188 847 1397 938 ubicumque
1411 855 1504 932 οὕτως
1518 850 1564 919 ad
1574 849 1795 941 participium
1929 842 1961 943 ‘J
1976 831 2025 914 ἶ

467 960 670 1029 antecedens
682 956 844 1042 refertur,
858 959 1048 1026 collocatur
1060 961 1140 1025 ante
1153 957 1299 1024 verbum
1316 954 1452 1024 finitum
1470 957 1527 1046 (of.
1543 957 1678 1047 Sata.);
1698 957 1796 1025 sede-

465 1063 526 1135 bat
542 1068 589 1135 sic
609 1071 647 1133 ut
664 1068 739 1131 erat
760 1064 960 1155 (cl.'Wiacr
979 1063 1120 1152 §65‚9)‚
1145 1060 1343 1151 germanico
1364 1083 1373 1132 ε
1394 1061 1483 1129 ohne
1506 1062 1679 1146 weiteres;
1702 1063 1762 1131 alii
1783 1085 1794 1133 ε

331 1188 334 1196 ·
465 1172 604 1246 sedebat
624 1174 807 1261 propterea
830 1171 928 1263 (quia
950 1169 1024 1237 scil.
1050 1170 1219 1258 fatigatus
1241 1172 1331 1252 erat,
1358 1166 1427 1236 Tol.
1457 1167 1568 1238 Mala
1595 1172 1706 1260 Lap.,·
1722 1171 1795 1239 also
1876 1208 1889 1219 -·
1946 1179 1971 1283 *Ξ
1995 1224 2025 1252 ,

1995 1277 2025 1322 a,

472 1275 713 1364 Weizaeclcer)
723 1300 731 1361 ;
742 1300 849 1370 supra
862 1279 994 1345 fontem
1006 1286 1055 1346 ἐπί
1067 1278 1122 1346 vel
1132 1298 1255 1367 prope,
1268 1275 1375 1359 iuxta,
1386 1275 1440 1343 vel
1452 1297 1566 1367 super,
1579 1277 1662 1367 quia
1673 1299 1795 1366 margo

465 1388 592 1454 eminet
613 1406 716 1476 snper
733 1392 852 1475 pute03
873 1382 959 1451 bora
979 1396 1053 1452 mat
1071 1383 1176 1475 quasi
1188 1394 1287 1450 secta
1300 1384 1325 1449 i.
1349 1404 1379 1452 e.
1398 1382 1576 1467 mendica,
1597 1385 1686 1452 hora
1703 1391 1796 1453 sexta
1911 1430 1969 1468 ,

465 1494 509 1560 ab
521 1499 598 1560 ortu
612 1490 711 1574 solis;
725 1497 807 1565 nam
821 1489 1003 1559 duodecim
1015 1498 1096 1559 sunt
1107 1490 1214 1557 horae
1230 1489 1301 1557 diei
1315 1489 1443 1580 (11,o);
1463 1489 1506 1557 de
1522 1490 1689 1559 horarum
1701 1512 1796 1558 com·
1903 1520 1930 1576 a
1940 1501 1958 1587 f,
1975 1570 1978 1576 Ι

465 1597 643 1688 putatione
656 1597 735 1667 vide
755 1598 803 1669 ad
819 1602 898 1687 1,39
917 1603 952 1664 et
969 1620 1058 1689 quae
1074 1595 1195 1664 notavi
1213 1593 1251 1663 in
1271 1600 1459 1664 Comment.
1475 1601 1573 1665 liare.
1590 1620 1626 1687 p.
1644 1603 1721 1665 tlt.
1737 1597 1796 1665 Via

464 1704 507 1772 ab
521 1704 707 1772 ierusalem
727 1704 774 1773 ad
798 1709 943 1794 puteum
965 1705 1066 1772 laoob
1091 1701 1154 1795 por
1172 1696 1293 1771 Bethel
1314 1708 1364 1771 est
1386 1709 1427 1770 lt
1442 1703 1631 1789 horarum3
1657 1703 1687 1771 si
1706 1709 1797 1772 lesus
1920 1695 2025 1800 1333·

463 1817 598 1879 noctem
613 1812 782 1899 transegit
803 1811 843 1878 in
861 1811 997 1879 hebone
1019 1808 1235 1900 (al-haban),
1252 1809 1399 1877 meridie
1418 1809 1532 1900 potuit
1553 1810 1737 1900 pervenire
1751 1809 1797 1879 ad
1929 1797 1987 1853 ”⁷
2002 1792 2025 1892 Ξ

464 1918 592 1986 iontem
617 1917 717 1985 lacob
735 1923 862 1986 etcum
877 1938 919 1984 ea
936 1918 992 1988 via
1016 1917 1060 1984 sit
1078 1937 1218 2007 aspera,
1244 1920 1417 2000 montosa,
1440 1915 1561 1984 debuit
1574 1916 1714 2004 fatigari
1734 1917 1793 2006 (cl.
1927 1958 1941 2016 Ι,

462 2024 597 2114 Solea).
635 2028 725 2092 lesus
754 2024 947 2111 fatigatur3'
971 2024 1122 2091 formam
1154 2023 1245 2091 servi
1275 2023 1427 2112 accepit;
1457 2021 1629 2091 molestias
1659 2045 1797 2115 quoquo

463 2130 569 2213 servi,
589 2131 849 2219 fatigationem,
870 2131 1037 2215 esuriem,
1063 2129 1156 2198 sitim
1180 2129 1220 2197 in
1240 2151 1277 2197 se
1300 2129 1446 2220 experiri
1466 2128 1574 2198 voluit
1591 2131 1798 2199 assimilatus
1834 2115 1837 2120 ¹
1920 2118 1925 2148 ²
1959 2094 2025 2221 Ξ·

1963 2222 2005 2259 ’.Ἰ

463 2237 562 2304 nobis
581 2239 618 2305 in
639 2237 801 2305 omnibus
818 2244 960 2327 excepto
979 2242 1122 2327 peccato
1146 2235 1205 2326 (cl.
1221 2236 1337 2305 llatth.
1367 2241 1481 2321 ama.
1504 2237 1590 2305 Phil.
1605 2242 1676 2321 2,7.
1693 2237 1795 2305 Hebr.

464 2343 570 2435 o,15).
586 2343 680 2412 Unde
697 2345 735 2410 in
755 2343 899 2432 liturgia
921 2365 929 2412 :
958 2365 1163 2433 «quaerens
1185 2364 1241 2410 mo
1266 2341 1383 2410 sedisti
1402 2343 1510 2410 lassau
1524 2365 1561 2427 »3
1582 2343 1677 2411 sedet
1690 2343 1799 2412 lassus
1819 2376 1822 2381 ·
1940 2322 2001 2452 [Ξ

463 2473 631 2541 quaerens
645 2457 679 2518 et
693 2456 891 2541 exspectans
904 2450 1135 2541 peccatricem
1148 2470 1255 2540 quam
1272 2448 1399 2531 salvet,
1417 2449 1696 2540 quampluribus
1714 2451 1798 2518 edo·

464 2562 517 2624 cet
539 2557 619 2625 licet
640 2557 823 2650 fatigatus!
846 2560 947 2624 Notat
968 2559 1047 2646 ΟΨ.
1071 2555 1140 2625 dici
1155 2554 1258 2647 quasi
1277 2561 1406 2623 sextam
1430 2557 1568 2639 horam,
1594 2582 1612 2620 a
1637 2563 1675 2624 ut
1688 2561 1799 2627 etnos

464 2663 634 2731 dimamus
647 2685 756 2732 neres
766 2662 930 2731 minimas
942 2662 1083 2754 quidem
1098 2661 1199 2730 nullo
1216 2661 1413 2730 discrimine
1424 2661 1571 2746 habere,
1587 2662 1648 2730 sed
1663 2663 1702 2730 in
1720 2663 1798 2754 qui·

462 2770 580 2838 busvis
592 2771 771 2839 veritatem
786 2770 901 2846 colere
920 2797 951 2836 o.

509 2906 525 2937 a
542 2880 579 2943 ln
594 2882 665 2945 tota
687 2877 755 2944 hac
776 2876 991 2958 narratione,
1015 2875 1231 2966 potissimum
1252 2875 1289 2942 in
1307 2874 1522 2945 sermonibus
1536 2875 1659 2944 Christi
1677 2881 1712 2945 et
1725 2899 1801 2945 mu.

463 2984 575 3065 lieris,
589 2983 685 3050 vides
705 2990 745 3050 ut
763 3005 836 3050 sese
855 2982 972 3051 vivida
990 2981 1053 3049 illa
1074 3004 1116 3050 ac
1138 2982 1256 3050 nativa
1268 2981 1470 3073 simplicitas
1487 2981 1613 3072 prodat
1631 3006 1740 3075 aeque
1755 2971 1798 3052 'ac

461 3090 499 3156 in
516 3088 638 3156 ceteris
665 3089 863 3158 huiusmodi
886 3088 1105 3177 longioribus
1125 3088 1382 3157 narrationibus
1399 3088 1437 3156 in
1455 3088 1522 3157 hoc
1539 3091 1718 3177 cvangelio
1737 3090 1798 3158 de-

463 3195 620 3285 scriptis,
638 3218 743 3286 quam
762 3195 824 3286 qui
838 3195 924 3263 haec
943 3202 1104 3284 reputare
1128 3201 1275 3279 norunt,
1295 3193 1405 3285 probe
1418 3197 1570 3263 sentiunt
1582 3196 1797 3269 individuam
1911 3211 1917 3224 '
2012 3178 2017 3186 ⁸

463 3302 613 3370 veritatis
635 3304 798 3370 comitem
821 3312 895 3369 esse
916 3330 930 3362 a
962 3301 1086 3391 (Patr.)
1112 3325 1145 3370 v.
1167 3309 1188 3368 ⁷
1212 3301 1305 3368 venit
1326 3301 1451 3369 mulier
1470 3300 1511 3371 de
1529 3303 1691 3378 Samaria
1711 3305 1737 3371 i.
1763 3328 1793 3374 e.

463 3410 587 3477 mulier
601 3409 809 3477 samaritana
821 3409 866 3477 cf.
892 3431 924 3476 v.
943 3415 980 3489 93
999 3409 1091 3476 venit
1104 3430 1177 3475 non
1200 3430 1240 3476 ex
1258 3407 1429 3492 Samaria,
1448 3407 1564 3476 sodex
1583 3411 1732 3499 Sychem
1748 3413 1794 3480 cf.
1916 3456 1920 3463 -
2007 3464 2017 3497 ,

462 3539 494 3583 v.
511 3523 566 3584 28.
584 3523 643 3599 393
665 3515 805 3582 haurire
825 3535 975 3606 aquam,·
995 3515 1081 3582 dicit
1102 3515 1135 3582 ei
1155 3516 1250 3582 Iesus
1273 3535 1287 3580 .·
1309 3513 1355 3581 da
1378 3514 1466 3582 milri
1480 3515 1611 3603 liberm·
1623 3517 1691 3584 hoo
1706 3523 1797 3587 lesus

462 3622 563 3705 dicit,
584 3628 623 3689 ut
645 3622 817 3689 habeatur
841 3622 936 3689 locus
957 3621 1168 3689 instructorii
1193 3622 1361 3689 sermonis
1387 3621 1519 3712 (Alo.);
1541 3645 1655 3714 neque
1679 3631 1796 3696 umen

461 3734 645 3819 propterea
662 3726 850 3795 'dicendum
871 3734 922 3796 est
941 3749 1020 3794 oum
1042 3730 1121 3817 Cyr.
1147 3727 1251 3796 auca.
1280 3732 1389 3795 lesum
1411 3728 1504 3795 sitim
1526 3729 1720 3813 simulasse,
1741 3730 1795 3800 vel

462 3857 541 3902 cum
568 3834 644 3902 aliis
672 3855 754 3902 eum
774 3835 886 3902 solum
910 3856 1009 3901 suam
1029 3833 1122 3901 sitim
1146 3833 1360 3922 significasse
1382 3857 1451 3926 qua
1472 3834 1617 3904 salutem
1641 3838 1795 3906 mulieris

463 3943 679 4031 aliorumque
692 3939 920 4026 desideraret,
934 3941 994 4008 sed
1013 3941 1063 4007 uti
1078 3962 1157 4008 vere
1170 3963 1211 4006 ex
1225 3941 1349 4009 itinere
1364 3948 1438 4009 erat
1453 3942 1633 4029 fatigatus,
1652 3944 1702 4011 ita
1713 3966 1793 4011 vere

463 4051 567 4116 etiam
590 4047 682 4114 sitim
702 4047 915 4137 corporalem
938 4052 1097 4138 expertus
1123 4051 1185 4115 est.
1209 4050 1319 4115 Monet
1342 4047 1412 4115 Tol.
1435 4047 1607 4138 quomodo
1631 4050 1793 4119 Dominus

462 4156 752 4245 opportunitatem
781 4160 910 4242 captet3
940 4155 1064 4221 mulier
1089 4154 1290 4232 necessitate
1317 4158 1434 4222 coacta
1456 4155 1566 4237 venit;
1587 4155 1793 4246 temporales

464 4261 680 4329 necessitates
693 4267 728 4327 et
745 4259 940 4348 indigentia
961 4284 1063 4351 saepe
1085 4261 1197 4328 solent
1219 4260 1338 4328 salutis
1360 4261 1621 4353 consequendae
1635 4261 1717 4330 dare
1736 4286 1792 4332 oo·

463 4369 651 4446 cesionem;
671 4368 808 4435 videtur
828 4388 908 4435 casu
925 4370 1074 4452 venisse,
1094 4367 1154 4434 sed
1179 4367 1240 4457 qui
1253 4368 1370 4435 omnia
1383 4367 1552 4458 disponit,
1568 4369 1618 4436 ita
1635 4393 1710 4437 eam
1725 4369 1791 4438 du-

464 4476 579 4559 cebat,
604 4481 641 4541 ut
659 4480 741 4540 tunc
755 4473 889 4541 veniret
906 4473 1045 4563 quando
1069 4475 1145 4542 fons
1164 4473 1254 4541 vitae
1272 4475 1422 4542 Christus
1436 4474 1487 4541 ibi
1509 4481 1597 4543 esset
1617 4497 1786 4565 praesens.

467 4610 482 4640 «
504 4580 800 4673 Opportunitatem
825 4588 939 4649 autem
963 4580 1152 4669 quaerendi
1175 4603 1196 4648 a
1219 4579 1365 4646 muliero
1387 4579 1509 4648 habuit
1525 4578 1690 4664 Christus,
1709 4584 1792 4673 quia

465 4710 535 4753 non
552 4693 651 4756 erant
662 4687 712 4754 ibi
732 4686 892 4778 discipuli
910 4686 1070 4777 aquibus
1087 4694 1271 4778 quaereret
1284 4708 1427 4777 aquam,
1443 4693 1476 4755 et
1494 4688 1573 4756 ideo
1592 4687 1677 4755 dicit
1688 4711 1791 4759 evan·

464 4794 586 4882 gelista
610 4822 626 4858 o
648 4794 795 4884 (Thoos.)
820 4817 853 4861 v.
876 4804 896 4865 8
914 4793 1077 4884 discipali
1096 4795 1188 4862 caim
1202 4793 1276 4862 eius
1295 4793 1450 4861 abierant
1469 4796 1507 4862 in
1525 4794 1712 4879 civitatem,
1729 4803 1790 4887 Sy-

1994 4798 2020 5045 l.
