4050 5648
309 679 436 746 tionem
450 673 563 745 lovere
580 683 615 745 et
633 694 796 759 magnam
810 677 929 767 populi
944 676 1209 742 commotionem
1223 677 1371 743 excitare
1386 675 1572 745 videretur.
1584 686 1629 748 ht

305 807 340 852 se
358 802 428 848 esse
452 802 571 851 revera
590 777 757 865 Messium,
782 805 845 872 pro
864 780 1057 870 pharisaeis
1069 790 1103 849 et
1114 781 1234 848 scribis
1253 780 1346 848 clare
1361 783 1530 864 edixerat,
1552 806 1631 852 cum

305 894 386 957 etse
403 886 513 956 filium
524 887 675 957 hominis
685 886 782 975 (Dan.
810 887 905 973 ⁷,13)
924 888 1116 978 appellaret
1134 893 1169 954 et
1182 888 1298 953 omnia
1313 888 1374 954 illa
1388 891 1453 955 sibi
1468 889 1631 957 attribue

305 999 357 1061 ret
373 1016 460 1083 quae
485 1020 506 1064 a
528 993 600 1060 solo
622 997 736 1062 Messio
754 995 945 1083 exspectari
969 1001 1128 1084 poterant
1142 992 1201 1079 (cl.
1224 999 1387 1083 6,35scq.
1412 1002 1507 1076 7,38;
1532 1003 1627 1080 8,12;

306 1103 419 1190 10,11]
430 1127 437 1186 ;
450 1105 590 1188 insuper
604 1101 780 1169 habehant
794 1100 1029 1169 testimonium
1048 1099 1221 1189 baptistae
1235 1100 1279 1167 de
1297 1122 1350 1168 eo.
1372 1137 1416 1149 -
1432 1102 1572 1169 billicile
1582 1110 1632 1170 est

303 1206 341 1272 in
355 1207 420 1277 hac
436 1208 635 1298 quaestione
651 1207 793 1275 ludaeos
812 1229 883 1274 non
903 1228 1065 1274 accusare
1078 1206 1249 1274 mendacii
1263 1213 1298 1273 et
1312 1207 1517 1296 hypocrisis.
1536 1210 1632 1276 Dixe-

305 1321 382 1381 rant
395 1322 498 1382 antea
511 1313 555 1380 de
570 1318 645 1381 lesu
664 1335 671 1378 :
689 1312 912 1380 daemonium
929 1312 1051 1393 habet,
1070 1321 1205 1380 nonest
1223 1336 1243 1380 a
1262 1318 1345 1394 Deo,
1361 1336 1382 1380 a
1398 1315 1548 1381 Galilaea
1561 1336 1631 1382 non

304 1423 414 1508 surgit
426 1420 613 1509 propheta3
634 1439 728 1486 nunc
740 1441 822 1485 vero
837 1441 873 1485 se
885 1419 1023 1506 lingunt
1036 1421 1133 1508 quasi
1146 1420 1275 1501 anxios,
1294 1419 1429 1503 dubios,
1439 1442 1629 1511 suspensos

305 1534 343 1594 ut
360 1529 467 1595 sciant
488 1525 576 1594 sitne
600 1524 771 1607 Christus;
793 1532 970 1614 quaerunt
993 1548 1032 1592 ac
1053 1527 1080 1592 si
1102 1525 1193 1592 nihil
1215 1548 1368 1615 unquam
1384 1527 1426 1594 de
1441 1550 1477 1595 sc
1493 1533 1632 1596 testatus

303 1637 406 1714 esset;
427 1637 591 1722 expetunt
607 1631 738 1699 eiusde
752 1654 787 1699 se
808 1631 1060 1714 testimonium,
1078 1653 1156 1699 cum
1176 1638 1292 1700 tamen
1306 1633 1393 1700 alias
1405 1632 1575 1703 dixerint:
1596 1640 1633 1702 tu
1690 1690 1691 1693 ,

303 1738 346 1807 de
372 1746 404 1806 te
424 1739 498 1830 ipso
519 1737 756 1807 testimonium
781 1738 970 1826 perhibes,
990 1738 1225 1806 testimonium
1245 1744 1344 1807 tuum
1367 1746 1499 1808 nonest
1514 1762 1632 1807 rerum

240 1881 242 1884 >
305 1845 425 1934 (8,13>.

347 1956 427 2019 Erat
437 1974 532 2020 mens
548 1952 855 2040 interrogantium,
874 1960 912 2017 ut
930 1951 1008 2020 etr.
1026 1952 1091 2033 ait,
1108 1957 1269 2041 corrupta
1284 1958 1318 2020 et
1336 1951 1493 2020 subdola.
1512 1953 1633 2021 Volunt

303 2064 341 2125 ut
360 2079 397 2125 se
418 2059 568 2126 llcssiam
587 2058 803 2149 profiteatur,
827 2080 870 2125 ea
886 2058 1040 2147 prolecto
1065 2058 1272 2139 intentione,
1290 2065 1328 2126 ut
1352 2079 1431 2125 eum
1452 2063 1633 2149 usurpatae

303 2164 482 2252 dignitatis
498 2171 657 2233 accusent
676 2171 711 2232 et
734 2165 832 2254 quasi
851 2186 999 2251 regnum
1021 2170 1198 2255 appeteret
1216 2166 1371 2232 delerant
1389 2165 1434 2232 ad
1452 2164 1633 2253 magistra-

303 2276 376 2339 tum
390 2293 571 2339 romanum
586 2272 643 2360 (ol.
656 2270 739 2339 Bed.
755 2275 843 2361 Rup.
864 2271 980 2337 Tuom.
1001 2271 1077 2340 Cui.
1097 2271 1167 2339 Tol.
1181 2273 1271 2338 lans.
1290 2270 1399 2338 Muld.
1417 2270 1517 2339 Scbz.
1534 2272 1630 2362 Fit).

303 2382 393 2446 Bene
416 2380 557 2446 adnotat
579 2377 659 2450 car.
683 2400 696 2443 .·
717 2406 733 2441 ιι
754 2400 847 2445 nunc
878 2400 959 2444 vero
985 2378 1121 2445 illorum
1146 2379 1403 2468 perversitatem
1426 2378 1630 2447 considere:

304 2506 382 2552 cum
405 2485 628 2552 concionatur
642 2491 676 2552 et
693 2484 806 2552 verbis
820 2484 940 2565 docet,
957 2485 1080 2553 aiunt:
1098 2486 1192 2574 quod
1210 2484 1350 2572 signum
1366 2485 1536 2552 ostendis?
1550 2507 1630 2553 cum

303 2595 418 2658 autem
437 2590 599 2681 operibus
624 2591 934 2659 demonstrationes
953 2591 1100 2680 prolcrt,
1125 2591 1244 2659 dicunt
1268 2612 1276 2658 :
1297 2592 1325 2657 si
1348 2598 1386 2658 tu
1407 2613 1443 2658 es
1462 2591 1628 2673 Christus,

304 2697 359 2765 dic
373 2697 482 2764 uobis.
500 2704 585 2768 Dum
598 2720 703 2788 opera
719 2700 887 2777 clamant,
906 2699 1013 2765 verba
1033 2698 1225 2786 requirunt,
1238 2704 1272 2764 et
1288 2718 1367 2764 cum
1378 2699 1484 2765 verba
1496 2697 1632 2779 docent,

304 2804 348 2871 ad
367 2826 471 2894 opera
494 2805 711 2893 confugiunt.
736 2805 832 2883 Quod
857 2806 951 2871 enim
971 2826 1041 2870 non
1063 2803 1217 2871 discendi
1236 2826 1337 2871 causa
1360 2805 1630 2891 interrogarent,

305 2911 410 2979 exitus
424 2911 689 2993 demonstravit;
710 2933 814 3001 quem
834 2912 927 2979 enim
959 2911 1010 2978 ita
1032 2910 1099 2978 fide
1118 2911 1265 2997 dignum
1292 2911 1474 3000 putabant,
1492 2919 1531 2978 ut
1541 2910 1585 2978 de
1599 2931 1634 2978 se

304 3017 378 3107 ipso
392 3018 629 3086 testificantem
648 3018 888 3099 admitterent,
908 3017 962 3085 vel
984 3040 1096 3107 pauca
1115 3018 1312 3107 loquentem
1330 3019 1446 3083 statim
1460 3017 1635 3107 lapidibus

303 3123 473 3212 impetunt
493 3153 522 3190 u.
545 3130 669 3192 Eorum
688 3125 941 3214 impudentiam
964 3131 998 3191 et
1012 3126 1255 3214 procacitatem
1271 3124 1422 3212 graviter
1433 3122 1634 3214 perstringit

304 3251 337 3296 v.
359 3236 400 3296 25
424 3229 599 3320 respoudit
623 3232 671 3297 eis
691 3233 783 3298 lesco
798 3252 810 3295 :
827 3231 952 3320 loquor
970 3228 1065 3296 cobis
1084 3242 1117 3296 et
1137 3252 1207 3297 nort
1220 3229 1378 3311 creditu,
1396 3232 1480 3298 εἶπεν
1496 3229 1565 3297 dixi
1579 3252 1635 3297 vo

304 3336 373 3418 bis,
391 3338 414 3403 i.
432 3359 462 3404 e.
487 3337 556 3404 iam
571 3338 664 3404 clare
686 3338 757 3404 dixi
783 3338 879 3405 vobis
897 3359 952 3405 me
968 3359 1039 3407 esse
1059 3337 1247 3417 Christum,
1262 3343 1298 3404 at
1315 3360 1375 3403 vos
1392 3359 1464 3403 non
1478 3336 1632 3413 creditis;

305 3443 349 3511 cf.
371 3449 450 3521 5,3u
476 3466 546 3532 seq.
572 3450 653 3526 7,38
670 3450 706 3510 et
730 3443 778 3510 ila
803 3444 937 3511 locutus
958 3449 1025 3524 est,
1048 3450 1086 3510 ut
1109 3449 1219 3510 essent
1233 3443 1293 3533 qui
1313 3443 1468 3511 dicerent
1485 3465 1493 3512 :
1510 3442 1568 3510 hic
1585 3449 1635 3510 est

307 3549 457 3617 Christus
474 3556 568 3630 7,'al;
588 3555 667 3631 8,ss
686 3557 769 3631 etc.;
788 3550 889 3640 proin
904 3549 1052 3618 diceudo
1069 3570 1077 3617 :
1095 3552 1178 3618 εἶπεν
1205 3562 1314 3634 ὑμῖν...
1333 3549 1491 3640 explicite
1509 3550 1634 3616 iterum

305 3654 454 3722 affirmat
467 3679 502 3722 se
517 3679 588 3723 esse
603 3658 773 3725 Christum
788 3664 821 3724 ct
832 3657 976 3724 ulterius
991 3665 1157 3746 provocat
1169 3657 1214 3723 ad
1225 3658 1457 3723 testimonium
1468 3677 1632 3746 operum:

306 3784 408 3852 opero
423 3765 686 3852 peraeeqosacio
700 3765 737 3829 io
748 3764 887 3831 nentina
898 3763 1014 3830 Patris
1024 3764 1106 3845 mei,
1119 3763 1203 3831 baec
1218 3762 1635 3854 testimoniumperltibent

305 3867 347 3936 de
372 3891 425 3934 me
436 3890 449 3951 ;
470 3868 513 3934 cl.
538 3875 630 3953 5,36.
656 3876 720 3949 373
744 3870 782 3935 in
804 3870 945 3936 nominc
963 3872 1070 3937 Patris
1088 3873 1111 3937 i.
1134 3893 1166 3936 e.
1195 3871 1230 3937 in
1249 3872 1378 3937 unione
1398 3891 1476 3936 cum
1492 3873 1635 3937 Patreet

305 3977 427 4042 virtute
449 3975 493 4042 ab
514 3998 554 4042 eo
578 3983 718 4064 accepte
738 3983 772 4042 et
794 3976 867 4042 eius
888 3976 1052 4043 mandato
1066 3998 1125 4043 seu
1146 3978 1178 4042 vi
1199 3975 1370 4043 missionis
1389 3981 1537 4058 aPatre;
1555 3975 1634 4042 vide

306 4089 397 4163 uto.
416 4088 470 4148 36.
487 4088 544 4160 te;
563 4105 595 4149 v.
614 4089 656 4149 26
670 4080 733 4149 sed
746 4105 803 4148 cos·
818 4104 888 4149 troo
903 4081 1057 4163 creditis,
1070 4083 1154 4172 quia
1165 4106 1234 4149 nort
1250 4083 1328 4150 estis
1339 4106 1381 4150 ee
1400 4084 1515 4151 ovibus
1530 4082 1635 4167 meis,·

306 4189 476 4278 explicant
496 4188 629 4277 aliqui:
651 4190 733 4279 quia
748 4190 911 4256 nonestis
932 4188 1178 4279 praedestinati
1200 4192 1303 4279 (Aug.
1322 4189 1404 4256 Bal.
1425 4188 1540 4256 Thom.
1560 4187 1633 4258 Gai.

309 4296 410 4384 Tol),
433 4317 551 4361 verum
583 4302 733 4384 praestat
762 4317 839 4364 cum
866 4295 974 4362 rlluld.
1001 4294 1146 4385 aliisque
1173 4297 1350 4363 verbalia
1377 4296 1573 4384 concipere,
1598 4300 1634 4361 ut

307 4403 393 4469 ratio
410 4402 572 4469 reddatur
585 4424 606 4468 a
620 4406 693 4468 lesu
718 4425 785 4469 non
804 4424 844 4468 ex
864 4404 1047 4468 omissione
1063 4402 1200 4468 (livinae
1214 4400 1555 4491 praedestinationis,
1574 4400 1631 4469 sed

306 4531 346 4575 ex
360 4509 432 4599 ipsa
447 4509 587 4576 illorum
604 4508 706 4597 culpa
723 4510 745 4576 i.
763 4533 792 4577 e.
810 4533 867 4576 cos
885 4531 953 4576 non
968 4508 1106 4576 credere
1125 4509 1207 4598 quia
1223 4509 1361 4590 nolunt,
1379 4509 1463 4598 quia
1478 4509 1632 4595 maligno

307 4614 344 4681 iu
360 4619 468 4682 lcsum
484 4622 563 4684 sunt
577 4616 703 4682 animo.

353 4725 456 4798 Quem
482 4746 622 4791 sonsum
649 4744 720 4788 esse
740 4746 878 4805 verum,
902 4745 942 4790 ex
962 4723 1184 4811 sequentibus
1202 4729 1313 4813 patet,
1335 4744 1368 4786 v.
1392 4727 1433 4786 27
1455 4743 1635 4789 ooesrueac

307 4849 420 4895 uocem
440 4852 551 4897 ineam
569 4829 719 4898 arellium
741 4843 772 4896 et
796 4852 860 4917 epo
882 4851 1049 4918 coquosco
1064 4851 1122 4897 eus
1137 4843 1169 4898 et
1187 4840 1378 4919 separantur
1389 4850 1459 4909 me,
1485 4828 1564 4897 vide
1581 4848 1636 4895 su·

307 4958 368 5025 pra
382 4957 413 5003 v.
430 4942 460 5002 t.
481 4943 533 5006 1t.
558 4946 611 5006 16.
633 4941 700 5004 Cur
720 4935 767 5003 ita
790 4937 927 5024 pergit?
943 4965 959 4997 ι
980 4935 1217 5005 animadverte
1230 4934 1405 5027 quomodo
1419 4944 1450 5004 ἐν
1466 4947 1507 5023 τῷ
1522 4939 1636 5022 ἀπαγο-
