4050 5648
187 672 401 741 difficultate,
426 698 441 728 a
464 665 514 732 ad
534 669 725 731 extremum
743 668 868 735 Christi
886 687 966 732 caro
986 667 1165 754 proprium
1182 668 1347 755 quiddam
1362 670 1396 731 et
1415 672 1514 733 natu-

187 781 258 847 rale
272 798 387 847 rursus
402 773 547 862 patitur3
571 770 687 839 multis
703 774 794 840 enim
814 796 854 843 ac
871 773 975 838 variis
993 771 1169 840 doloribus
1184 774 1348 842 exsiccata
1364 773 1420 839 siti
1440 778 1511 838 tor-

185 893 324 976 quetur;
352 899 478 965 graves
511 878 653 968 quidem
680 876 816 948 dolores
845 899 1008 964 magnam
1037 878 1081 945 ad
1110 877 1202 945 sitim
1226 878 1508 947 commovendam

185 993 252 1057 vim
268 985 414 1064 habent,
434 984 584 1051 naturali
608 983 759 1073 quodam
780 992 814 1055 et
834 983 1069 1074 inexplicabili
1091 985 1204 1053 calore
1223 985 1402 1054 humidum
1427 1008 1508 1054 con-

185 1097 357 1188 sumentes
379 1099 413 1158 ct
433 1092 548 1179 igneis
571 1090 754 1160 ardoribus
773 1090 973 1184 praecordia
999 1099 1137 1160 urentes
1161 1120 1177 1153 »
1204 1092 1332 1182 (Cym).
1358 1095 1395 1161 ld
1416 1093 1508 1183 quod

185 1219 290 1288 quarn
308 1200 452 1265 maxime
466 1198 509 1265 iis
528 1195 688 1265 accidere
709 1199 795 1266 solet
809 1197 870 1288 qui
885 1197 1085 1267 vulneribus
1099 1200 1248 1289 acceptis
1265 1199 1411 1266 multum
1431 1223 1507 1266 san-

184 1304 299 1391 guinis
314 1305 556 1395 proluderunt.
577 1307 648 1371 lam
663 1310 754 1372 lesus
767 1329 788 1372 a
802 1326 908 1370 coena
925 1304 986 1372 illa
1000 1307 1194 1397 vespertina
1208 1305 1300 1373 nihil
1314 1327 1425 1395 neque
1440 1306 1507 1372 cibi

185 1433 295 1502 neque
314 1419 415 1502 potus
429 1416 627 1500 acceperat,
651 1412 814 1478 maximas
828 1410 1032 1479 afflictiones
1051 1412 1088 1478 in
1103 1413 1350 1498 flagellatione,
1368 1433 1507 1479 corona-

184 1519 292 1600 tione,
311 1519 503 1607 gestatione
527 1518 660 1598 crucis,
684 1517 903 1584 crucifixione
926 1541 1107 1609 perpessus
1126 1527 1200 1586 erat
1218 1525 1253 1587 et
1275 1521 1342 1586 iam
1364 1540 1426 1607 per
1440 1525 1509 1584 tros

183 1625 238 1693 vel
251 1626 400 1715 amplius
411 1624 517 1690 horas
533 1645 677 1713 corpore
697 1629 872 1690 cruentato
884 1625 957 1692 aeri
968 1627 1141 1715 expositus
1155 1627 1193 1692 in
1206 1647 1307 1692 cruce
1319 1623 1505 1715 pendebat.

184 1732 276 1800 Unde
290 1732 360 1798 dici
378 1752 447 1797 non
464 1736 575 1819 potest
589 1736 718 1820 quanta
730 1734 901 1798 tormenta
915 1731 1127 1798 sustinuerit.

228 1839 479 1904 cruciariornm
501 1858 603 1903 eausa
619 1842 754 1903 acetum
768 1843 903 1925 praesto
919 1837 1022 1904 luisse
1039 1842 1185 1926 apparet
1198 1859 1239 1903 eo
1254 1837 1347 1927 quod
1363 1839 1507 1928 spongia

183 1950 217 2011 et
236 1944 387 2010 calamus
405 1947 502 2008 erant
525 1947 648 2031 parata
668 1963 700 2008 v.
724 1948 767 2007 29
789 1965 848 2009 vas
869 1964 951 2032 erqo
973 1954 1047 2010 erat
1065 1943 1218 2034 positum
1232 1955 1327 2011 aceto
1342 1944 1508 2034 plenum

183 2055 251 2131 ὅξος
263 2049 451 2139 explicatur
466 2070 604 2139 quoque
615 2069 736 2137 posca,
755 2050 848 2138 potio
861 2071 902 2115 ex
916 2055 1012 2117 aceto
1026 2055 1062 2118 et
1073 2072 1163 2141 aqua
1176 2051 1296 2130 mirta;
1319 2049 1375 2116 illi
1390 2064 1504 2117 aretem

181 2157 362 2246 spongiam
374 2154 516 2247 plenam
529 2167 626 2222 aceto
641 2154 787 2246 hyssopo
800 2156 1094 2245 circumponentes
1106 2157 1130 2223 i.
1151 2180 1181 2224 e.
1199 2157 1332 2224 calamo
1347 2157 1503 2247 hyssopi:

182 2263 227 2331 cl.
245 2268 344 2330 itare.
369 2268 486 2346 15,36;
514 2262 632 2329 tlatth.
656 2268 770 2345 md,
792 2261 987 2329 obtulerunt
1011 2264 1065 2330 ori
1086 2266 1180 2346 eius,·
1194 2262 1346 2331 calamus
1365 2264 1506 2354 hyssopi

183 2370 400 2456 longitudine
421 2370 525 2436 habet
539 2369 665 2458 pedem
684 2391 790 2437 unum
807 2376 909 2460 alque
925 2370 1125 2449 dimidium;
1147 2393 1283 2438 crucem
1304 2371 1419 2460 itaque
1434 2394 1504 2438 non

153 2531 157 2538 .
181 2476 268 2544 adeo
291 2477 397 2543 altam
424 2476 527 2543 luisse
549 2482 708 2564 apparet.
731 2477 904 2543 Calamum
931 2477 1070 2568 hyssopi
1093 2477 1288 2546 adhibitum
1318 2500 1390 2545 esse
1413 2478 1506 2546 solus

182 2606 245 2651 nos
262 2585 363 2651 docet
385 2588 538 2650 loannes.
567 2583 763 2650 Fasciculus
784 2582 857 2649 eius
878 2584 1016 2672 plantae
1039 2584 1207 2671 sanguine
1231 2584 1313 2670 agni
1335 2583 1505 2673 paschalis

182 2690 308 2758 tinctus
333 2691 415 2757 olim
437 2689 617 2756 inservivit
644 2688 689 2756 ad
712 2689 966 2779 aspergendum
984 2690 1245 2780 superliminare
1269 2696 1301 2756 et
1322 2698 1504 2778 utrumque

180 2803 311 2887 postem
324 2798 393 2885 (Ex.
409 2797 541 2885 12,22);
557 2818 664 2886 qnare
679 2796 790 2886 aliqui
799 2796 1054 2874 concluserunt,
1071 2796 1116 2864 ab
1129 2797 1339 2885 evangelista
1352 2797 1504 2864 consulto

181 2909 214 2970 et
228 2910 348 2972 contra
370 2904 419 2969 rei
436 2906 616 2969 veritatem
641 2906 852 2970 mentionem
868 2904 1010 2994 hyssopi
1024 2903 1216 2971 narrationi
1233 2925 1305 2970 esse
1319 2902 1498 2982 insertam,

180 3009 264 3100 quia
281 3010 429 3076 voluerit
442 3008 706 3075 similitudinem
725 3010 899 3099 quandam
915 3010 1082 3098 effingere
1101 3010 1192 3077 inter
1209 3010 1360 3098 primum
1375 3010 1501 3099 pascha

180 3122 214 3184 et
228 3122 337 3185 lesum
352 3138 483 3204 agnum
499 3115 568 3183 Dei.
584 3114 650 3181 Sed
664 3116 820 3183 homines
834 3119 925 3184 acuti
942 3139 1014 3183 non
1024 3117 1143 3184 vident
1153 3117 1181 3183 si
1198 3119 1276 3206 quis
1289 3117 1419 3203 tingere
1432 3116 1501 3183 vel-

180 3225 227 3291 let
244 3224 348 3290 talem
367 3222 648 3303 similitudinem,
671 3221 812 3290 minime
829 3224 902 3290 tore
923 3228 962 3289 ut
983 3224 1123 3313 hyssopi
1138 3223 1271 3290 calamo
1285 3230 1440 3291 uteretur
1456 3224 1500 3289 ad

179 3337 299 3421 potum
315 3328 581 3418 porrigendum,
603 3328 640 3395 in
654 3352 723 3418 qua
743 3351 779 3396 re
799 3329 898 3397 nulla
910 3352 1049 3419 prorsus
1067 3336 1116 3397 est
1132 3329 1322 3397 similitudo
1341 3352 1418 3396 cnm
1433 3330 1500 3396 ritu

179 3438 263 3524 agni
277 3436 457 3527 paschalis.
474 3434 525 3502 ad
540 3434 650 3502 multo
665 3435 843 3503 meliorem
858 3435 1244 3510 considerationemnos
1258 3443 1377 3503 avocat
1391 3435 1468 3503 Chr.
1487 3459 1500 3500 .·

178 3551 217 3611 tu
231 3566 312 3611 vero
329 3544 414 3610 mihi
432 3541 613 3609 considera
628 3543 800 3632 quomodo
818 3542 999 3610 crucifixus
1013 3545 1132 3611 omnia
1150 3545 1224 3610 sine
1241 3542 1498 3632 perturbatione

177 3649 298 3733 iaciat,
318 3649 525 3739 discipulum
555 3648 597 3715 de
619 3656 728 3716 matre
748 3649 957 3739 alloquatur,
981 3649 1180 3739 prophetias
1198 3648 1355 3738 impleat,
1372 3649 1498 3715 latroni

178 3759 305 3825 bonam
321 3779 418 3845 spem
435 3755 544 3836 indat,
574 3757 706 3823 etiamsi
726 3761 912 3845 antequam
934 3756 1194 3843 crucifigeretur
1212 3757 1302 3822 visus
1315 3757 1418 3822 tuerit
1440 3779 1496 3823 su-

178 3865 277 3945 dare,
301 3864 337 3929 in
356 3862 481 3950 agonia
506 3884 595 3945 esse,
624 3863 759 3942 timere3
786 3862 856 3929 illic
878 3864 969 3929 enim
994 3869 1136 3931 naturae
1162 3861 1345 3929 infirmitas
1365 3867 1497 3930 ostensa

177 3978 243 4053 est,
268 3970 324 4036 hic
350 3970 542 4059 postestatis
566 3969 779 4056 magnitudo.
807 4009 850 4018 -
871 3973 957 4036 Sunt
979 3971 1038 4058 qui
1061 3976 1185 4060 putent
1204 3974 1339 4036 acetum
1360 3975 1494 4057 praesto

177 4078 298 4162 tuisse,
320 4099 388 4168 quo
407 4075 532 4141 milites
545 4097 621 4142 reos
641 4097 660 4141 a
674 4076 826 4166 deliquio
842 4075 1030 4142 excitarent
1046 4077 1098 4143 vel
1114 4079 1276 4142 fluentem
1291 4075 1494 4162 sanguinem

176 4186 420 4274 reprimerent;
442 4203 547 4271 quam
567 4183 767 4249 sententiam
788 4181 877 4251 Corl.
892 4182 1160 4273 probabiliorem
1175 4183 1354 4249 existimat.
1374 4188 1493 4250 Verum

177 4314 256 4358 cum
277 4315 356 4357 voce
374 4295 448 4357 lesu
465 4288 586 4355 andita
601 4288 715 4355 statim
736 4290 767 4356 ei
790 4313 828 4356 eo
849 4288 949 4356 modo
970 4310 1039 4377 quo
1057 4289 1133 4355 fieri
1148 4295 1259 4379 potest
1278 4295 1396 4378 potum
1413 4290 1495 4355 otie-

176 4405 269 4482 rant,
283 4398 369 4464 illud
385 4421 424 4464 ex
438 4397 503 4462 hoc
517 4395 636 4462 saltem
649 4395 723 4462 loco
738 4396 853 4483 colligi
865 4397 1000 4486 nequit;
1015 4423 1031 4457 a
1049 4397 1097 4462 sic
1113 4395 1164 4462 illi
1179 4402 1296 4486 potum
1311 4395 1491 4474 dederunt,

176 4514 213 4575 nt
231 4505 401 4574 damnatis
417 4503 626 4593 porrigitur;
648 4523 729 4568 nam
749 4504 914 4593 hyssopus
928 4502 1006 4569 ideo
1024 4509 1159 4592 praesto
1174 4508 1224 4570 est
1240 4531 1255 4562 »
1277 4501 1402 4590 (cta).

223 4645 238 4676 a
265 4613 389 4680 Deinde
421 4611 504 4701 quia
525 4608 614 4674 nihil
637 4616 845 4676 remanserat
870 4608 963 4699 quod
990 4616 1174 4699 antequam
1206 4616 1396 4675 moreretur
1419 4610 1491 4678 fieri

174 4721 288 4787 adhuc
303 4725 494 4809 oporteret,
512 4724 688 4805 tamquam
713 4715 770 4782 ille
790 4717 850 4805 qui
864 4721 1065 4806 potestatem
1080 4716 1231 4784 hahebat
1252 4715 1403 4804 ponendi
1419 4717 1492 4782 ani-

175 4849 265 4894 mam
282 4849 379 4893 suam
392 4826 564 4893 etiterum
579 4822 735 4890 sumendi
749 4845 842 4906 eam,
860 4823 1008 4913 peractis
1020 4824 1179 4891 omnibus
1195 4844 1283 4912 quae
1300 4829 1336 4889 ut
1348 4845 1491 4912 perage-

174 4939 292 5000 rentur
311 4932 527 5022 exspectabat
545 4931 711 4998 inelinato
733 4932 844 5020 capite
867 4929 1009 4997 tradidit
1031 4931 1188 5021 spiritum
1211 4957 1227 4990 u
1247 4930 1368 5019 (Aug.)
1387 4953 1418 4996 v.
1447 4937 1490 4996 30
