4050 5648
270 39 276 49 r
297 39 304 49 v
390 40 393 48 ι
506 44 512 52 ,
558 40 560 44 ·
593 41 627 55 ῃ.
652 40 716 53 ,ι,,,
813 40 887 54 ι.,-,
911 45 912 48 .
1009 45 1033 53 .„
1068 40 1136 55 ‘.'=**·
1162 43 1164 47 .
1188 39 1215 47 v-
1243 42 1292 55 ,,,,
1359 43 1366 55 .·
1414 39 1440 53 η·
1467 40 1524 56 ..ΠΗ
1561 40 1564 43 ·
1640 40 1683 55 *''''.'
1769 40 1843 53 ”rw-¹

266 39 332 103 Ἰ
413 88 419 95 .
463 47 501 102 ’.
523 94 528 103 ,
600 44 715 109 :.··?..;:.:.
725 71 738 106 ..-
792 88 928 123 ,
1018 54 1039 99 ··,·
1056 55 1066 101 .··
1075 64 1111 103 c·
1125 39 1844 119 *aascenetens-xerueeue=.s.2·.'.-12s.oo:t„aeo„ntssa;¹e

459 109 464 121 ι
499 120 503 127 ,
540 114 545 121 -
591 103 603 126 “,
766 108 768 115 “
944 101 947 107 ⁴
979 113 983 121 ι
1012 110 1016 129 j
1061 120 1062 123 .
1119 104 1155 125 [⁴
1228 100 1268 126 ιι.
1310 102 1365 127 'st'
1430 104 1513 131 '.·{'*
1585 105 1617 113 ‘⁴
1723 124 1726 129 ,
1767 103 1831 133 *κ’ίζ

573 122 577 131 ι
826 125 831 132 ι
1166 140 1168 143 .
1262 129 1266 133 .
1299 126 1302 133 l
1488 134 1491 141 1
1503 138 1511 154 ὃ
1560 118 1569 129 ι
1623 154 1625 158 b
1734 135 1738 141 ἡ
1752 132 1770 159 Ι,
1782 119 1816 179 Ii?
1823 117 1842 162 ,ἐπὶ

982 370 1064 416 mnu.
1087 354 1224 428 sla-16.
1702 348 1782 417 281-x
1828 346 1841 382 ·’

437 503 572 575 loannis
590 506 624 569 et
643 505 751 573 Patris
772 502 830 592 (cl.
854 507 946 583 5‚33.
965 506 1039 593 36);
1061 523 1174 591 neque
1195 501 1360 570 continuo
1372 523 1491 570 verum
1505 507 1570 583 est,
1587 500 1707 590 siquis
1718 505 1761 571 de

435 636 471 681 se
494 608 726 680 testimonium
750 606 952 697 perhibeat,
976 613 1044 679 hoc
1065 629 1136 674 esse
1156 607 1279 676 falsum
1301 609 1431 699 (lup).
1455 609 1556 677 llulta
1577 609 1668 677 enim
1684 616 1763 674 sunt

436 714 616 802 dequibus
642 719 745 784 homo
762 716 881 784 testari
899 718 993 785 solus
1012 720 1125 806 potest
1138 722 1173 783 et
1189 738 1278 806 quae
1290 715 1336 782 ab
1351 714 1428 781 eliis
1442 719 1480 780 ut
1491 737 1570 782 vera
1584 715 1691 806 recipi
1705 714 1764 782 de-

435 824 529 888 bent.
546 827 654 901 Quare
678 819 764 887 falso
784 824 889 890 etiam
905 823 1089 903 obiiciunt,
1105 824 1168 889 etsi
1188 822 1301 889 solum
1317 819 1565 887 dicer-evellent
1587 821 1764 889 :testimo-

436 927 532 996 nium
549 936 647 997 tuum
664 949 735 993 non
756 937 808 997 est
834 929 999 996 idoneum
1019 926 1064 995 nd
1080 928 1185 996 fidem
1197 927 1393 994 faciendam
1407 925 1592 994 meandum
1604 948 1763 994 normam

436 1034 522 1122 legis
537 1033 679 1126 (Corl.);
697 1056 729 1102 ν.
751 1042 791 1102 lt
807 1031 985 1124 respondit
1010 1037 1104 1103 lesus
1118 1047 1151 1102 et
1166 1032 1256 1100 droit
1271 1033 1320 1101 eis
1340 1033 1431 1101 :etsi
1444 1055 1507 1122 eoo
1533 1033 1764 1101 testimonium
1799 1117 1802 1123 .

428 1142 590 1231 perhibeo
605 1139 647 1206 de
659 1141 807 1232 meiprso,
826 1162 946 1208 oerum
962 1153 1009 1208 est
1024 1140 1259 1209 testimonium
1268 1146 1383 1207 meum
1397 1140 1482 1230 quio
1494 1139 1564 1207 scio
1574 1138 1666 1208 unde
1684 1139 1764 1208 oeni

435 1263 548 1340 etqua
564 1244 674 1332 ecda·
687 1247 830 1338 exponit
844 1246 1013 1330 Christus,
1030 1270 1092 1314 cur
1110 1248 1286 1315 affirmare
1302 1254 1407 1337 queat
1423 1268 1496 1314 rem
1513 1245 1564 1314 ita
1577 1269 1647 1315 esse
1663 1266 1672 1315 ε
1692 1247 1762 1314 scio

435 1360 539 1423 Deum
560 1374 582 1419 a
602 1375 671 1441 quo
691 1375 768 1421 sum
788 1359 823 1419 et
846 1354 891 1420 ad
917 1376 1022 1444 quem
1041 1354 1131 1422 vado
1146 1360 1181 1421 et
1195 1375 1250 1421 mc
1265 1353 1396 1445 quippe
1412 1354 1473 1443 qui
1485 1376 1525 1421 ex
1539 1359 1605 1421 Deo
1615 1353 1679 1420 sim
1693 1376 1764 1421 non

435 1482 533 1552 posse
560 1460 698 1527 mentiri
721 1460 865 1550 (Patr.);
894 1488 911 1522 «
934 1482 974 1527 ex
992 1465 1059 1528 Deo
1077 1481 1153 1529 sum
1176 1467 1210 1528 et
1235 1465 1325 1528 Deus
1343 1466 1376 1528 et
1392 1459 1493 1527 lilius
1506 1461 1579 1543 llei;
1597 1465 1683 1528 Dens
1697 1459 1764 1528 sibi

434 1566 502 1632 fide
521 1564 647 1652 dignus
665 1566 760 1634 testis
780 1573 830 1633 est
852 1592 868 1627 »
893 1565 1020 1658 (coa).
1048 1571 1132 1635 Nam
1152 1567 1273 1635 lumen
1294 1571 1329 1634 et
1352 1566 1419 1634 alia
1435 1565 1644 1635 demonstrat
1663 1559 1697 1634 et
1711 1588 1764 1634 se-

433 1674 546 1763 ipsum
560 1672 695 1762 (Aac).
712 1674 808 1740 llisce
824 1673 949 1741 verbis·
959 1673 1118 1742 enuntiat
1135 1674 1290 1741 Christus
1309 1673 1519 1765 principium
1535 1678 1569 1741 et
1585 1673 1687 1741 finem
1700 1672 1767 1740 nd-

435 1784 554 1847 ventus
574 1778 627 1847 sui
653 1778 756 1869 (Tol.)
775 1786 810 1846 et
831 1779 951 1846 omnia
971 1779 1213 1869 complectitur
1226 1801 1316 1870 quae
1331 1779 1375 1847 de
1387 1801 1422 1848 se
1436 1779 1611 1848 testificari
1624 1785 1762 1871 potest:

436 1886 635 1972 mysterium
650 1885 897 1954 lucarnationis
910 1892 944 1954 et
957 1887 1030 1954 eins
1039 1887 1190 1956 fructum
1207 1885 1265 1976 (cf.
1286 1885 1411 1975 Corl.);
1428 1908 1486 1954 cos
1499 1897 1616 1954 autem
1628 1886 1765 1954 nescitis

435 1990 527 2057 unde
552 1991 651 2059 uenio
672 2005 736 2059 out
757 2014 826 2083 quo
852 1992 939 2060 uodo
963 2014 1023 2060 vos
1043 1993 1212 2081 ignoratis
1236 2014 1350 2061 meam
1368 1992 1583 2076 missionem,
1597 1992 1765 2080 ignoretis

435 2096 527 2164 unde
538 2097 603 2164 sim
617 2104 652 2166 et
661 2121 730 2189 quo
744 2099 870 2167 vadam
885 2122 988 2191 opere
1001 2099 1039 2166 in
1049 2105 1146 2168 terra
1155 2100 1326 2189 completo
1336 2122 1344 2182 ;
1355 2089 1649 2190 ignornntntique
1662 2100 1764 2191 culpa

434 2224 511 2286 sua,
539 2205 621 2293 quia
649 2206 872 2296 apertissimis
895 2207 1004 2295 signis
1026 2206 1153 2275 nolunt
1180 2206 1337 2288 credere3
1362 2206 1509 2296 ideoque
1531 2207 1765 2274 testimonium

436 2314 509 2377 lesu
521 2309 611 2379 dese
625 2309 782 2401 ineptum
796 2334 868 2380 esse
884 2314 1034 2382 clamant
1047 2314 1093 2381 ad
1108 2313 1214 2381 fidem
1228 2311 1436 2381 faciendam.

479 2418 558 2484 llius
576 2418 796 2506 ignorantiae
819 2421 907 2487 ratio
925 2419 1103 2489 indicatur
1121 2442 1155 2487 r.
1184 2427 1225 2490 15
1246 2443 1305 2488 vos
1320 2420 1508 2488 secundum
1522 2441 1659 2488 caraem
1672 2418 1766 2487 iudi-

435 2524 517 2590 cato
531 2527 606 2592 κατὰ
620 2533 674 2609 τὴν
690 2532 787 2613 σάρκα
801 2547 870 2593 non
887 2533 938 2594 est
952 2527 1077 2595 iniuste
1095 2525 1203 2615 (cor.)
1217 2527 1278 2593 sed
1300 2554 1316 2596 u
1340 2547 1400 2594 vos
1418 2525 1547 2594 idcirco
1559 2547 1614 2593 me
1624 2547 1694 2593 non
1708 2547 1764 2593 co·

434 2629 599 2717 gnovistis
621 2631 705 2720 quia
726 2632 818 2699 nihil
839 2638 1085 2724 praeterquam
1111 2633 1206 2724 quod
1229 2639 1376 2723 apparet
1396 2632 1594 2720 intelligere
1615 2631 1718 2699 vultis
1745 2659 1761 2692 a

436 2736 609 2826 (Ammon.
627 2739 764 2825 liuta),
781 2746 925 2829 propter
945 2759 1084 2808 carnem
1105 2739 1189 2830 quia
1209 2740 1314 2807 homo
1330 2739 1526 2828 conspicior
1539 2760 1595 2807 me
1612 2744 1766 2806 contem·

434 2844 515 2910 uitis
529 2843 624 2934 (Cyr.
639 2848 730 2935 Auo.
750 2844 849 2932 ned.)
863 2889 876 2927 ,ι
889 2846 1081 2915 'secundum
1101 2852 1344 2939 paupertatem
1358 2851 1393 2914 et
1404 2844 1625 2934 exiguitatem
1638 2864 1779 2936 paren-¹

434 2954 507 3016 tum
522 2971 676 3017 meorum
692 2956 724 3019 et
743 2953 1024 3043 propinquorum
1040 2974 1225 3043 personam
1245 2974 1357 3020 meam
1372 2952 1549 3020 attenditis
1563 2958 1598 3020 et
1609 2973 1715 3043 supra
1727 2950 1765 3019 id

436 3055 528 3144 quod
540 3054 674 3124 visibile
689 3063 741 3124 est
757 3058 847 3126 nihil
859 3058 983 3126 audire
1000 3059 1056 3126 vel
1069 3059 1265 3146 intelligere
1284 3059 1387 3128 vultis
1405 3058 1507 3149 (llup.
1521 3057 1636 3127 Thom.
1654 3057 1762 3126 Malo.

434 3169 468 3228 et
480 3160 663 3252 plerique).
681 3163 794 3232 Tacite
808 3187 949 3255 quoque
968 3165 1308 3256 hocpharisaeorum
1324 3165 1490 3233 iudicium
1504 3165 1628 3233 falsum
1643 3169 1678 3232 et
1690 3186 1767 3232 car·

434 3267 511 3334 nale
532 3274 565 3337 et
594 3270 789 3357 malignum
812 3272 1014 3362 perstringit
1038 3271 1156 3339 dicens
1184 3293 1279 3363 :eqo
1307 3293 1375 3340 nou
1401 3271 1514 3340 iudico
1539 3290 1767 3363 quemquam

435 3377 478 3441 cl.
497 3380 577 3456 3,ss
592 3398 662 3442 non
674 3377 767 3444 enim
784 3379 876 3446 misit
888 3384 974 3447 [teus
989 3378 1112 3446 Filium
1123 3399 1224 3446 suum
1238 3378 1275 3445 in
1294 3379 1459 3447 mundum
1475 3384 1514 3447 ut
1524 3378 1654 3447 iudicet
1668 3399 1768 3445 mun·

435 3480 535 3565 dum,
554 3482 614 3549 scd
633 3489 671 3551 ut
693 3485 845 3552 salvetur
863 3484 1013 3553 mundus
1034 3507 1096 3574 per
1111 3485 1242 3576 ipsum3
1266 3486 1486 3576 arrogantiae
1506 3485 1765 3577 pharisaeorum

436 3609 533 3654 suem
556 3591 701 3679 opponit
718 3589 922 3659 modestiam
942 3598 976 3659 et
994 3591 1271 3659 benevolentiam
1286 3615 1385 3661 suam
1400 3614 1517 3660 corum
1536 3591 1762 3682 perversitati.

437 3699 507 3761 Non
518 3716 589 3762 esse
603 3696 836 3786 supplendum
850 3697 1040 3765 secundum
1055 3720 1194 3766 carnem
1208 3699 1312 3788 (quod
1326 3699 1436 3789 aliqui
1449 3698 1621 3789 supplent,
1640 3698 1764 3788 Auq.),

436 3807 530 3892 patet
555 3823 596 3869 ex
610 3804 777 3892 sequenti
804 3804 926 3894 (Mold.
952 3803 1083 3895 scos).
1107 3805 1191 3873 Aliis
1212 3805 1324 3895 placet
1344 3826 1468 3873 nexum
1490 3805 1539 3873 ita
1563 3805 1763 3874 adstmere:

439 3936 456 3970 «
470 3931 532 3976 cur
558 3931 627 3976 non
652 3909 855 3997 redarguis?
874 3913 957 4002 quia
973 3934 1043 3979 non
1062 3911 1108 3980 ad
1124 3912 1191 3979 hoc
1205 3913 1300 3993 veni;
1319 3935 1400 3980 nam
1414 3913 1442 3979 si
1456 3911 1609 3981 iudicare
1621 3911 1763 3994 vellem,

437 4038 477 4082 ex
492 4016 732 4084 damnatorum
744 4039 890 4087 numero
905 4020 1020 4088 esselis
1036 4047 1052 4083 »
1069 4018 1164 4111 (cor.
1187 4021 1295 4109 Cyn).
1317 4025 1445 4088 Nexum
1464 4019 1567 4086 etiam
1579 4018 1766 4086 faciliorem

436 4122 566 4190 indicat
580 4127 671 4191 lons.
689 4145 703 4188 .·
716 4126 868 4194 secunda
883 4127 971 4194 ratio
990 4149 1059 4216 qua
1077 4126 1183 4193 etiam
1195 4128 1358 4194 Dominus
1372 4129 1462 4195 inter
1472 4148 1508 4193 se
1522 4132 1557 4193 et
1570 4124 1767 4214 pharisaeos

438 4229 677 4298 discretionem
702 4231 785 4298 facit
804 4241 880 4301 est:
902 4255 961 4302 vos
983 4234 1141 4301 iudicatis
1165 4233 1208 4300 de
1232 4233 1336 4301 rebus
1360 4240 1393 4302 et
1418 4233 1572 4323 personis
1585 4231 1718 4299 carnali
1733 4238 1768 4299 et

438 4339 590 4404 humano
605 4336 748 4420 iudicio,
761 4337 911 4430 ideoque
925 4347 1076 4409 vestrum
1091 4340 1259 4408 iudicium
1275 4343 1473 4429 frequenter
1485 4360 1556 4407 non
1567 4344 1617 4406 est
1630 4360 1762 4405 verum.

439 4449 510 4530 Ego
526 4464 605 4510 vero
623 4446 685 4512 etsi
703 4467 766 4536 pro
786 4467 863 4513 meo
885 4448 999 4516 officio
1018 4471 1110 4515 nunc
1125 4449 1299 4515 neminem
1317 4446 1467 4514 iudicem
1487 4445 1673 4535 (nonenim
1687 4447 1766 4513 veni

440 4557 479 4619 ut
493 4550 642 4618 iudicem
661 4553 827 4620 mundum
836 4552 897 4620 sed
911 4560 950 4622 ut
968 4555 1186 4642 salvificem),
1208 4560 1324 4620 tumen
1337 4554 1365 4621 si
1378 4554 1481 4621 velim
1497 4550 1598 4619 modo
1612 4551 1766 4620 iudicare

440 4665 475 4724 et
489 4661 516 4725 si
531 4657 670 4749 quando
680 4658 724 4727 de
744 4682 798 4728 me
813 4666 874 4728 aut
886 4659 963 4728 aliis
976 4662 1139 4743 iudicem,
1155 4659 1324 4750 iudicium
1340 4683 1454 4728 meum
1466 4680 1583 4727 veram
1595 4667 1661 4742 est3
1673 4681 1706 4727 v.
1724 4666 1765 4727 16

441 4780 473 4832 et
485 4766 517 4833 si
529 4765 645 4833 iudico
659 4787 739 4855 epo,
756 4767 928 4836 iudicium
944 4789 1058 4838 meum
1078 4791 1195 4837 verum
1214 4781 1278 4850 cst,
1300 4768 1384 4859 quio
1407 4766 1499 4837 solus
1516 4788 1586 4836 non
1600 4791 1691 4852 surae,
1706 4766 1767 4835 scd
