4050 5648
210 403 213 410 ·
233 398 278 429 υ,

212 566 219 575 ι
255 552 277 577 ,ἰ’

224 592 260 662 ·¹'·'
297 685 299 688 ,
367 613 473 677 tatem
500 608 564 676 viri
590 612 780 703 appetitum
804 605 1071 677 intellectualem
1098 611 1228 700 (Thom.
1244 604 1353 673 Salm.
1377 609 1450 676 eoi.
1469 607 1597 697 lausi,
1620 603 1692 674 Tol.

206 708 224 751 ’ἵ
367 719 484 782 autem
504 715 552 785 ita
573 714 740 802 distingui
755 721 869 779 censet
884 712 1096 785 nativitatem
1111 740 1151 784 ex
1166 714 1350 783 inhonesto
1363 721 1397 779 et
1413 716 1556 782 honesto
1569 734 1697 783 concn-

366 818 453 887 bitu.
477 826 622 893 Proinde
636 845 679 889 επ
694 822 763 883 Deo
787 821 885 888 nasei
903 825 952 886 est
971 842 1041 889 non
1061 822 1256 900 carnaliter,
1277 818 1337 885 sed
1359 821 1598 908 spiritualiter,
1624 842 1697 888 non

221 992 243 1026 ‚¹
350 923 528 1019 corpore,
553 930 614 998 sed
635 925 751 993 animo
770 925 927 1014 (Mate),
948 948 988 991 ox
1009 931 1064 996 liei
1079 930 1202 1019 spiritu
1217 932 1251 991 et
1268 924 1397 1011 gratia,
1415 949 1504 1015 quae
1519 929 1696 1014 generatio

200 1046 234 1117 ,5¹2
250 1076 259 1096 ·
364 1033 433 1103 iam
454 1037 548 1127 apud
565 1033 749 1121 prophetas
764 1032 938 1101 indicatur
952 1053 960 1098 ε
974 1035 1132 1123 spiritum
1151 1053 1278 1102 novum
1292 1032 1446 1099 tribuam
1459 1034 1495 1099 in
1510 1031 1698 1100 visceribus

200 1134 214 1163 '
364 1161 501 1220 eornm;
517 1139 677 1228 spiritum
689 1160 818 1208 novum
833 1159 960 1229 ponam
975 1140 1014 1207 in
1036 1141 1148 1208 medio
1164 1138 1266 1207 vestri
1278 1145 1313 1206 et
1323 1137 1485 1229 spiritum
1501 1143 1697 1229 menmpo-

366 1269 448 1316 nam
463 1248 497 1311 in
512 1243 626 1312 medio
643 1246 746 1313 vestri
760 1247 831 1336 (uz.
856 1251 973 1327 11,19;
989 1254 1108 1329 3626,
1123 1248 1198 1337 27),
1211 1245 1386 1312 effundam
1405 1242 1564 1334 spiritum
1582 1266 1697 1313 meum

365 1372 469 1442 super
482 1372 599 1418 semen
614 1359 711 1420 tunm
726 1353 783 1441 (ls.
801 1352 909 1439 tua).

211 1628 238 1649 ,,
330 1577 332 1582 ’
405 1574 449 1634 De
465 1592 606 1652 quonam
627 1579 772 1653 tempore
790 1573 986 1652 evangelista
1002 1575 1152 1653 loquatur
1164 1593 1196 1634 v.
1213 1574 1244 1634 9.
1266 1575 1305 1635 10
1318 1591 1383 1634 non
1405 1578 1454 1635 est
1468 1591 1533 1635 una
1551 1572 1697 1646 omnium

365 1673 534 1733 sententia.
547 1675 677 1733 Veteres
687 1671 819 1749 quidem
829 1677 1014 1733 constanter
1025 1672 1186 1751 explicant
1195 1672 1234 1733 de
1245 1671 1347 1732 verbo
1358 1677 1432 1732 ante
1443 1673 1698 1733 lncamationem

365 1767 415 1848 (cl.
434 1766 508 1832 Chr.
529 1767 603 1849 Cyr.
621 1768 732 1849 Aaou
749 1774 781 1829 at
800 1770 865 1830 iam
884 1766 951 1828 Tol.
971 1770 1107 1848 explicat
1119 1788 1151 1828 v.
1166 1770 1185 1831 9
1199 1770 1239 1831 de
1251 1770 1354 1830 Verho
1369 1769 1547 1841 incarnato,
1565 1768 1604 1829 de
1621 1769 1695 1829 illn-

364 1867 538 1928 minatione
562 1883 659 1944 quam
680 1867 820 1927 Verbum
842 1867 877 1927 in
898 1883 992 1927 carne
1018 1868 1149 1929 veniens
1170 1866 1330 1938 attulerit,
1347 1866 1403 1930 sed
1426 1867 1459 1927 in
1479 1885 1510 1928 v.
1527 1866 1567 1926 re
1589 1870 1697 1928 tamen

363 1964 512 2026 concedit
533 1980 714 2041 regressum
745 1963 814 2025 lieri
838 1963 877 2024 ad
909 1964 1044 2024 Verhnm
1071 1970 1144 2025 ante
1166 1964 1438 2038 incarnationem,
1461 1962 1562 2024 Mcld.
1587 1967 1697 2025 antem

363 2062 498 2123 multum
522 2059 688 2121 contendit
709 2062 742 2120 in
766 2079 796 2120 v.
818 2063 857 2123 l0
876 2061 926 2140 agi
949 2062 987 2122 de
1010 2063 1111 2124 Verbo
1137 2061 1318 2133 incarnato,
1337 2062 1487 2140 quamvis
1511 2060 1694 2123 concedat:

364 2182 379 2212 α
403 2160 522 2220 mirum
549 2163 668 2237 quanto
694 2175 854 2219 consensu
877 2163 1001 2221 veteres
1027 2159 1217 2239 interpretes
1239 2159 1278 2221 de
1298 2159 1404 2220 Verho
1427 2163 1601 2237 antequam
1623 2175 1697 2219 caro

364 2256 453 2317 tieret
468 2257 552 2316 hunc
564 2256 673 2316 locum
690 2254 869 2334 intelligant
886 2280 912 2315 ».
929 2257 1042 2318 Censet
1056 2258 1142 2319 enim
1157 2255 1190 2317 io
1203 2254 1318 2317 maredo
1333 2263 1401 2316 erat
1414 2273 1485 2317 esse
1503 2256 1696 2318 sumendum

363 2352 476 2415 eodem
493 2370 605 2424 sensu,
622 2371 685 2431 qno
708 2352 818 2414 statim
837 2353 961 2415 dicatur
976 2354 1155 2436 inproprie
1177 2354 1274 2431 verrit,
1291 2371 1366 2434 ergo
1382 2358 1554 2432 utrumqne
1577 2353 1616 2414 de
1640 2352 1696 2413 ad·

363 2457 461 2512 ventu
485 2451 518 2511 in
541 2469 648 2525 carne;
667 2450 741 2512 dein
763 2468 838 2512 cnm
857 2456 930 2512 ante
952 2451 1206 2513 incarnationem
1227 2450 1364 2513 mundus
1377 2452 1518 2514 Verbum
1538 2469 1603 2530 qua
1617 2451 1697 2512 Ver·

362 2551 441 2611 hum
458 2566 522 2610 non
536 2550 695 2628 potuisset
713 2565 919 2628 cognoscere,
937 2550 1034 2611 etiam
1055 2549 1135 2610 illud
1155 2548 1289 2610 mundus
1306 2569 1376 2610 eum
1390 2569 1454 2610 non
1474 2549 1617 2630 cognovit
1632 2566 1696 2610 non

362 2664 456 2725 posse
486 2665 555 2709 esse
581 2647 864 2726 reprehensionem
889 2648 929 2709 de
957 2654 1101 2728 tempore
1125 2653 1198 2709 ante
1227 2648 1495 2721 lncamationem;
1522 2663 1619 2726 qnam
1644 2665 1696 2708 ra-

365 2745 485 2806 tionem
502 2746 566 2805 iam
581 2745 699 2805 refutat
713 2742 793 2824 Lep.
808 2745 922 2806 dicens
936 2746 1126 2825 reprehendi
1141 2763 1196 2807 eos
1211 2746 1287 2824 quia
1300 2747 1412 2806 mundi
1427 2746 1612 2806 Creatorem
1631 2762 1697 2805 non

362 2842 579 2920 cognoverint.
597 2841 785 2919 Etproiecto
797 2842 895 2901 verba
907 2843 950 2902 ita
962 2847 1145 2920 comparata
1158 2848 1248 2910 snut,
1264 2848 1298 2903 ut
1311 2843 1522 2921 plurimorum
1538 2842 1695 2920 interpre-

362 2940 440 3001 tatio
470 2957 508 3001 ea
534 2938 700 2999 intellexit.
723 2936 833 2997 Estius
861 2938 993 3016 quidem
1014 2940 1162 3018 seqnitur
1186 2957 1256 3001 eam
1284 2939 1583 3018 interpretationem
1613 2957 1695 3017 quae

361 3035 459 3098 Motd.
480 3037 618 3116 placuit,
635 3034 734 3097 Soloi.
752 3052 823 3097 eam
843 3041 1094 3109 commemorat,
1113 3043 1146 3098 at
1161 3035 1293 3099 alteram
1312 3038 1445 3099 omnino
1460 3037 1599 3116 praefert
1613 3054 1695 3116 quae

361 3135 463 3214 magis
479 3140 600 3194 etcum
620 3133 828 3212 praecedente
843 3134 985 3195 clausula
1002 3135 1042 3197 de
1061 3135 1131 3195 luce
1153 3139 1227 3196 ante
1248 3135 1500 3196 lncamationem
1520 3141 1694 3208 consonet;

315 3263 318 3268 ·
359 3232 426 3303 alii,
444 3232 489 3293 uti
510 3231 650 3307 Tirinus,
666 3228 741 3291 Nat.
757 3227 857 3292 Colm.
875 3235 1041 3310 utramque
1055 3237 1239 3312 proponunt
1253 3249 1260 3292 :
1276 3232 1310 3293 in
1321 3230 1442 3294 mundo
1458 3236 1527 3294 erat
1541 3232 1604 3293 iam
1622 3231 1696 3293 inde

361 3330 400 3390 ah
416 3329 509 3390 initio
521 3345 672 3408 praesens
687 3346 744 3407 per
758 3345 852 3389 snam
865 3328 1068 3389 divinitatem
1083 3346 1120 3391 ac
1133 3329 1262 3390 tandem
1278 3329 1374 3391 etiam
1390 3329 1590 3391 incarnatum
1606 3347 1695 3409 prae-

361 3443 433 3488 sens
448 3427 508 3488 lact
532 3445 562 3487 m
575 3431 624 3488 est
635 3443 791 3505 persuum
804 3424 1036 3487 humanitatem
1051 3425 1212 3506 (Tirinus).
1226 3427 1477 3508 Explicationem
1489 3424 1588 3487 Motd.
1606 3427 1694 3488 illam

362 3448 542 3602 sequentis
556 3523 670 3605 Meyer,
695 3521 800 3584 Weiss.

403 3622 437 3681 ln
452 3639 481 3680 v.
499 3623 536 3681 ll
553 3622 587 3679 io
603 3620 737 3702 propria
758 3620 973 3685 venit-omnes
994 3638 1072 3698 quos
1095 3621 1159 3681 vidi
1181 3621 1325 3682 sentiunt
1341 3620 1392 3701 agi
1407 3622 1514 3682 solum
1538 3621 1577 3682 de
1590 3623 1695 3682 Verbo

364 3719 535 3780 incarnato.
551 3722 591 3778 ht
604 3723 681 3797 puto
697 3719 792 3779 aliam
811 3718 1030 3798 acceptionem
1047 3719 1207 3780 contextui
1224 3718 1448 3797 sermonisque
1462 3720 1646 3798 progressui
1662 3725 1697 3780 et

362 3817 407 3878 rei
421 3817 547 3877 veritati
563 3817 666 3895 magis
681 3816 851 3877 convenire
868 3832 971 3894 neque
992 3833 1062 3876 eam
1077 3817 1180 3877 verbis
1199 3817 1329 3895 opponi.
1349 3816 1464 3894 Utique
1480 3834 1542 3878 non
1558 3817 1619 3877 erit
1638 3836 1697 3878 ne·

360 3914 500 3995 gendum
514 3914 610 3975 verha
624 3931 662 3975 ea
677 3913 775 3974 etiam
794 3913 1015 3992 complectier
1030 3914 1301 3992 comprehendere
1316 3919 1445 3992 tempus
1461 3920 1536 3992 post
1550 3916 1695 3975 incarna-

362 4014 499 4085 tionem;
518 4017 550 4071 at
564 4028 622 4089 pro
637 4029 674 4072 eo
691 4028 823 4090 qnoque
841 4016 985 4091 tempore
1000 4013 1193 4090 evangelista
1206 4011 1267 4073 hoc
1280 4012 1351 4072 loco
1367 4012 1473 4072 solum
1487 4012 1602 4072 asserit
1616 4012 1693 4072 Ver-

362 4111 437 4172 hum
461 4109 604 4182 venisse,
628 4109 683 4169 sed
709 4109 872 4187 quomodo
896 4110 1033 4179 venerit,
1060 4108 1201 4170 nondum
1226 4109 1336 4187 tangit,
1363 4108 1395 4169 Si
1420 4109 1508 4170 enim
1528 4109 1568 4170 de
1590 4109 1697 4170 Verho

363 4208 526 4270 incarnato
542 4224 604 4285 qua
624 4205 789 4267 incarnato
810 4206 897 4285 loqui
918 4206 1028 4276 vellet,
1046 4224 1121 4267 sane
1137 4207 1256 4268 mirum
1273 4211 1373 4278 esset,
1389 4206 1415 4266 si
1432 4207 1640 4285 postmodnm
1661 4207 1697 4267 in

363 4325 392 4365 v.
410 4311 446 4366 14
459 4311 627 4385 pergeret:
645 4309 677 4364 et
689 4303 830 4365 Verhnm
845 4321 917 4365 raro
933 4304 1051 4365 lactum
1067 4310 1130 4377 est,
1147 4322 1219 4366 cnm
1237 4309 1384 4365 eventum
1400 4305 1485 4366 hunc
1497 4322 1594 4383 quem
1610 4320 1697 4365 nunc

363 4412 488 4479 narrat,
503 4404 565 4464 iam
580 4405 610 4461 in
630 4399 894 4462 antecedentibus
914 4409 1027 4464 notum
1047 4402 1287 4480 supposuisset,
1301 4403 1349 4463 vel
1361 4403 1473 4463 saltem
1494 4408 1695 4481 exspectare·

364 4516 436 4560 mus
456 4518 572 4562 nerum
594 4500 688 4560 talem
711 4515 717 4557 :
738 4498 770 4558 in
790 4499 919 4577 propria
939 4501 1063 4562 venit...
1080 4498 1155 4580 quia
1173 4500 1313 4560 Verhnm
1331 4517 1402 4562 earo
1424 4500 1544 4560 lactum
1563 4505 1625 4570 est,
1643 4499 1694 4560 vel

364 4597 517 4658 similem.
532 4601 622 4660 Nunc
632 4602 737 4660 autem
751 4601 799 4656 est
811 4596 964 4670 narrati0,
976 4617 1039 4677 qna
1057 4597 1139 4658 serie
1155 4598 1293 4676 quadam
1310 4601 1448 4671 effertur,
1462 4597 1540 4676 qnid
1557 4616 1631 4658 vera
1640 4596 1694 4657 illa

365 4696 435 4771 lux,
452 4695 606 4769 Verhnm,
624 4714 681 4775 pro
696 4694 818 4754 mundo
832 4695 1044 4773 praestiterit,
1061 4695 1139 4774 qnid
1154 4713 1212 4775 pro
1229 4697 1347 4776 populo
1363 4695 1465 4756 electo
1486 4700 1517 4756 et
1533 4695 1696 4774 quomodo

367 4792 494 4855 tandem
512 4793 730 4856 iucarnatione
744 4791 826 4852 iacta
841 4792 1028 4855 hahitaverit
1043 4795 1076 4855 in
1093 4794 1185 4856 nohis
1202 4799 1234 4856 et
1253 4794 1386 4874 gloriam
1402 4811 1493 4855 suam
1508 4793 1693 4854 manifesta-

367 4891 458 4954 verit.
472 4892 515 4950 Ea
529 4893 707 4953 narratione
723 4890 865 4951 exhiheri
881 4891 1078 4969 aptissimam
1092 4893 1247 4955 sermonis
1263 4892 1531 4972 progressionem,
1549 4890 1694 4952 exhiheri
