4116 5648
976 344 1059 388 1oxu.
1083 334 1146 402 i,i.
1686 334 1724 394 63
1835 322 1904 363 ’“

394 481 432 548 in
450 476 571 545 ordine
589 477 740 547 naturali
754 481 789 541 et
806 476 1067 567 supernaturali
1083 487 1118 547 et
1136 479 1181 547 ad
1200 475 1305 543 huius
1323 476 1510 546 effectionis
1526 483 1723 553 continuam
1845 472 1869 494 '¹

394 582 689 674 perdurationem,
705 604 793 672 quae
813 584 849 651 in
864 581 1002 651 ioannis
1022 583 1191 674 baptistae
1207 582 1369 652 missione
1384 607 1509 653 novam
1527 585 1723 658 manifesta·
1801 578 1803 582 Α

393 689 494 755 tionis
513 694 679 780 epocham
694 689 825 781 incipit.
844 689 977 757 Pariter
992 688 1146 759 dubitari
1164 689 1286 777 nequit
1299 713 1339 756 ex
1355 691 1430 780 ipsa
1443 695 1623 760 verborum
1644 717 1723 782 pro·

260 801 266 821 '
393 795 536 884 prietate
555 802 589 864 et
604 796 832 885 amplitudine
855 799 892 862 in
908 817 939 862 v.
963 803 982 862 9
998 795 1126 865 iterum
1147 796 1220 862 iieri
1236 799 1334 884 quasi
1350 819 1540 883 regressum
1558 800 1603 866 ad
1616 801 1723 868 conti-

393 925 496 969 uuam
525 903 620 968 iiiam
646 903 865 970 efficientiam
891 923 998 991 quam
1021 904 1169 970 Verbum
1195 901 1239 967 ab
1262 903 1402 969 exordio
1424 904 1542 990 generi
1569 904 1721 975 humano
1847 909 1848 912 ’
1877 918 1904 997 Ὺ

1867 992 1904 1033 ,¹1

393 1008 568 1096 praebuit,
587 1010 641 1076 vel
659 1008 820 1100 pluribus
839 1007 1005 1097 explicari
1024 1011 1164 1097 quaein
1180 1031 1212 1075 v.
1229 1015 1260 1075 t.
1283 1018 1303 1076 5
1323 1008 1506 1093 habentur,
1523 1010 1631 1078 donec
1650 1017 1724 1080 tan-

391 1113 1432 1207 demserietemporumdenuoquasiperlustrataevangeiista
1443 1118 1554 1203 ipsum
1565 1099 1756 1185 incarne-⁶
1797 1106 1800 1113 “
1891 1180 1897 1199 ,

392 1221 495 1288 tionis
505 1223 706 1312 mysterium
718 1219 877 1286 enuntiat
884 1241 993 1311 eaque
1005 1221 1179 1309 adiungit,
1193 1221 1320 1310 quibus
1331 1222 1403 1286 eius
1415 1223 1566 1308 mysterii
1582 1225 1720 1307 veritas,

393 1351 526 1396 summa
547 1329 692 1407 utilitas,
718 1347 779 1392 suo
804 1332 838 1392 et
861 1326 1033 1417 baptistae
1061 1328 1258 1395 testimonio
1282 1327 1534 1394 demonstratur
1557 1335 1590 1395 et
1613 1342 1723 1399 novae

393 1435 495 1503 huius
514 1456 575 1524 per
589 1433 860 1500 incarnationem
875 1434 1106 1521 inauguratae
1116 1435 1250 1523 periodi
1265 1433 1400 1500 indoles
1413 1441 1446 1502 et
1459 1434 1652 1504 sublimitas
1663 1437 1723 1506 de-

393 1543 555 1610 claratur.
569 1543 656 1606 liaeo
670 1539 779 1626 igitur
789 1538 878 1618 ratio
894 1546 956 1620 est,
971 1562 1032 1607 cur
1044 1539 1228 1638 prologum
1244 1539 1281 1606 in
1297 1539 1360 1606 has
1374 1539 1458 1608 duas
1469 1547 1583 1630 partes
1597 1564 1630 1609 v.
1650 1549 1721 1611 1³8.

392 1654 474 1713 9-18
491 1645 655 1712 dividam.

435 1752 502 1819 xlii
524 1752 641 1841 ntique
662 1752 765 1820 aliter
784 1751 957 1820 dividunt.
978 1754 1065 1820 Satis
1086 1753 1249 1841 frequens
1272 1759 1322 1820 est
1342 1754 1428 1822 haec
1450 1754 1572 1823 divisio
1594 1779 1625 1824 v.
1649 1762 1720 1838 1·5‚

392 1865 596 1943 ciart-18
618 1858 790 1949 (Keppler,
807 1858 896 1940 Keil,
925 1858 1037 1925 Weiss
1052 1863 1131 1945 etc.)
1143 1859 1198 1927 vel
1213 1866 1279 1938 1·5‚
1299 1866 1381 1928 6-18
1397 1863 1421 1927 i.
1440 1884 1468 1928 e.
1486 1861 1633 1929 Verbum
1643 1870 1722 1930 ante

393 1966 667 2034 incarnationem
690 1971 816 2054 etpost
839 1986 933 2046 eam;
953 1966 1002 2031 ita
1020 1972 1058 2032 ut
1077 1966 1186 2032 altera
1210 1987 1290 2054 pars
1311 1965 1425 2033 denuo
1442 1967 1617 2035 dividatur
1641 1975 1722 2035 6-13

393 2073 520 2162 quibus
546 2073 737 2139 incarnatio
756 2073 859 2139 modo
884 2072 1040 2159 generali
1064 2076 1239 2160 spectetur
1260 2078 1295 2138 et
1319 2078 1419 2140 1t-18
1445 2073 1572 2162 quibus
1598 2074 1672 2165 ipsa
1690 2084 1724 2143 et

393 2181 520 2246 iruotus
539 2179 612 2246 eius
630 2178 841 2268 explicentur
856 2177 967 2267 (Fit.);
986 2178 1106 2268 paullo
1121 2180 1220 2245 aliter
1241 2178 1377 2246 Scitum
1397 2201 1408 2245 .·
1432 2187 1720 2263 1-5,6-1Ιι,1518,

393 2291 459 2354 Cur
473 2288 518 2352 ab
533 2285 574 2352 iis
588 2284 784 2352 recesserim
805 2290 839 2351 et
856 2286 1063 2375 praeprimis
1076 2308 1109 2353 v.
1125 2291 1230 2375 9seq.
1246 2286 1370 2352 nonde
1389 2285 1465 2376 ipsa
1479 2287 1549 2353 iam
1568 2292 1726 2356 iucarna-

393 2393 484 2460 tione
499 2391 707 2480 acceperim,
723 2391 840 2480 paucis
851 2413 957 2480 supra
969 2392 1132 2458 indicatis
1146 2391 1235 2458 ratio
1246 2392 1403 2458 redditur
1417 2393 1453 2457 in
1463 2395 1723 2462 commentario.

437 2499 533 2578 Quod
548 2496 757 2584 evangelista
775 2496 841 2562 sibi
857 2498 1039 2586 proposuit
1054 2497 1324 2586 assequendum,
1341 2497 1415 2564 scii.
1436 2518 1444 2565 :
1469 2527 1484 2559 u
1501 2500 1588 2566 haec
1599 2501 1726 2591 scripta

395 2612 475 2674 suut
489 2612 526 2673 ut
541 2605 687 2672 credatis
706 2605 789 2692 qnia
804 2609 893 2670 iesus
911 2609 962 2669 est
977 2603 1129 2671 Christus
1143 2603 1246 2670 Filius
1263 2605 1321 2670 Dei
1344 2631 1360 2666 a
1383 2604 1526 2694 (2031),
1538 2604 1576 2671 id
1592 2606 1628 2673 in
1642 2630 1725 2696 pro-

394 2713 474 2799 logo
493 2714 563 2779 iam
581 2732 685 2800 qnam
706 2709 853 2776 maxime
874 2715 1021 2779 sectatus
1036 2717 1101 2791 est3
1125 2733 1156 2776 v.
1178 2717 1194 2776 1
1219 2709 1257 2775 in
1273 2710 1449 2800 principio
1465 2725 1537 2778 erut
1562 2711 1722 2798 Verbum,

394 2829 424 2886 ἐν
446 2823 525 2906 ἀρχῇ
548 2817 715 2885 contineri
736 2816 942 2883 allusionem
956 2816 1000 2883 ad
1015 2820 1098 2883 Gen.
1125 2823 1178 2899 1,1
1200 2816 1323 2883 merito
1339 2816 1494 2907 plerique
1513 2825 1721 2906 agnoscunt3

395 2926 473 2991 inde
496 2926 610 3012 itaque
630 2929 665 2989 et
692 2924 787 2989 notio
814 2922 852 2987 in
871 2922 1049 3012 principio
1076 2921 1284 2989 attendenda
1307 2929 1340 2988 et
1363 2922 1546 2991 discrimen
1565 2924 1723 2992 dictionis
1826 3005 1829 3010 ,
1867 2898 1897 2906 Ι

393 3029 675 3119 perpendendum
693 3034 754 3096 est.
777 3032 889 3105 Quare
911 3028 947 3093 in
960 3027 1134 3117 principio
1148 3049 1222 3094 non
1245 3034 1296 3094 est
1310 3029 1513 3119 simpliciter
1535 3034 1586 3100 ἀπ’
1609 3035 1720 3120 ἀρχῆς,

395 3160 505 3226 neque
524 3141 569 3204 ἀεὶ
586 3135 721 3223 (Euri.)
736 3134 795 3200 sed
817 3134 991 3220 significat
1008 3134 1215 3223 principium
1239 3136 1418 3224 temporis,
1438 3136 1629 3205 durationis
1643 3138 1667 3205 i.
1690 3162 1720 3206 e.

392 3245 642 3334 qualecumque
657 3241 795 3309 initium
806 3241 994 3326 excogitari
1009 3241 1113 3329 possit
1130 3241 1225 3330 (Cpr.
1242 3240 1325 3308 Bed.
1346 3241 1493 3332 ΝΜ).
1508 3248 1631 3311 Verum
1642 3267 1723 3313 curn

394 3351 542 3418 addatur
561 3362 650 3435 erat,
677 3370 717 3415 eo
736 3348 810 3437 ipso
829 3346 934 3413 dictio
956 3347 1139 3414 coniuncta
1159 3347 1336 3416 notionem
1358 3350 1518 3439 exprimit
1539 3353 1723 3418 aeternita-

395 3457 439 3525 tis
452 3457 568 3538 Verbi,
588 3457 638 3523 uti
653 3456 739 3522 bene
752 3453 836 3519 dicit
853 3453 971 3542 Chrys.
989 3465 1023 3522 τὸ
1041 3457 1132 3521 ἀίδιον
1152 3462 1251 3538 δηλοῖ.
1270 3460 1355 3521 Nam
1370 3458 1612 3546 quodcumque
1627 3458 1723 3547 prin·
1849 3484 1851 3488 ³
1894 3422 1904 3511 ’,ἱ

396 3563 525 3652 cipium
545 3561 734 3629 durationis
755 3560 955 3648 accipiatur,
982 3560 1054 3626 sive
1076 3559 1241 3649 temporis
1261 3583 1377 3629 rerum
1399 3564 1630 3653 corporalium
1653 3565 1724 3633 sive

395 3669 635 3759 quodcumque
655 3667 883 3754 imaginatum
904 3666 1116 3756 principium
1138 3667 1243 3734 totius
1257 3669 1398 3750 mundi,
1422 3670 1456 3735 in
1476 3670 1535 3736 ilio
1552 3670 1723 3761 principio

395 3778 465 3844 iam
487 3782 561 3843 erat
585 3774 732 3841 Verbum
759 3772 921 3862 (Themi.
947 3776 1032 3839 Cum
1053 3773 1170 3863 itaque
1192 3796 1246 3840 res
1269 3775 1344 3842 fieri
1369 3783 1510 3865 coeptae
1536 3776 1623 3859 sint,
1652 3777 1722 3845 iam

395 3895 486 3965 crut;
501 3903 585 3968 ergo
598 3903 775 3969 nunquam
791 3882 915 3947 laetum
931 3885 998 3962 est,
1018 3901 1102 3966 ergo
1117 3902 1255 3969 semper
1268 3881 1405 3948 exstitit.
1419 3886 1527 3959 Quare
1544 3884 1623 3970 ΟΨ.
1639 3884 1723 3950 scri-

396 3991 446 4057 bit
474 4012 481 4057 :
503 3987 623 4077 quodsi
643 3989 770 4054 eratin
793 3986 983 4077 principio,
1001 4008 1090 4076 quae
1110 4008 1222 4067 mens,
1243 4009 1386 4075 quaeso,
1406 3987 1533 4078 poterit
1545 3987 1615 4055 vim
1630 3988 1722 4057 iliius

395 4111 469 4165 crat
494 4094 722 4164 transvolare?
742 4093 881 4183 quando
895 4091 1048 4182 denique
1071 4092 1156 4158 illud
1183 4104 1257 4170 erat
1280 4094 1374 4161 velut
1399 4095 1434 4161 in
1454 4095 1522 4162 fine
1544 4097 1719 4177 consistet,

397 4227 472 4272 eum
488 4206 750 4294 prosequentem
765 4201 1011 4286 cogitationem
1030 4221 1168 4287 semper
1186 4200 1368 4267 antecedat
1383 4207 1601 4290 mentemque
1622 4224 1722 4292 prae-

396 4314 531 4379 currat?
544 4309 631 4376 iliud
644 4320 715 4374 erat
732 4306 785 4371 hic
798 4310 948 4395 positum
963 4311 1012 4372 est
1023 4328 1092 4394 quo
1108 4308 1371 4396 contemplantis
1383 4310 1518 4374 animus
1531 4307 1569 4374 in
1583 4309 1722 4396 prolun-

396 4421 476 4486 dam
492 4416 668 4506 quandam
685 4421 717 4481 et
732 4411 1115 4502 incomprehensibilem
1133 4419 1167 4479 et
1186 4413 1398 4481 ineiiabiiem
1419 4436 1506 4502 quae
1523 4421 1646 4482 cuncta
1664 4438 1722 4482 su-

399 4533 494 4615 perat
506 4531 662 4611 tempora
672 4521 898 4588 exsistentiam
910 4519 1120 4587 intendatur.
1136 4523 1176 4586 Et
1188 4523 1311 4587 merito
1325 4522 1429 4587 iniert
1440 4519 1622 4588 Hilarius:
1639 4522 1721 4611 quid

399 4641 447 4699 est
469 4630 557 4698 istud
586 4653 592 4697 :
620 4629 654 4694 in
686 4625 856 4718 principio
881 4631 976 4694 erat?
1003 4632 1223 4694 transeuntur
1248 4635 1420 4716 tempora,
1446 4630 1721 4695 transmittuntur

399 4741 548 4820 saecula,
564 4735 732 4803 tolluntur
746 4740 888 4811 aetates;
906 4756 996 4821 pone
1011 4732 1151 4822 aliquod
1169 4735 1262 4823 quod
1276 4733 1368 4801 voles
1383 4739 1441 4800 tua
1454 4735 1613 4824 opinione
1628 4736 1721 4827 prin-
