4116 5648
389 688 497 759 Facile
512 687 687 782 discipulis
710 689 747 754 iri
766 693 916 758 mentem
935 689 1054 758 venire
1077 692 1210 775 poterat
1225 690 1372 758 infantes
1392 687 1506 780 puniri
1526 690 1572 757 ob
1591 713 1674 780 pec·
1695 685 1697 689 ’
1778 690 1793 764 Ἀ

345 803 422 867 cata
435 801 629 882 parentum.
646 801 730 863 Nam
750 793 901 865 minatur
915 802 1002 863 Deus
1016 815 1052 859 se
1066 792 1283 884 iniquitatem
1296 797 1498 885 puniturum
1513 817 1621 888 usque
1636 798 1672 864 in
1826 778 1838 810 ³

343 901 477 970 tertiam
491 909 524 969 et
538 909 698 994 quartam
721 900 984 987 generationem
1002 901 1112 988 (Dent.
1135 901 1205 989 5,9)
1222 909 1256 967 et
1268 905 1350 967 Gen.
1372 909 1412 968 19
1426 909 1570 994 propter
1585 902 1672 971 vitia

338 1006 598 1076 Sodomitarum
615 1007 718 1072 etiarn
735 1005 884 1076 infantes
904 1006 1100 1098 perierunt;
1122 1012 1263 1096 propter
1276 1012 1453 1096 peccatum
1469 1009 1576 1076 David
1589 1032 1672 1100 par-

345 1111 444 1180 vulus
466 1121 621 1183 mortuus
635 1118 720 1179 est2
740 1121 828 1200 fleg.
852 1117 1060 1195 12,1tetc.;
1088 1119 1266 1203 practerea
1285 1112 1375 1179 vitiis
1393 1120 1575 1201 parentum
1593 1117 1670 1185 fieri

342 1224 470 1309 potest,
483 1227 526 1302 ut
540 1217 602 1285 filii
625 1227 811 1288 nascuntur
831 1219 937 1287 variis
955 1219 1147 1286 defectibus
1162 1219 1357 1309 morbisque
1376 1219 1508 1302 inlecti;
1528 1220 1671 1312 insuper

343 1327 435 1418 apud
462 1327 625 1394 rabbinos
647 1326 892 1416 pervulgatum
913 1329 964 1392 est
987 1323 1118 1393 liberos
1138 1325 1183 1392 ob
1208 1330 1389 1416 parentum
1413 1331 1553 1414 peccata
1577 1329 1670 1396 nasci

343 1456 495 1513 mancos,
513 1438 633 1512 tortos,
660 1432 777 1520 aliqua
795 1437 894 1519 parte
909 1431 1051 1498 mutilos
1073 1432 1129 1521 (cl.
1156 1430 1349 1522 Liqbtsoot,
1367 1432 1482 1498 Horae
1500 1431 1600 1502 hebr.
1625 1435 1670 1501 ad

343 1542 378 1610 h.
396 1543 438 1624 l.,
457 1539 627 1607 *Wrzmcte
642 1561 677 1629 p.
693 1542 770 1620 537,
788 1536 990 1605 Edcrslteim
1006 1542 1033 1604 ll
1044 1561 1080 1629 p.
1100 1544 1162 1605 178
1177 1539 1280 1628 seq).
1293 1538 1360 1606 Sed
1372 1539 1547 1627 quomodo
1561 1562 1668 1630 quae-

342 1669 418 1716 rere
437 1650 609 1737 poterant,
636 1645 755 1733 ipsene
779 1650 969 1733 peccasset,
991 1650 1028 1712 ut
1050 1666 1171 1712 caecus
1193 1647 1411 1712 nasceretur?
1428 1651 1473 1712 lte
1496 1647 1668 1736 praeexsi-

340 1753 463 1823 st‘entia
476 1752 626 1841 quadam
648 1749 860 1832 animarum,
876 1752 915 1818 in
929 1774 999 1841 quo
1018 1756 1108 1819 statu
1128 1773 1272 1842 peccare
1287 1758 1426 1841 possent
1447 1751 1560 1841 (Cpr.)
1576 1753 1669 1844 apud

340 1860 482 1930 ludaeos
499 1881 610 1927 sermo
623 1879 695 1924 esse
710 1857 765 1924 vix
780 1861 906 1946 potest,
924 1880 1037 1948 neque
1049 1858 1093 1926 de
1109 1857 1316 1944 migratione
1329 1859 1523 1926 animarum
1538 1860 1582 1927 ab
1597 1883 1667 1929 uno

341 1987 481 2055 corpore
503 1962 680 2045 adalind,
704 1985 809 2053 quarn
827 1965 1073 2051 migrationem
1094 1965 1253 2055 Iosephus
1267 1964 1408 2054 quidem
1433 1988 1453 2033 a
1475 1966 1667 2056 pharisaeis

340 2072 504 2142 affirmari
519 2069 696 2140 contendit
711 2070 809 2160 (Bell.
828 2070 903 2138 ind.
927 2071 1080 2161 2,8,1t)‚
1097 2078 1134 2139 at
1147 2072 1215 2139 alio
1238 2072 1274 2139 in
1288 2070 1363 2139 loco
1379 2071 1421 2138 iis
1441 2094 1518 2141 eam
1534 2073 1667 2163 opinio-

340 2201 419 2248 nem
443 2199 571 2265 negare
593 2176 728 2244 videtur
753 2177 879 2266 (untiq.
908 2177 1054 2265 18‚1‚3).
1080 2182 1167 2245 Num
1188 2178 1356 2268 putabant
1376 2178 1527 2268 aliquem
1549 2181 1666 2270 puniri

341 2293 479 2379 propter
497 2290 637 2375 peccata
652 2285 768 2352 lutura
787 2306 807 2351 a
830 2289 898 2351 lleo
916 2284 1096 2375 praevisa?
1117 2283 1203 2351 haec
1224 2286 1341 2373 opinio
1356 2286 1400 2352 ab
1421 2285 1595 2376 aliquibus
1614 2310 1669 2356 ex·

340 2392 532 2484 plicationis
544 2391 659 2477 gratia
672 2389 814 2457 affertur
826 2389 964 2478 (Tteod.
979 2394 1017 2457 M
1018 2391 1056 2478 .).
1071 2389 1189 2458 Verbis
1202 2391 1285 2482 ipsis
1298 2391 1471 2476 suadetur,
1486 2392 1562 2460 fieri
1570 2416 1668 2484 posse

341 2506 379 2567 ut
393 2501 468 2589 quis
484 2503 600 2589 peccet
614 2503 800 2587 antequam
817 2503 995 2580 nascatur;
1011 2498 1136 2565 docent
1157 2499 1249 2565 enim
1269 2496 1408 2566 rabbini
1422 2499 1552 2567 malum
1569 2500 1667 2569 allec·
1735 2552 1739 2561 .

340 2611 413 2675 tum
435 2605 585 2694 incipere
608 2603 783 2670 dominari
812 2604 1049 2683 auativitate3
1073 2626 1156 2671 narn
1181 2607 1262 2671 Gen.
1287 2609 1345 2686 t,'l
1365 2604 1433 2671 dici
1458 2629 1466 2671 :
1489 2612 1666 2695 peecatum

340 2712 444 2781 cubat
453 2691 497 2779 aid
509 2711 631 2777 ostium
653 2709 708 2795 (cl.
724 2709 918 2799 Lithsoot,
941 2709 1113 2778 Wooscle
1127 2711 1151 2776 l.
1166 2710 1225 2799 c.).
1238 2710 1341 2777 Cuius
1351 2711 1522 2801 opinionis
1535 2715 1665 2781 occasio

340 2820 393 2888 vel
407 2819 553 2886 fulcrum
572 2817 675 2884 etiam
690 2838 763 2896 esse
782 2817 894 2906 potuit
913 2816 1009 2906 quod
1027 2817 1178 2885 habetur
1191 2821 1273 2886 Gen.
1295 2823 1398 2909 ΜΞ
1412 2819 1666 2888 collidebantur

339 2927 376 2993 in
393 2933 487 2992 utero
500 2927 572 2992 eius
582 2922 732 3013 parvuli,
746 2928 780 2989 et
794 2926 846 2990 0s.
865 2928 942 3004 123
961 2943 969 2991 :
988 2925 1024 2990 in
1040 2929 1139 2991 utero
1153 2923 1387 3014 supplantavit
1396 2925 1536 2993 fratrem
1551 2948 1663 2994 suum.

339 3033 503 3098 —Aliter
520 3028 598 3097 clo.
619 3029 733 3096 Tlom.
751 3028 989 3119 quaestionem
1005 3031 1177 3120 accipiunt
1198 3054 1206 3097 :
1223 3052 1347 3117 rogare
1359 3030 1545 3122 discipulos
1558 3056 1665 3123 quae-

339 3160 421 3208 nam
434 3138 477 3204 sit
491 3159 592 3203 causa
604 3135 777 3202 caecitatis
791 3158 832 3202 eo
844 3136 881 3202 in
898 3158 996 3219 casn,
1014 3136 1097 3226 quia
1111 3137 1184 3226 ipse
1196 3159 1316 3204 caecus
1335 3159 1402 3204 non
1418 3139 1570 3227 potnerit
1583 3162 1665 3230 pec-

338 3267 417 3313 care
431 3249 616 3331 antequam
624 3247 835 3318 natusesset,
849 3263 961 3330 neque
977 3241 1068 3310 filius
1077 3241 1242 3331 puniatur
1252 3245 1467 3333 propeccatis
1481 3253 1663 3336 parentum

340 3353 450 3441 (lleut.
472 3355 586 3431 uelo.
611 3354 665 3415 ΕΖ.
685 3354 785 3430 18,ἳο
810 3348 927 3415 :lilius
945 3370 1018 3414 non
1035 3347 1186 3438 portabit
1205 3350 1420 3438 iniquitatem
1444 3353 1574 3441 patris).
1599 3353 1665 3422 Sed

339 3458 554 3525 manifestum
568 3453 669 3539 est,si
685 3454 751 3521 boc
766 3453 952 3521 voluissent
965 3455 1175 3545 exprimere,
1190 3455 1257 3523 alio
1272 3456 1373 3546 plane
1384 3458 1486 3525 modo
1500 3481 1560 3526 eos
1568 3461 1664 3551 loqui

339 3564 506 3632 debuisse.
526 3568 635 3640 Quare
655 3561 760 3628 verba
774 3561 890 3627 nativa
903 3583 965 3628 sua
979 3563 1120 3629 notione
1136 3562 1316 3630 retinenda
1329 3570 1408 3631 sunt
1419 3569 1453 3631 et
1463 3564 1661 3650 dicendum,

340 3670 523 3759 discipulos
536 3669 681 3736 obscuro
693 3666 812 3757 aliquo
829 3672 863 3733 et
878 3688 967 3754 vago
988 3667 1091 3734 modo
1111 3668 1268 3759 opinatos
1283 3691 1353 3737 esse
1370 3673 1520 3760 potuisse
1535 3672 1663 3741 fierint

341 3780 412 3867 ipse
428 3781 512 3843 esset
528 3774 565 3839 in
586 3773 688 3862 culpa
703 3796 765 3841 cur
778 3795 900 3841 caecus
917 3781 1131 3842 nasceretur.
1155 3777 1272 3843 Censet
1289 3775 1356 3844 Tol.
1374 3799 1449 3844 eam
1466 3779 1663 3868 opinionem

341 3906 396 3951 eos
409 3883 560 3949 hausisse
574 3903 613 3947 ex
627 3879 669 3946 iis
683 3879 783 3962 locis,
806 3879 843 3946 in
860 3878 989 3969 quibus
1004 3879 1130 3948 dicitur
1146 3900 1155 3947 :
1173 3883 1209 3947 in
1228 3882 1467 3971 iniquitatibus
1481 3892 1666 3976 conceptus

340 4012 431 4069 sum3
451 3994 582 4055 nonest
603 3987 770 4066 mundus,
788 4007 851 4051 nec
869 3986 984 4053 inians
1004 3987 1107 4053 unius
1126 3987 1213 4068 diei,
1230 4010 1346 4055 omnes
1362 4011 1433 4057 esse
1453 3998 1663 4080 peccatores.

341 4096 443 4163 llddit
459 4096 612 4182 insuper,
628 4099 769 4183 propter
784 4099 963 4181 peecatum
983 4093 1153 4181 originale
1169 4098 1272 4162 Deum
1293 4117 1394 4184 saepe
1411 4097 1530 4185 poenis
1547 4121 1666 4189 corpo·

342 4203 468 4271 ralibus
483 4202 628 4268 infantes
651 4199 823 4286 affligere,
846 4227 862 4260 «
887 4200 983 4289 quod
1008 4205 1100 4267 recte
1120 4201 1237 4268 docuit
1248 4203 1456 4288 Augustinus
1476 4203 1538 4271 lib.
1564 4211 1607 4271 22
1623 4206 1664 4272 de

341 4310 436 4378 Civit.
454 4313 589 4398 cap-22
608 4335 638 4372 η.
654 4305 749 4383 Quod
769 4329 808 4373 eo
827 4328 930 4373 sensu
945 4328 1066 4373 verum
1079 4313 1144 4388 est,
1162 4309 1243 4396 quia
1256 4316 1394 4399 propter
1407 4319 1582 4399 peccatum
1598 4312 1665 4378 ori-

341 4417 453 4504 ginale
471 4417 554 4482 rarii
569 4412 697 4493 morbi,
714 4413 886 4494 miseriae,
902 4413 1033 4480 scelera
1046 4413 1188 4480 inducta
1199 4421 1295 4498 sunt,
1310 4437 1349 4482 ex
1368 4416 1493 4503 quibus
1511 4416 1588 4483 lieri
1604 4441 1664 4508 po-

342 4528 423 4595 test.
447 4528 482 4587 ut
509 4521 654 4586 infantes
672 4517 863 4603 gignantur
884 4517 1004 4585 multis
1023 4516 1130 4585 etiam
1160 4519 1250 4586 vitiis
1275 4518 1512 4608 corporalibus
1529 4521 1660 4590 infecti.

342 4628 457 4695 Solum
480 4627 571 4692 enim
589 4630 766 4715 peccatum
782 4623 950 4709 originale
972 4623 1068 4713 quod
1087 4626 1249 4692 omuibus
1267 4625 1453 4693 infantibus
1474 4628 1575 4713 inest,
1595 4651 1664 4697 non

341 4739 450 4823 potest
464 4733 631 4819 assignari
646 4752 762 4810 causa,
785 4751 849 4795 cur
862 4729 918 4797 hio
932 4752 1055 4798 caecus
1070 4738 1170 4799 natus
1184 4733 1237 4799 sit.

387 4840 486 4907 lllum
498 4859 648 4905 errorem
663 4859 733 4927 quo
748 4843 888 4903 censent
901 4859 1040 4906 omnem
1055 4837 1283 4907 calamitatem
1297 4841 1410 4928 infligi
1426 4846 1566 4931 propter
1580 4866 1661 4934 pec.-

343 4953 455 5016 catum
468 4943 684 5012 commissum
701 4950 790 5012 lesus
805 4944 1022 5033 responsione
1035 4967 1097 5013 sna
1110 4944 1262 5036 dispellit
1276 4971 1308 5015 v.
1322 4954 1342 5015 3
1356 4947 1530 5039 respondit
1543 4952 1636 5018 Iesus
1648 4974 1661 5016 .·
