4116 5648
814 373 920 423 ,roan
944 357 1045 428 lala.
1541 359 1604 420 539⁴

277 511 440 580 iniustum
457 506 556 593 regni
571 506 763 577 invasorem
782 518 816 576 et
830 529 1067 596 oppressorem
1083 509 1260 577 habebant
1274 517 1307 578 et
1323 508 1402 576 odio
1420 526 1601 596 proseque-

277 619 414 687 bantur.
437 619 618 704 Postquam
639 616 819 706 pontifices
840 624 1016 700 negarunt
1040 640 1076 684 se
1101 615 1229 682 habere
1246 619 1395 684 liessiam
1416 634 1548 701 regem,
1564 611 1599 679 iu

278 733 386 793 lesum
409 722 578 790 sententia
601 725 720 790 mortis
744 720 916 810 protertur
943 722 1040 790 :ibis
1064 725 1099 789 in
1123 743 1274 801 crucem;
1302 731 1409 790 morte
1431 721 1522 789 enim
1541 742 1601 788 sua

276 831 407 898 Messias
421 851 568 918 regnum
580 852 679 896 suum
695 825 849 894 condidit
865 834 898 894 et
916 827 1072 897 subditos
1091 828 1156 895 sibi
1173 836 1207 894 et
1226 828 1372 895 cultores
1389 828 1603 916 comparavit

276 959 308 1002 v.
327 943 366 1003 16
387 949 468 1005 tunc
483 961 562 1027 erqo
579 933 725 1003 tradidit
739 934 787 999 cis
804 934 903 1001 illum
919 948 956 1000 ut
971 937 1231 1026 cruciſsqerctur
1245 935 1267 1001 i.
1286 957 1315 1002 e.
1335 939 1444 1001 iesum
1461 931 1603 999 tradidit

276 1042 573 1112 voluntatieorum
587 1044 680 1131 (Luc.
696 1043 829 1131 a3,25);
849 1064 941 1123 nam,
955 1049 994 1109 ut
1008 1048 1126 1110 Petrus
1140 1042 1271 1109 iudaeis
1287 1042 1471 1131 exprobrat
1486 1064 1493 1108 :
1511 1040 1603 1105 hunc

274 1150 507 1231 interemistis;
528 1155 703 1216 auctorem
723 1150 812 1215 vitae
830 1149 1046 1215 interfecistis
1063 1152 1147 1236 (Act.
1166 1154 1262 1229 2233
1280 1150 1386 1238 3‚15).

688 1402 711 1468 ε)
732 1404 827 1455 lesus
842 1402 876 1453 tn
896 1414 997 1454 cruce
1018 1401 1191 1467 ista-30.

316 1579 403 1638 l9,lti.
429 1579 617 1643 Susceperunt
638 1584 732 1632 autem
755 1581 864 1641 lesum,
891 1582 919 1631 ct
999 1581 1088 1639 tear.
1117 1575 1260 1645 nuptiator
1286 1574 1312 1627 δέ
1345 1574 1387 1627 τὀν
1424 1572 1520 1641 Ἰησοῦν
1553 1574 1605 1640 (ταί

279 1668 444 1720 eduxerunt.
960 1663 1103 1735 ἀπήγαγον)
1123 1664 1165 1717 καί
1189 1664 1317 1733 βαστάζων
1341 1663 1408 1736 αύτῷ
1433 1663 1476 1716 τὸν
1500 1661 1603 1734 σταυρθν

316 1758 355 1808 li.
370 1757 404 1807 Et
422 1757 551 1807 baiulans
567 1758 620 1808 sibi
639 1770 764 1817 crucem,
783 1760 869 1808 exivit
891 1760 918 1807 in
961 1752 1062 1819 ίξῆλθεν
1086 1751 1120 1815 είς
1148 1755 1191 1807 τθν
1215 1752 1354 1824 λεγόμενον
1374 1753 1485 1820 Κρανίου
1511 1750 1602 1817 τόνων,

276 1860 340 1898 eum
364 1849 412 1909 qui
437 1845 538 1896 dicitur
560 1844 708 1897 calvariae
736 1847 843 1909 locum,
869 1849 919 1897 he·
960 1842 1095 1914 ὃλέγεται
1113 1840 1366 1913 ἘθρσϊστίΓολγόθ·
1393 1845 1434 1896 lt.
1449 1842 1510 1894 ὅπου
1525 1839 1603 1894 siris

236 1971 239 1975 ·
277 1937 473 1986 braiceautem
485 1935 636 1998 Golgotba.
653 1936 695 1986 18.
710 1935 764 1985 Ubi
779 1935 921 1986 crucifixe·
962 1932 1133 2002 ἐσταύρωσαν,
1151 1932 1193 1984 καί
1212 1932 1266 2002 μετ’
1292 1930 1368 1984 αύτού
1386 1929 1478 1991 ἄλλους
1500 1930 1544 1982 δύο
1562 1928 1604 1985 ίν·

277 2031 342 2075 runt
361 2037 443 2083 eum,
460 2026 565 2074 etcum
585 2037 619 2074 eo
638 2023 709 2075 alios
729 2024 801 2075 duos
817 2026 921 2076 hinoct
961 2022 1045 2073 τιῦθεν
1065 2020 1107 2072 οιαὶ
1125 2018 1251 2083 ίντεῦθεν,
1282 2021 1355 2090 μέσον
1379 2018 1406 2072 δέ
1429 2021 1472 2071 τὸν
1495 2016 1602 2085 Ἰησοῦν.

282 2114 360 2173 hinc,
377 2114 498 2163 medium
512 2117 605 2163 autem
623 2113 722 2163 lesum.
1003 2114 1044 2164 ¹9.
1065 2108 1191 2179 Ἔγρσήεν
1215 2108 1241 2171 δέ
1265 2109 1305 2159 καὶ
1329 2107 1414 2160 τίτλον
1434 2107 1447 2159 θ
1472 2106 1601 2172 Πειλᾶτος,

318 2203 359 2253 ¹9.
380 2202 498 2266 Scripsit
516 2207 608 2251 sutem
628 2208 656 2251 et
672 2203 782 2251 titulum
800 2202 919 2261 Pilalus;
963 2197 1006 2249 zai
1023 2196 1110 2266 ίθηιιεν
1132 2196 1173 2250 ἐπὶ
1191 2199 1235 2250 τού
1258 2199 1374 2266 σταυροῦ·
1395 2191 1425 2263 ἦν
1445 2196 1471 2248 δὲ
1490 2215 1605 2266 γεγραμ-

278 2295 307 2340 et
315 2292 409 2353 posuit
423 2303 507 2353 super
514 2302 634 2341 crucem.
650 2290 716 2340 Erat
726 2297 821 2340 autern
832 2294 920 2355 scrip·
965 2289 1055 2356 μένον,
1079 2284 1176 2354 Ἰησοῦς
1194 2285 1208 2339 θ
1227 2285 1373 2356 Ναζωραῖος
1390 2285 1405 2338 θ
1425 2284 1538 2355 βασιλεύς
1556 2289 1605 2337 τῶν

279 2386 356 2429 tum:
376 2379 455 2429 lesus
476 2379 652 2439 Naziacuus,
671 2380 730 2429 lter
747 2380 920 2431 lunisonru.
968 2374 1108 2432 Ἰουδαίων.
1130 2379 1174 2429 θο.
1199 2379 1287 2428 τοῦτον
1312 2371 1356 2426 ούν
1376 2375 1420 2427 τὸν
1439 2373 1522 2427 τίτλον
1541 2372 1603 2427 πολ·

279 2467 321 2518 20.
340 2468 421 2517 Hunc
435 2480 503 2531 ergo
522 2469 636 2518 titulum
658 2470 739 2519 multi
755 2468 922 2520 Iudaeorum
963 2464 1005 2518 iol
1028 2464 1171 2535 ἀνέγνωσαν
1192 2470 1240 2517 τῶν
1263 2462 1400 2526 Ἰουδαίων,
1422 2464 1461 2515 ὅτι
1485 2463 1556 2534 ἐγγύς
1574 2457 1604 2530 ήν

279 2556 422 2620 legerunt,
432 2559 500 2621 quia
513 2570 601 2621 prope
615 2559 756 2608 civitatem
771 2563 832 2609 erat
844 2559 922 2608 locus
963 2552 1064 2615 θεόπσς
1077 2556 1120 2618 τῆς
1134 2552 1229 2614 πόλεως
1243 2554 1304 2605 ὅπου
1316 2551 1482 2622 έσταυμένθηθ
1500 2549 1603 2620 Ἰησοῦς·

278 2644 485 2696 ubicruclfixus
501 2651 544 2696 est
561 2646 655 2705 lesus;
673 2652 701 2697 et
716 2649 921 2711 cratsoriptum
962 2637 1057 2709 καλήν
1086 2644 1260 2713 γεγραμμένον
1291 2639 1437 2710 Ἕύραϊστί,
1469 2638 1605 2710 Ῥωμαϊστί

278 2736 422 2794 hebraice,
439 2747 540 2798 graece
560 2737 587 2785 et
610 2735 705 2785 latine.
724 2735 768 2784 tl.
787 2736 922 2786 Dicebant
967 2727 1125 2797 Ἑλληνιστί.
1152 2735 1195 2783 tl.
1217 2728 1307 2800 ἔλεγον
1326 2725 1370 2781 ούν
1389 2735 1426 2800 τῷ
1446 2729 1560 2800 Πειλάτῳ
1582 2727 1606 2781 οί

278 2837 345 2887 ergo
373 2824 463 2873 Pilato
478 2822 625 2887 pontifices
649 2825 818 2874 ludaeorum
836 2824 920 2874 :Noli
963 2818 1087 2890 ἀρχιερεῖς
1115 2825 1164 2872 τῶν
1200 2818 1342 2885 Ἰουδαίων,
1381 2817 1423 2885 Μή
1452 2819 1544 2889 γράρε,
1576 2815 1605 2870 Ὁ

278 2914 415 2972 scribere,
431 2913 490 2963 Rex
511 2913 691 2974 ludaeorum,
707 2912 757 2964 sed
781 2916 847 2977 quia
863 2916 921 2977 ipse
965 2908 1078 2979 βασιλεύς
1112 2915 1161 2961 τῶν
1194 2905 1330 2961 Ἰουδαίων·
1357 2907 1421 2959 ἀλλ’
1451 2909 1489 2961 ὅτι
1515 2907 1608 2969 ἐκεῖνος

278 3001 368 3051 dixit:
386 3003 446 3052 Rex
461 3001 711 3052 sumludaeorum.
730 3003 773 3053 λθ.
791 3003 922 3067 Respon-
964 2995 1048 3061 εἶπεν,
1080 2997 1197 3059 Βασιλεύς
1230 3004 1279 3050 τῶν
1312 2997 1439 3050 Ἰουδαίων
1469 2996 1529 3068 εἶμί.
1559 3000 1604 3051 tt.

280 3089 319 3139 dit
336 3090 465 3141 Pilatus:
483 3091 563 3150 Quod
574 3094 689 3156 scripsi,
705 3093 813 3154 scripsi.
964 3086 1082 3158 ἀπεκρίθη
1103 3086 1117 3140 θ
1137 3087 1269 3151 Πειλᾶτοςς
1292 3086 1324 3139 Ὅ
1336 3091 1462 3158 γέγραφα,
1484 3089 1602 3157 γέγραρα.

315 3179 358 3229 23.
382 3179 484 3228 Milites
510 3193 578 3242 ergo
611 3194 695 3242 quum
717 3179 922 3231 crucifixissent
999 3179 1042 3230 ti.
1068 3175 1099 3228 Οἱ
1125 3171 1169 3229 ούν
1193 3182 1353 3246 στρατιῶται,
1378 3177 1420 3229 its
1450 3175 1605 3245 ἐσταύρωσαν

281 3277 541 3330 cum,acceperuut
561 3271 729 3318 vestimenta
747 3270 809 3319 eius
826 3268 922 3333 (etle-
963 3267 1003 3319 τὀν
1026 3262 1139 3328 Ἰησοῦν,
1170 3265 1260 3317 ἔλαθον
1286 3265 1316 3318 :a
1342 3264 1429 3335 ίμάτια
1455 3264 1544 3327 αύτοῦ,
1564 3263 1607 3316 asi

279 3360 377 3407 cerunt
399 3363 520 3421 quatuor
539 3367 649 3420 partes,
671 3359 822 3422 unicuique
841 3358 921 3407 militi
963 3354 1081 3420 ἐποίησαν
1107 3356 1212 3424 τέσσαρα
1238 3356 1314 3425 μέρη,
1343 3353 1439 3425 ἑκάστῳ
1468 3355 1606 3424 στρατιώτῃ

278 3443 413 3508 partem),
432 3453 460 3495 et
476 3449 606 3496 tunicam.
634 3447 700 3496 Erat
718 3453 813 3497 autem
829 3449 922 3497 tunica
964 3447 1049 3515 μέρος,
1070 3443 1113 3495 οιαὶ
1132 3443 1174 3495 τάν
1199 3449 1304 3512 χιτῶνα,
1325 3439 1354 3508 ἦν
1380 3444 1406 3496 δέ
1431 3443 1543 3513 θχιτὼν
1563 3441 1607 3512 έρ-

279 3535 463 3592 inconsutilis,
479 3534 599 3598 desuper
613 3542 746 3586 contexta
760 3549 810 3600 per
823 3541 919 3586 totum.
963 3552 1049 3603 ραρσς,
1070 3531 1099 3584 ἀι
1117 3537 1166 3584 τῶν
1186 3533 1280 3584 ἀνωθεν
1295 3532 1400 3601 θραντὸς
1417 3530 1456 3584 δι’
1473 3531 1542 3584 ὅλον.
1560 3534 1605 3584 tl.

280 3623 324 3673 ti.
341 3625 477 3674 bixerunt
490 3625 608 3687 ergoad
624 3628 760 3676 invicem:
776 3625 839 3675 Non
850 3628 922 3675 scin·
964 3619 1036 3675 εἶπον
1070 3615 1114 3672 σύν
1150 3622 1209 3690 πρὸς
1241 3620 1376 3686 ἀλλήλους·
1412 3620 1455 3686 Μὴ
1482 3623 1606 3690 σχίσωμεν

278 3713 377 3762 damus
392 3726 469 3772 eam,
486 3713 535 3763 sed
554 3717 705 3764 sortiamur
724 3714 759 3765 de
781 3715 923 3764 illacuius
964 3710 1054 3773 αὐτὸν,
1085 3709 1153 3761 ἀλλά
1186 3710 1304 3783 λέγωμεν
1340 3711 1395 3781 περὶ
1423 3709 1508 3772 αὐτοῦ,
1543 3709 1609 3765 τίνοι

279 3802 328 3862 sit;
346 3810 375 3851 ut
387 3802 710 3866 Scripturaimplorctur,
723 3804 836 3854 dicens:
851 3804 920 3853 Par·
965 3798 1043 3852 ἔσται·
1063 3799 1108 3850 ἵνα
1127 3798 1143 3866 ἡ
1168 3798 1249 3869 γραφή
1276 3799 1412 3870 πληρωθῇ,
1433 3799 1608 3868 Διεμερίσαντο

281 3893 323 3939 titi
340 3899 405 3941 sunt
427 3893 595 3941 vestimenta
615 3893 758 3952 messim,
776 3898 804 3942 et
824 3894 852 3942 in
872 3905 922 3942 ve·
964 3888 995 3942 τά
1013 3888 1101 3958 ἱμάτιά
1122 3909 1166 3958 μσο
1192 3887 1301 3950 έαοτοῖς,
1329 3888 1371 3940 καὶ
1397 3888 1436 3941 ἐπί
1460 3888 1502 3940 τὀν
1522 3887 1606 3957 ἱματι-

280 3987 351 4030 stem
371 3993 461 4030 meam
484 3983 618 4031 miserunt
632 3989 744 4031 sortem.
767 3981 801 4031 Et
821 3983 923 4031 milites
965 3976 1030 4048 σμόν
1050 3996 1099 4049 μου
1118 3977 1207 4030 {saio
1225 3976 1329 4047 κλῆρον.

281 4069 395 4132 (μεθύοντι
407 4069 616 4120 haeciecerunt.
1001 4071 1045 4122 25.
1065 4065 1096 4118 Oi
1116 4066 1160 4138 μὲν
1184 4061 1228 4119 σύν
1253 4072 1401 4136 στρατιῶται
1419 4068 1497 4118 ταῦτα
1522 4064 1607 4132 έποίη-

318 4159 361 4207 25.
386 4157 504 4208 Stabant
522 4163 615 4210 autem
635 4162 712 4208 iuxta
728 4172 839 4210 crucem
861 4160 922 4209 lesu
965 4175 1018 4207 σαν·
1050 4155 1204 4221 εἰστήιιεισαν
1230 4155 1256 4208 δὲ
1282 4155 1347 4225 παρὰ
1377 4161 1413 4225 τῷ
1441 4160 1537 4224 σταυρῷ
1565 4157 1608 4207 τοῦ

282 4250 370 4296 mater
394 4249 453 4297 eius
478 4251 505 4296 et
530 4261 609 4299 soror
633 4251 728 4298 litati-is
753 4250 813 4299 eius
837 4249 924 4298 Maria
962 4243 1052 4315 ΙἸησοῦ
1078 4243 1093 4310 ἡ
1121 4244 1202 4315 μήτηρ
1230 4244 1319 4307 αὐτοῦ,
1346 4243 1387 4295 καὶ
1414 4241 1430 4308 il
1455 4240 1547 4312 diripi.
1566 4246 1608 4308 τῆς

283 4334 433 4399 Cieopliae,
447 4340 474 4385 et
486 4337 571 4385 ,Ἰασέα
581 4336 754 4400 llagdalcue.
774 4337 816 4386 ra.
831 4337 924 4397 Quum
966 4333 1057 4404 μητρὸς
1085 4331 1175 4399 αὐτοῦ,
1207 4332 1290 4402 Μαρία
1316 4331 1331 4398 ἢ
1356 4336 1399 4385 τοῦ
1429 4330 1536 4394 ίέλωπεῖ,
1567 4331 1609 4382 καὶ

282 4425 397 4474 vidisset
418 4438 486 4487 crgo
510 4426 589 4475 lesus
609 4432 740 4485 lustrem,
757 4433 784 4476 ct
800 4426 923 4490 discipu·
965 4422 1052 4491 Μαρία
1072 4420 1085 4487 i
1107 4420 1274 4491 Μαγδαληνή.
1296 4425 1340 4476 to.
1365 4419 1460 4487 Ἰησοῦς
1483 4414 1527 4472 σύν
1548 4416 1608 4471 ἰδὼν

283 4512 341 4561 tuin
356 4521 477 4564 stantem
497 4527 578 4576 quem
595 4515 742 4577 diligebat,
760 4516 826 4564 dicit
842 4522 922 4567 alatri
965 4510 1010 4576 τὴν
1032 4511 1141 4581 μητέρα,
1163 4511 1204 4562 καί
1221 4510 1265 4563 τὀν
1286 4508 1399 4580 μαθητήν
1418 4514 1561 4578 παρεστῶτα
1579 4511 1608 4561 tir

283 4614 368 4652 suae:
387 4604 494 4660 liutici,
505 4615 567 4653 cccc
581 4604 655 4653 iilius
668 4611 740 4653 tuus.
760 4604 803 4652 27.
817 4605 924 4655 Deinde
965 4599 1063 4669 ἠγάπα,
1091 4599 1159 4669 λέγει
1180 4605 1211 4671 τῇ
1232 4601 1321 4671 μητρὶ,
1343 4600 1430 4662 Γύναι,
1460 4597 1496 4650 lte
1520 4598 1534 4651 ύ
1558 4597 1609 4660 υίύς

282 4688 349 4738 (licit
371 4692 531 4755 discipulo:
554 4692 623 4741 Ecce
650 4700 739 4743 uiator
759 4697 815 4744 toa.
839 4694 872 4743 Et
889 4707 924 4744 ex
965 4707 1019 4742 σου.
1050 4692 1094 4742 27.
1124 4687 1181 4742 εἶτα
1209 4688 1276 4758 λέγει
1310 4695 1345 4759 τῷ
1373 4688 1487 4759 μαθητή,
1519 4686 1607 4752 Ἰδού,

285 4779 332 4828 illa
352 4780 420 4829 liora
439 4784 545 4845 accepit
565 4794 626 4831 eain
645 4781 798 4846 discipulus
818 4785 846 4831 in
861 4796 921 4833 sua.
966 4779 1048 4849 μήτηρ
1067 4797 1119 4830 σιν.
1140 4779 1182 4831 καὶ
1201 4777 1241 4830 ἀπ’
1262 4778 1357 4844 ἐκείνης
1376 4781 1419 4842 τῆς
1435 4778 1500 4847 ὥρας
1519 4776 1606 4828 ἔλαθεν
