<?xml version="1.0" encoding="UTF-8"?>
<!DOCTYPE html PUBLIC "-//W3C//DTD XHTML 1.0 Transitional//EN"
    "http://www.w3.org/TR/xhtml1/DTD/xhtml1-transitional.dtd">
<html xmlns="http://www.w3.org/1999/xhtml" xml:lang="en" lang="en">
 <head>
  <title>
</title>
<meta http-equiv="Content-Type" content="text/html;charset=utf-8" />
  <meta name='ocr-system' content='tesseract 3.04.00' />
  <meta name='ocr-capabilities' content='ocr_page ocr_carea ocr_par ocr_line ocrx_word'/>
</head>
<body>
  <div class='ocr_page' id='page_1' title='image "./commentariusinq00knabgoog_0107.png"; bbox 0 0 4050 5648; ppageno 0'>
   <div class='ocr_carea' id='block_1_1' title="bbox 869 720 1386 838">
    <p class='ocr_par' dir='ltr' id='par_1_1' title="bbox 869 720 1386 838">
     <span class='ocr_line' id='line_1_1' title="bbox 869 720 1386 838; baseline 0 -18"><span class='ocrx_word' id='word_1_1' title='bbox 869 759 982 826; x_wconf 80' lang='lat' dir='ltr'><strong>raus</strong></span> <span class='ocrx_word' id='word_1_2' title='bbox 1000 720 1152 826; x_wconf 64' lang='lat' dir='ltr'><strong>burna</strong></span> <span class='ocrx_word' id='word_1_3' title='bbox 1178 761 1386 838; x_wconf 83' lang='lat' dir='ltr'><strong>1‚1a-1a,5o.</strong></span> 
     </span>
    </p>
   </div>
   <div class='ocr_carea' id='block_1_2' title="bbox 465 985 1789 1396">
    <p class='ocr_par' dir='ltr' id='par_1_2' title="bbox 465 985 1789 1396">
     <span class='ocr_line' id='line_1_2' title="bbox 507 985 1788 1074; baseline -0.004 -16"><span class='ocrx_word' id='word_1_4' title='bbox 507 994 621 1060; x_wconf 85' lang='lat' dir='ltr'><strong>Prima</strong></span> <span class='ocrx_word' id='word_1_5' title='bbox 638 995 703 1057; x_wconf 90' lang='lat' dir='ltr'><strong>hac</strong></span> <span class='ocrx_word' id='word_1_6' title='bbox 725 992 824 1074; x_wconf 90' lang='lat' dir='ltr'><strong>parte</strong></span> <span class='ocrx_word' id='word_1_7' title='bbox 843 989 1038 1056; x_wconf 81' lang='lat' dir='ltr'>continetur</span> <span class='ocrx_word' id='word_1_8' title='bbox 1061 985 1288 1055; x_wconf 88' lang='lat' dir='ltr'><strong>manifestatio</strong></span> <span class='ocrx_word' id='word_1_9' title='bbox 1313 985 1446 1074; x_wconf 92' lang='lat' dir='ltr'><strong>gloriae</strong></span> <span class='ocrx_word' id='word_1_10' title='bbox 1472 991 1544 1054; x_wconf 87' lang='lat' dir='ltr'><strong>lesu</strong></span> <span class='ocrx_word' id='word_1_11' title='bbox 1568 987 1603 1054; x_wconf 93' lang='lat' dir='ltr'><strong>iu</strong></span> <span class='ocrx_word' id='word_1_12' title='bbox 1626 986 1697 1051; x_wconf 90' lang='lat' dir='ltr'><strong>vita</strong></span> <span class='ocrx_word' id='word_1_13' title='bbox 1716 987 1788 1053; x_wconf 91' lang='lat' dir='ltr'><strong>eius</strong></span> 
     </span>
     <span class='ocr_line' id='line_1_3' title="bbox 465 1090 1789 1188; baseline -0.008 -22"><span class='ocrx_word' id='word_1_14' title='bbox 465 1100 602 1188; x_wconf 89' lang='lat' dir='ltr'><strong>publica</strong></span> <span class='ocrx_word' id='word_1_15' title='bbox 621 1101 655 1162; x_wconf 93' lang='lat' dir='ltr'><strong>et</strong></span> <span class='ocrx_word' id='word_1_16' title='bbox 673 1094 775 1160; x_wconf 90' lang='lat' dir='ltr'><strong>simul</strong></span> <span class='ocrx_word' id='word_1_17' title='bbox 795 1099 974 1163; x_wconf 78' lang='lat' dir='ltr'><strong>enarratur</strong></span> <span class='ocrx_word' id='word_1_18' title='bbox 988 1090 1159 1184; x_wconf 91' lang='lat' dir='ltr'><strong>quomodo</strong></span> <span class='ocrx_word' id='word_1_19' title='bbox 1179 1092 1264 1161; x_wconf 93' lang='lat' dir='ltr'><strong>haec</strong></span> <span class='ocrx_word' id='word_1_20' title='bbox 1282 1092 1510 1161; x_wconf 89' lang='lat' dir='ltr'><strong>manifestatio</strong></span> <span class='ocrx_word' id='word_1_21' title='bbox 1526 1099 1661 1184; x_wconf 90' lang='lat' dir='ltr'><strong>recepta</strong></span> <span class='ocrx_word' id='word_1_22' title='bbox 1677 1091 1731 1159; x_wconf 81' lang='lat' dir='ltr'><strong>sit.</strong></span> <span class='ocrx_word' id='word_1_23' title='bbox 1749 1096 1789 1158; x_wconf 82' lang='lat' dir='ltr'><strong>Et</strong></span> 
     </span>
     <span class='ocr_line' id='line_1_4' title="bbox 465 1197 1789 1296; baseline -0.006 -24"><span class='ocrx_word' id='word_1_24' title='bbox 465 1208 577 1296; x_wconf 93' lang='lat' dir='ltr'><strong>primo</strong></span> <span class='ocrx_word' id='word_1_25' title='bbox 601 1198 741 1288; x_wconf 92' lang='lat' dir='ltr'><strong>quidem</strong></span> <span class='ocrx_word' id='word_1_26' title='bbox 772 1203 952 1292; x_wconf 82' lang='lat' dir='ltr'><strong>exponitur</strong></span> <span class='ocrx_word' id='word_1_27' title='bbox 978 1198 1204 1268; x_wconf 86' lang='lat' dir='ltr'><strong>manifestatio</strong></span> <span class='ocrx_word' id='word_1_28' title='bbox 1227 1202 1344 1267; x_wconf 90' lang='lat' dir='ltr'><strong>loanni</strong></span> <span class='ocrx_word' id='word_1_29' title='bbox 1368 1197 1534 1288; x_wconf 74' lang='lat' dir='ltr'><strong>baptistae</strong></span> <span class='ocrx_word' id='word_1_30' title='bbox 1557 1208 1590 1265; x_wconf 91' lang='lat' dir='ltr'><strong>et</strong></span> <span class='ocrx_word' id='word_1_31' title='bbox 1611 1198 1789 1289; x_wconf 85' lang='lat' dir='ltr'><strong>discipulis</strong></span> 
     </span>
     <span class='ocr_line' id='line_1_5' title="bbox 467 1305 1785 1396; baseline -0.003 -19"><span class='ocrx_word' id='word_1_32' title='bbox 467 1313 558 1377; x_wconf 91' lang='lat' dir='ltr'><strong>facta</strong></span> <span class='ocrx_word' id='word_1_33' title='bbox 582 1313 776 1391; x_wconf 78' lang='lat'><strong>1,19-2,11;</strong></span> <span class='ocrx_word' id='word_1_34' title='bbox 794 1309 874 1376; x_wconf 90' lang='lat' dir='ltr'><strong>dein</strong></span> <span class='ocrx_word' id='word_1_35' title='bbox 894 1306 1005 1396; x_wconf 89' lang='lat' dir='ltr'><strong>prima</strong></span> <span class='ocrx_word' id='word_1_36' title='bbox 1026 1305 1251 1373; x_wconf 88' lang='lat' dir='ltr'><strong>manifestatio</strong></span> <span class='ocrx_word' id='word_1_37' title='bbox 1273 1309 1310 1373; x_wconf 92' lang='lat' dir='ltr'><strong>in</strong></span> <span class='ocrx_word' id='word_1_38' title='bbox 1339 1308 1462 1375; x_wconf 89' lang='lat' dir='ltr'><strong>ludaea</strong></span> <span class='ocrx_word' id='word_1_39' title='bbox 1483 1305 1571 1372; x_wconf 91' lang='lat' dir='ltr'><strong>facta</strong></span> <span class='ocrx_word' id='word_1_40' title='bbox 1592 1312 1785 1390; x_wconf 73' lang='lat'><strong>2,12-3,36‚</strong></span> 
     </span>
    </p>
   </div>
   <div class='ocr_carea' id='block_1_3' title="bbox 277 1371 1788 1511">
    <p class='ocr_par' dir='ltr' id='par_1_3' title="bbox 226 1369 1788 1511">
     <span class='ocr_line' id='line_1_6' title="bbox 277 1371 1788 1511; baseline 0.003 -36.869"><span class='ocrx_word' id='word_1_41' title='bbox 277 1371 305 1511; x_wconf 33' lang='grc' dir='ltr'><strong>ᾗ·</strong></span> <span class='ocrx_word' id='word_1_42' title='bbox 372 1415 375 1419; x_wconf 75' lang='grc'><strong><em>’</em></strong></span> <span class='ocrx_word' id='word_1_43' title='bbox 405 1461 412 1494; x_wconf 76' lang='lat'><strong>,</strong></span> <span class='ocrx_word' id='word_1_44' title='bbox 470 1413 697 1481; x_wconf 89' lang='lat' dir='ltr'><strong>manifestatio</strong></span> <span class='ocrx_word' id='word_1_45' title='bbox 717 1416 806 1482; x_wconf 89' lang='lat' dir='ltr'><strong>facta</strong></span> <span class='ocrx_word' id='word_1_46' title='bbox 824 1408 861 1481; x_wconf 88' lang='lat' dir='ltr'><strong>in</strong></span> <span class='ocrx_word' id='word_1_47' title='bbox 880 1414 1033 1480; x_wconf 81' lang='lat' dir='ltr'><strong>Samaria</strong></span> <span class='ocrx_word' id='word_1_48' title='bbox 1048 1417 1179 1496; x_wconf 64' lang='lat' dir='ltr'><strong>tata,</strong></span> <span class='ocrx_word' id='word_1_49' title='bbox 1195 1412 1232 1477; x_wconf 90' lang='lat' dir='ltr'><strong>in</strong></span> <span class='ocrx_word' id='word_1_50' title='bbox 1251 1414 1398 1481; x_wconf 85' lang='lat' dir='ltr'><strong>Galilaea</strong></span> <span class='ocrx_word' id='word_1_51' title='bbox 1417 1418 1570 1494; x_wconf 74' lang='lat' dir='ltr'><strong>t,t3·5t.</strong></span> <span class='ocrx_word' id='word_1_52' title='bbox 1589 1411 1648 1478; x_wconf 88' lang='lat' dir='ltr'><strong>Cui</strong></span> <span class='ocrx_word' id='word_1_53' title='bbox 1663 1412 1788 1478; x_wconf 91' lang='lat' dir='ltr'><strong>adiuu-</strong></span> 
     </span>
    </p>
   </div>
   <div class='ocr_carea' id='block_1_4' title="bbox 461 1519 1788 2036">
    <p class='ocr_par' dir='ltr' id='par_1_4' title="bbox 461 1519 1788 2036">
     <span class='ocr_line' id='line_1_7' title="bbox 465 1519 1785 1606; baseline -0.002 -21"><span class='ocrx_word' id='word_1_54' title='bbox 465 1520 562 1606; x_wconf 84' lang='lat' dir='ltr'><strong>gitur</strong></span> <span class='ocrx_word' id='word_1_55' title='bbox 574 1521 681 1588; x_wconf 90' lang='lat' dir='ltr'><strong>altera</strong></span> <span class='ocrx_word' id='word_1_56' title='bbox 695 1519 924 1589; x_wconf 86' lang='lat' dir='ltr'><strong>manifestatio</strong></span> <span class='ocrx_word' id='word_1_57' title='bbox 943 1520 977 1585; x_wconf 91' lang='lat' dir='ltr'><strong>iu</strong></span> <span class='ocrx_word' id='word_1_58' title='bbox 994 1519 1117 1587; x_wconf 87' lang='lat' dir='ltr'><strong>Iudaea</strong></span> <span class='ocrx_word' id='word_1_59' title='bbox 1130 1523 1247 1599; x_wconf 81' lang='lat' dir='ltr'><strong>5,1-t7</strong></span> <span class='ocrx_word' id='word_1_60' title='bbox 1264 1525 1297 1584; x_wconf 94' lang='lat' dir='ltr'><strong>et</strong></span> <span class='ocrx_word' id='word_1_61' title='bbox 1311 1519 1420 1587; x_wconf 89' lang='lat' dir='ltr'><strong>altera</strong></span> <span class='ocrx_word' id='word_1_62' title='bbox 1432 1522 1468 1586; x_wconf 93' lang='lat' dir='ltr'><strong>in</strong></span> <span class='ocrx_word' id='word_1_63' title='bbox 1488 1519 1637 1588; x_wconf 84' lang='lat' dir='ltr'><strong>Galilaea</strong></span> <span class='ocrx_word' id='word_1_64' title='bbox 1653 1525 1785 1601; x_wconf 61' lang='lat' dir='ltr'><strong>6‚1-7s,</strong></span> 
     </span>
     <span class='ocr_line' id='line_1_8' title="bbox 468 1624 1788 1717; baseline -0.001 -25"><span class='ocrx_word' id='word_1_65' title='bbox 468 1632 537 1693; x_wconf 88' lang='lat' dir='ltr'><strong>lam</strong></span> <span class='ocrx_word' id='word_1_66' title='bbox 552 1629 690 1695; x_wconf 90' lang='lat' dir='ltr'><strong>tertium</strong></span> <span class='ocrx_word' id='word_1_67' title='bbox 717 1627 844 1717; x_wconf 89' lang='lat' dir='ltr'><strong>pascha</strong></span> <span class='ocrx_word' id='word_1_68' title='bbox 863 1626 953 1692; x_wconf 90' lang='lat' dir='ltr'><strong>vitae</strong></span> <span class='ocrx_word' id='word_1_69' title='bbox 966 1626 1127 1716; x_wconf 91' lang='lat' dir='ltr'><strong>publicae</strong></span> <span class='ocrx_word' id='word_1_70' title='bbox 1141 1631 1254 1693; x_wconf 89' lang='lat' dir='ltr'><strong>actum</strong></span> <span class='ocrx_word' id='word_1_71' title='bbox 1271 1631 1330 1691; x_wconf 90' lang='lat' dir='ltr'><strong>est.</strong></span> <span class='ocrx_word' id='word_1_72' title='bbox 1348 1625 1472 1693; x_wconf 90' lang='lat' dir='ltr'><strong>Ultimo</strong></span> <span class='ocrx_word' id='word_1_73' title='bbox 1485 1628 1557 1694; x_wconf 88' lang='lat' dir='ltr'><strong>eius</strong></span> <span class='ocrx_word' id='word_1_74' title='bbox 1572 1627 1662 1694; x_wconf 91' lang='lat' dir='ltr'><strong>vitae</strong></span> <span class='ocrx_word' id='word_1_75' title='bbox 1678 1624 1788 1715; x_wconf 89' lang='lat' dir='ltr'><strong>spatio</strong></span> 
     </span>
     <span class='ocr_line' id='line_1_9' title="bbox 466 1731 1788 1823; baseline -0.002 -23"><span class='ocrx_word' id='word_1_76' title='bbox 466 1756 486 1800; x_wconf 90' lang='lat' dir='ltr'><strong>a</strong></span> <span class='ocrx_word' id='word_1_77' title='bbox 510 1735 594 1801; x_wconf 90' lang='lat' dir='ltr'><strong>festo</strong></span> <span class='ocrx_word' id='word_1_78' title='bbox 617 1734 842 1823; x_wconf 82' lang='lat' dir='ltr'><strong>scenopegiae</strong></span> <span class='ocrx_word' id='word_1_79' title='bbox 863 1737 931 1798; x_wconf 92' lang='lat' dir='ltr'><strong>tres</strong></span> <span class='ocrx_word' id='word_1_80' title='bbox 953 1733 1042 1800; x_wconf 89' lang='lat' dir='ltr'><strong>aliae</strong></span> <span class='ocrx_word' id='word_1_81' title='bbox 1064 1731 1352 1800; x_wconf 85' lang='lat' dir='ltr'><strong>manifestationes</strong></span> <span class='ocrx_word' id='word_1_82' title='bbox 1372 1732 1407 1797; x_wconf 93' lang='lat' dir='ltr'><strong>in</strong></span> <span class='ocrx_word' id='word_1_83' title='bbox 1432 1731 1558 1800; x_wconf 93' lang='lat' dir='ltr'><strong>ludaea</strong></span> <span class='ocrx_word' id='word_1_84' title='bbox 1580 1732 1788 1799; x_wconf 81' lang='lat' dir='ltr'><strong>exhibentur·</strong></span> 
     </span>
     <span class='ocr_line' id='line_1_10' title="bbox 463 1838 1787 1929; baseline 0.002 -25"><span class='ocrx_word' id='word_1_85' title='bbox 463 1846 638 1921; x_wconf 57' lang='lat' dir='ltr'><strong>&#39;ld-1021</strong></span> <span class='ocrx_word' id='word_1_86' title='bbox 659 1840 744 1906; x_wconf 87' lang='lat' dir='ltr'><strong>festo</strong></span> <span class='ocrx_word' id='word_1_87' title='bbox 766 1840 1007 1929; x_wconf 82' lang='lat' dir='ltr'><strong>scenopegiae,</strong></span> <span class='ocrx_word' id='word_1_88' title='bbox 1031 1838 1352 1924; x_wconf 69' lang='lat' dir='ltr'><strong>1o,aass,5ssesto</strong></span> <span class='ocrx_word' id='word_1_89' title='bbox 1368 1840 1623 1920; x_wconf 90' lang='lat' dir='ltr'><strong>encaeniorum,</strong></span> <span class='ocrx_word' id='word_1_90' title='bbox 1648 1844 1787 1922; x_wconf 70' lang='lat'>¹2‚¹·5⁰</span> 
     </span>
     <span class='ocr_line' id='line_1_11' title="bbox 461 1935 900 2036; baseline 0.005 -25"><span class='ocrx_word' id='word_1_91' title='bbox 461 1935 568 2036; x_wconf 79' lang='lat' dir='ltr'><strong>prope</strong></span> <span class='ocrx_word' id='word_1_92' title='bbox 583 1947 703 2014; x_wconf 76' lang='lat' dir='ltr'><strong>festum</strong></span> <span class='ocrx_word' id='word_1_93' title='bbox 721 1945 900 2034; x_wconf 87' lang='lat' dir='ltr'><strong>paschatis.</strong></span> 
     </span>
    </p>
   </div>
   <div class='ocr_carea' id='block_1_5' title="bbox 632 2141 1620 2247">
    <p class='ocr_par' dir='ltr' id='par_1_5' title="bbox 632 2141 1620 2247">
     <span class='ocr_line' id='line_1_12' title="bbox 632 2141 1620 2247; baseline 0 -21"><span class='ocrx_word' id='word_1_94' title='bbox 632 2176 656 2227; x_wconf 90' lang='lat' dir='ltr'><strong>l.</strong></span> <span class='ocrx_word' id='word_1_95' title='bbox 673 2168 784 2227; x_wconf 80' lang='lat' dir='ltr'><strong>Prima</strong></span> <span class='ocrx_word' id='word_1_96' title='bbox 796 2169 990 2247; x_wconf 81' lang='lat' dir='ltr'><strong>manifestatio</strong></span> <span class='ocrx_word' id='word_1_97' title='bbox 1008 2141 1151 2247; x_wconf 64' lang='lat' dir='ltr'><strong>baptistae</strong></span> <span class='ocrx_word' id='word_1_98' title='bbox 1164 2172 1192 2230; x_wconf 85' lang='lat' dir='ltr'><strong>et</strong></span> <span class='ocrx_word' id='word_1_99' title='bbox 1201 2167 1441 2247; x_wconf 66' lang='lat' dir='ltr'><strong>compatescere</strong></span> <span class='ocrx_word' id='word_1_100' title='bbox 1457 2171 1620 2243; x_wconf 80' lang='lat' dir='ltr'><strong>1,1e-2,11.</strong></span> 
     </span>
    </p>
   </div>
   <div class='ocr_carea' id='block_1_6' title="bbox 447 2362 1791 5107">
    <p class='ocr_par' dir='ltr' id='par_1_6' title="bbox 462 2362 1791 3519">
     <span class='ocr_line' id='line_1_13' title="bbox 506 2362 1788 2454; baseline -0.002 -24"><span class='ocrx_word' id='word_1_101' title='bbox 506 2370 648 2430; x_wconf 90' lang='lat' dir='ltr'><strong>loannes</strong></span> <span class='ocrx_word' id='word_1_102' title='bbox 672 2363 823 2454; x_wconf 88' lang='lat' dir='ltr'><strong>baptista</strong></span> <span class='ocrx_word' id='word_1_103' title='bbox 842 2365 915 2454; x_wconf 94' lang='lat' dir='ltr'><strong>ipso</strong></span> <span class='ocrx_word' id='word_1_104' title='bbox 939 2386 999 2431; x_wconf 93' lang='lat' dir='ltr'><strong>suo</strong></span> <span class='ocrx_word' id='word_1_105' title='bbox 1020 2364 1211 2432; x_wconf 91' lang='lat' dir='ltr'><strong>testimonio</strong></span> <span class='ocrx_word' id='word_1_106' title='bbox 1226 2365 1360 2454; x_wconf 88' lang='lat' dir='ltr'><strong>saepius</strong></span> <span class='ocrx_word' id='word_1_107' title='bbox 1375 2363 1417 2430; x_wconf 90' lang='lat' dir='ltr'><strong>de</strong></span> <span class='ocrx_word' id='word_1_108' title='bbox 1435 2369 1509 2431; x_wconf 91' lang='lat' dir='ltr'><strong>lesu</strong></span> <span class='ocrx_word' id='word_1_109' title='bbox 1528 2363 1620 2432; x_wconf 90' lang='lat' dir='ltr'><strong>edito</strong></span> <span class='ocrx_word' id='word_1_110' title='bbox 1635 2362 1788 2430; x_wconf 82' lang='lat' dir='ltr'><strong>declarat</strong></span> 
     </span>
     <span class='ocr_line' id='line_1_14' title="bbox 469 2469 1787 2561; baseline -0.001 -24"><span class='ocrx_word' id='word_1_111' title='bbox 469 2469 581 2560; x_wconf 91' lang='lat' dir='ltr'><strong>qualis</strong></span> <span class='ocrx_word' id='word_1_112' title='bbox 596 2471 826 2538; x_wconf 90' lang='lat' dir='ltr'><strong>manifestatio</strong></span> <span class='ocrx_word' id='word_1_113' title='bbox 841 2471 907 2538; x_wconf 92' lang='lat' dir='ltr'><strong>sibi</strong></span> <span class='ocrx_word' id='word_1_114' title='bbox 921 2472 1006 2539; x_wconf 90' lang='lat' dir='ltr'><strong>facta</strong></span> <span class='ocrx_word' id='word_1_115' title='bbox 1027 2473 1081 2539; x_wconf 89' lang='lat' dir='ltr'><strong>sit.</strong></span> <span class='ocrx_word' id='word_1_116' title='bbox 1102 2477 1175 2539; x_wconf 91' lang='lat' dir='ltr'><strong>lesu</strong></span> <span class='ocrx_word' id='word_1_117' title='bbox 1187 2471 1333 2559; x_wconf 90' lang='lat' dir='ltr'><strong>gloriam</strong></span> <span class='ocrx_word' id='word_1_118' title='bbox 1350 2477 1385 2538; x_wconf 89' lang='lat' dir='ltr'><strong>et</strong></span> <span class='ocrx_word' id='word_1_119' title='bbox 1398 2470 1550 2539; x_wconf 91' lang='lat' dir='ltr'><strong>divinam</strong></span> <span class='ocrx_word' id='word_1_120' title='bbox 1564 2472 1636 2561; x_wconf 90' lang='lat' dir='ltr'><strong>eius</strong></span> <span class='ocrx_word' id='word_1_121' title='bbox 1655 2471 1787 2538; x_wconf 89' lang='lat' dir='ltr'><strong>missio-</strong></span> 
     </span>
     <span class='ocr_line' id='line_1_15' title="bbox 466 2577 1787 2669; baseline -0.002 -25"><span class='ocrx_word' id='word_1_122' title='bbox 466 2600 542 2645; x_wconf 91' lang='lat' dir='ltr'><strong>nem</strong></span> <span class='ocrx_word' id='word_1_123' title='bbox 564 2578 762 2645; x_wconf 86' lang='lat' dir='ltr'><strong>testificatur</strong></span> <span class='ocrx_word' id='word_1_124' title='bbox 785 2600 900 2645; x_wconf 89' lang='lat' dir='ltr'><strong>coram</strong></span> <span class='ocrx_word' id='word_1_125' title='bbox 920 2579 1042 2666; x_wconf 88' lang='lat' dir='ltr'><strong>legatis</strong></span> <span class='ocrx_word' id='word_1_126' title='bbox 1062 2579 1225 2668; x_wconf 80' lang='lat' dir='ltr'><strong>synedrii.</strong></span> <span class='ocrx_word' id='word_1_127' title='bbox 1246 2578 1463 2667; x_wconf 82' lang='lat' dir='ltr'><strong>Synedristae</strong></span> <span class='ocrx_word' id='word_1_128' title='bbox 1481 2577 1737 2669; x_wconf 91' lang='lat' dir='ltr'><strong>quaestionibus</strong></span> <span class='ocrx_word' id='word_1_129' title='bbox 1756 2579 1787 2643; x_wconf 92' lang='lat' dir='ltr'><strong>ei</strong></span> 
     </span>
     <span class='ocr_line' id='line_1_16' title="bbox 468 2683 1789 2775; baseline -0.002 -25"><span class='ocrx_word' id='word_1_130' title='bbox 468 2685 657 2773; x_wconf 88' lang='lat' dir='ltr'><strong>propositis</strong></span> <span class='ocrx_word' id='word_1_131' title='bbox 672 2692 863 2772; x_wconf 90' lang='lat' dir='ltr'><strong>agnoscunt</strong></span> <span class='ocrx_word' id='word_1_132' title='bbox 882 2686 1067 2775; x_wconf 89' lang='lat' dir='ltr'><strong>baptistam</strong></span> <span class='ocrx_word' id='word_1_133' title='bbox 1087 2685 1256 2774; x_wconf 86' lang='lat' dir='ltr'><strong>singulari</strong></span> <span class='ocrx_word' id='word_1_134' title='bbox 1270 2685 1421 2774; x_wconf 92' lang='lat' dir='ltr'><strong>quadam</strong></span> <span class='ocrx_word' id='word_1_135' title='bbox 1436 2685 1655 2774; x_wconf 85' lang='lat' dir='ltr'><strong>dispositione</strong></span> <span class='ocrx_word' id='word_1_136' title='bbox 1672 2683 1789 2750; x_wconf 87' lang='lat' dir='ltr'><strong>divina</strong></span> 
     </span>
     <span class='ocr_line' id='line_1_17' title="bbox 467 2791 1787 2880; baseline -0.001 -24"><span class='ocrx_word' id='word_1_137' title='bbox 467 2811 536 2856; x_wconf 85' lang='lat' dir='ltr'><strong>esse</strong></span> <span class='ocrx_word' id='word_1_138' title='bbox 556 2792 714 2870; x_wconf 81' lang='lat' dir='ltr'><strong>missum3</strong></span> <span class='ocrx_word' id='word_1_139' title='bbox 736 2813 861 2880; x_wconf 92' lang='lat' dir='ltr'><strong>quare,</strong></span> <span class='ocrx_word' id='word_1_140' title='bbox 878 2793 906 2857; x_wconf 91' lang='lat' dir='ltr'><strong>si</strong></span> <span class='ocrx_word' id='word_1_141' title='bbox 924 2791 990 2857; x_wconf 93' lang='lat' dir='ltr'><strong>sibi</strong></span> <span class='ocrx_word' id='word_1_142' title='bbox 1005 2799 1161 2859; x_wconf 90' lang='lat' dir='ltr'><strong>constare</strong></span> <span class='ocrx_word' id='word_1_143' title='bbox 1181 2792 1303 2873; x_wconf 91' lang='lat' dir='ltr'><strong>velint,</strong></span> <span class='ocrx_word' id='word_1_144' title='bbox 1320 2793 1393 2858; x_wconf 91' lang='lat' dir='ltr'><strong>eius</strong></span> <span class='ocrx_word' id='word_1_145' title='bbox 1407 2791 1638 2859; x_wconf 85' lang='lat' dir='ltr'><strong>testimonium</strong></span> <span class='ocrx_word' id='word_1_146' title='bbox 1653 2791 1697 2857; x_wconf 91' lang='lat' dir='ltr'><strong>de</strong></span> <span class='ocrx_word' id='word_1_147' title='bbox 1716 2794 1787 2856; x_wconf 90' lang='lat' dir='ltr'><strong>lesu</strong></span> 
     </span>
     <span class='ocr_line' id='line_1_18' title="bbox 468 2895 1788 2987; baseline -0.001 -24"><span class='ocrx_word' id='word_1_148' title='bbox 468 2896 640 2963; x_wconf 86' lang='lat' dir='ltr'><strong>debebant</strong></span> <span class='ocrx_word' id='word_1_149' title='bbox 662 2895 728 2963; x_wconf 87' lang='lat' dir='ltr'><strong>lide</strong></span> <span class='ocrx_word' id='word_1_150' title='bbox 753 2898 915 2986; x_wconf 90' lang='lat' dir='ltr'><strong>recipere.</strong></span> <span class='ocrx_word' id='word_1_151' title='bbox 940 2899 1066 2964; x_wconf 86' lang='lat' dir='ltr'><strong>Saltem</strong></span> <span class='ocrx_word' id='word_1_152' title='bbox 1086 2903 1337 2987; x_wconf 88' lang='lat' dir='ltr'><strong>praeparantur</strong></span> <span class='ocrx_word' id='word_1_153' title='bbox 1358 2895 1481 2981; x_wconf 85' lang='lat' dir='ltr'><strong>animi,</strong></span> <span class='ocrx_word' id='word_1_154' title='bbox 1503 2895 1692 2963; x_wconf 92' lang='lat' dir='ltr'><strong>dummodo</strong></span> <span class='ocrx_word' id='word_1_155' title='bbox 1717 2918 1788 2962; x_wconf 92' lang='lat' dir='ltr'><strong>non</strong></span> 
     </span>
     <span class='ocr_line' id='line_1_19' title="bbox 467 3003 1787 3092; baseline 0.002 -25"><span class='ocrx_word' id='word_1_156' title='bbox 467 3003 658 3071; x_wconf 90' lang='lat' dir='ltr'><strong>voluntarie</strong></span> <span class='ocrx_word' id='word_1_157' title='bbox 683 3003 798 3070; x_wconf 91' lang='lat' dir='ltr'><strong>oculos</strong></span> <span class='ocrx_word' id='word_1_158' title='bbox 821 3004 980 3070; x_wconf 92' lang='lat' dir='ltr'><strong>claudere</strong></span> <span class='ocrx_word' id='word_1_159' title='bbox 1004 3005 1126 3084; x_wconf 84' lang='lat' dir='ltr'><strong>velint,</strong></span> <span class='ocrx_word' id='word_1_160' title='bbox 1154 3004 1197 3070; x_wconf 87' lang='lat' dir='ltr'><strong>ad</strong></span> <span class='ocrx_word' id='word_1_161' title='bbox 1226 3004 1533 3071; x_wconf 85' lang='lat' dir='ltr'><strong>manifestationem</strong></span> <span class='ocrx_word' id='word_1_162' title='bbox 1560 3003 1655 3070; x_wconf 88' lang='lat' dir='ltr'><strong>illam</strong></span> <span class='ocrx_word' id='word_1_163' title='bbox 1683 3025 1787 3092; x_wconf 91' lang='lat' dir='ltr'><strong>quam</strong></span> 
     </span>
     <span class='ocr_line' id='line_1_20' title="bbox 462 3110 1789 3200; baseline -0.002 -24"><span class='ocrx_word' id='word_1_164' title='bbox 462 3111 535 3200; x_wconf 92' lang='lat' dir='ltr'><strong>ipse</strong></span> <span class='ocrx_word' id='word_1_165' title='bbox 551 3116 640 3176; x_wconf 92' lang='lat' dir='ltr'><strong>lesus</strong></span> <span class='ocrx_word' id='word_1_166' title='bbox 655 3110 697 3176; x_wconf 90' lang='lat' dir='ltr'><strong>de</strong></span> <span class='ocrx_word' id='word_1_167' title='bbox 713 3133 748 3177; x_wconf 92' lang='lat' dir='ltr'><strong>se</strong></span> <span class='ocrx_word' id='word_1_168' title='bbox 765 3116 816 3177; x_wconf 92' lang='lat' dir='ltr'><strong>est</strong></span> <span class='ocrx_word' id='word_1_169' title='bbox 831 3111 1056 3177; x_wconf 83' lang='lat' dir='ltr'><strong>exhibiturus.</strong></span> <span class='ocrx_word' id='word_1_170' title='bbox 1073 3116 1215 3178; x_wconf 90' lang='lat' dir='ltr'><strong>loannes</strong></span> <span class='ocrx_word' id='word_1_171' title='bbox 1229 3111 1460 3178; x_wconf 88' lang='lat' dir='ltr'><strong>testimouium</strong></span> <span class='ocrx_word' id='word_1_172' title='bbox 1476 3132 1575 3177; x_wconf 91' lang='lat' dir='ltr'><strong>suum</strong></span> <span class='ocrx_word' id='word_1_173' title='bbox 1590 3132 1704 3177; x_wconf 89' lang='lat' dir='ltr'><strong>coram</strong></span> <span class='ocrx_word' id='word_1_174' title='bbox 1719 3110 1789 3176; x_wconf 84' lang='lat' dir='ltr'><strong>suis</strong></span> 
     </span>
     <span class='ocr_line' id='line_1_21' title="bbox 465 3216 1791 3306; baseline -0.002 -23"><span class='ocrx_word' id='word_1_175' title='bbox 465 3217 641 3305; x_wconf 91' lang='lat' dir='ltr'><strong>discipulis</strong></span> <span class='ocrx_word' id='word_1_176' title='bbox 658 3216 728 3282; x_wconf 91' lang='lat' dir='ltr'><strong>viso</strong></span> <span class='ocrx_word' id='word_1_177' title='bbox 751 3221 822 3283; x_wconf 92' lang='lat' dir='ltr'><strong>lesu</strong></span> <span class='ocrx_word' id='word_1_178' title='bbox 846 3218 970 3306; x_wconf 87' lang='lat' dir='ltr'><strong>repetit</strong></span> <span class='ocrx_word' id='word_1_179' title='bbox 988 3223 1021 3283; x_wconf 93' lang='lat' dir='ltr'><strong>et</strong></span> <span class='ocrx_word' id='word_1_180' title='bbox 1043 3217 1208 3284; x_wconf 91' lang='lat' dir='ltr'><strong>rationem</strong></span> <span class='ocrx_word' id='word_1_181' title='bbox 1223 3239 1304 3286; x_wconf 91' lang='lat' dir='ltr'><strong>suae</strong></span> <span class='ocrx_word' id='word_1_182' title='bbox 1324 3216 1491 3284; x_wconf 89' lang='lat' dir='ltr'><strong>missionis</strong></span> <span class='ocrx_word' id='word_1_183' title='bbox 1502 3222 1537 3284; x_wconf 89' lang='lat' dir='ltr'><strong>et</strong></span> <span class='ocrx_word' id='word_1_184' title='bbox 1552 3222 1623 3284; x_wconf 90' lang='lat' dir='ltr'><strong>lesu</strong></span> <span class='ocrx_word' id='word_1_185' title='bbox 1639 3217 1791 3303; x_wconf 89' lang='lat' dir='ltr'><strong>dignita-</strong></span> 
     </span>
     <span class='ocr_line' id='line_1_22' title="bbox 471 3322 1789 3414; baseline -0.002 -25"><span class='ocrx_word' id='word_1_186' title='bbox 471 3330 538 3389; x_wconf 91' lang='lat' dir='ltr'><strong>tem</strong></span> <span class='ocrx_word' id='word_1_187' title='bbox 556 3345 710 3413; x_wconf 88' lang='lat' dir='ltr'><strong>opusque</strong></span> <span class='ocrx_word' id='word_1_188' title='bbox 730 3323 823 3414; x_wconf 92' lang='lat' dir='ltr'><strong>quod</strong></span> <span class='ocrx_word' id='word_1_189' title='bbox 843 3324 1054 3412; x_wconf 83' lang='lat' dir='ltr'><strong>perfecturus</strong></span> <span class='ocrx_word' id='word_1_190' title='bbox 1072 3323 1115 3390; x_wconf 90' lang='lat' dir='ltr'><strong>sit</strong></span> <span class='ocrx_word' id='word_1_191' title='bbox 1130 3322 1303 3411; x_wconf 85' lang='lat' dir='ltr'><strong>indigitat.</strong></span> <span class='ocrx_word' id='word_1_192' title='bbox 1322 3325 1399 3390; x_wconf 87' lang='lat' dir='ltr'><strong>Eius</strong></span> <span class='ocrx_word' id='word_1_193' title='bbox 1414 3323 1606 3390; x_wconf 90' lang='lat' dir='ltr'><strong>testimonio</strong></span> <span class='ocrx_word' id='word_1_194' title='bbox 1619 3323 1723 3413; x_wconf 88' lang='lat' dir='ltr'><strong>primi</strong></span> <span class='ocrx_word' id='word_1_195' title='bbox 1737 3323 1789 3389; x_wconf 93' lang='lat' dir='ltr'><strong>di-</strong></span> 
     </span>
     <span class='ocr_line' id='line_1_23' title="bbox 465 3426 1788 3519; baseline -0.001 -24"><span class='ocrx_word' id='word_1_196' title='bbox 465 3430 588 3518; x_wconf 91' lang='lat' dir='ltr'><strong>scipuli</strong></span> <span class='ocrx_word' id='word_1_197' title='bbox 607 3450 642 3496; x_wconf 91' lang='lat' dir='ltr'><strong>se</strong></span> <span class='ocrx_word' id='word_1_198' title='bbox 660 3434 732 3496; x_wconf 91' lang='lat' dir='ltr'><strong>lesu</strong></span> <span class='ocrx_word' id='word_1_199' title='bbox 751 3429 964 3516; x_wconf 84' lang='lat' dir='ltr'><strong>adiungunt,</strong></span> <span class='ocrx_word' id='word_1_200' title='bbox 979 3429 1104 3519; x_wconf 90' lang='lat' dir='ltr'><strong>quibus</strong></span> <span class='ocrx_word' id='word_1_201' title='bbox 1121 3431 1170 3497; x_wconf 88' lang='lat' dir='ltr'><strong>ita</strong></span> <span class='ocrx_word' id='word_1_202' title='bbox 1187 3453 1223 3497; x_wconf 91' lang='lat' dir='ltr'><strong>se</strong></span> <span class='ocrx_word' id='word_1_203' title='bbox 1242 3431 1452 3513; x_wconf 86' lang='lat' dir='ltr'><strong>manifestat,</strong></span> <span class='ocrx_word' id='word_1_204' title='bbox 1476 3436 1514 3495; x_wconf 92' lang='lat' dir='ltr'><strong>ut</strong></span> <span class='ocrx_word' id='word_1_205' title='bbox 1532 3426 1569 3495; x_wconf 94' lang='lat' dir='ltr'><strong>hi</strong></span> <span class='ocrx_word' id='word_1_206' title='bbox 1584 3437 1618 3496; x_wconf 90' lang='lat' dir='ltr'><strong>et</strong></span> <span class='ocrx_word' id='word_1_207' title='bbox 1633 3428 1722 3496; x_wconf 93' lang='lat' dir='ltr'><strong>alios</strong></span> <span class='ocrx_word' id='word_1_208' title='bbox 1743 3429 1788 3494; x_wconf 94' lang='lat' dir='ltr'><strong>ad</strong></span> 
     </span>
    </p>

    <p class='ocr_par' dir='ltr' id='par_1_7' title="bbox 447 3536 1786 3732">
     <span class='ocr_line' id='line_1_24' title="bbox 447 3536 1786 3626; baseline 0 -25"><span class='ocrx_word' id='word_1_209' title='bbox 447 3557 540 3608; x_wconf 35' lang='lat' dir='ltr'><strong>,eum</strong></span> <span class='ocrx_word' id='word_1_210' title='bbox 554 3536 737 3602; x_wconf 91' lang='lat' dir='ltr'><strong>adducant.</strong></span> <span class='ocrx_word' id='word_1_211' title='bbox 754 3536 847 3602; x_wconf 87' lang='lat' dir='ltr'><strong>Hisce</strong></span> <span class='ocrx_word' id='word_1_212' title='bbox 862 3537 951 3603; x_wconf 90' lang='lat' dir='ltr'><strong>facto</strong></span> <span class='ocrx_word' id='word_1_213' title='bbox 968 3536 1079 3626; x_wconf 91' lang='lat' dir='ltr'><strong>primo</strong></span> <span class='ocrx_word' id='word_1_214' title='bbox 1088 3537 1186 3624; x_wconf 87' lang='lat' dir='ltr'><strong>signo</strong></span> <span class='ocrx_word' id='word_1_215' title='bbox 1195 3538 1230 3603; x_wconf 93' lang='lat' dir='ltr'><strong>in</strong></span> <span class='ocrx_word' id='word_1_216' title='bbox 1239 3541 1329 3604; x_wconf 89' lang='lat' dir='ltr'><strong>Cana</strong></span> <span class='ocrx_word' id='word_1_217' title='bbox 1344 3537 1512 3604; x_wconf 90' lang='lat' dir='ltr'><strong>Galilaeae</strong></span> <span class='ocrx_word' id='word_1_218' title='bbox 1526 3538 1675 3624; x_wconf 87' lang='lat' dir='ltr'><strong>gloriam</strong></span> <span class='ocrx_word' id='word_1_219' title='bbox 1690 3558 1786 3604; x_wconf 91' lang='lat' dir='ltr'><strong>suam</strong></span> 
     </span>
     <span class='ocr_line' id='line_1_25' title="bbox 464 3641 1340 3732; baseline 0.002 -23"><span class='ocrx_word' id='word_1_220' title='bbox 464 3643 660 3709; x_wconf 88' lang='lat' dir='ltr'><strong>manifestat</strong></span> <span class='ocrx_word' id='word_1_221' title='bbox 669 3641 842 3732; x_wconf 86' lang='lat' dir='ltr'><strong>fidemque</strong></span> <span class='ocrx_word' id='word_1_222' title='bbox 852 3663 971 3709; x_wconf 88' lang='lat' dir='ltr'><strong>eorum</strong></span> <span class='ocrx_word' id='word_1_223' title='bbox 985 3650 1091 3730; x_wconf 88' lang='lat' dir='ltr'><strong>auget</strong></span> <span class='ocrx_word' id='word_1_224' title='bbox 1102 3650 1135 3710; x_wconf 91' lang='lat' dir='ltr'><strong>et</strong></span> <span class='ocrx_word' id='word_1_225' title='bbox 1149 3644 1340 3711; x_wconf 87' lang='lat' dir='ltr'><strong>confirmat.</strong></span> 
     </span>
    </p>

    <p class='ocr_par' dir='ltr' id='par_1_8' title="bbox 466 3748 1790 5015">
     <span class='ocr_line' id='line_1_26' title="bbox 509 3748 1788 3840; baseline 0.001 -25"><span class='ocrx_word' id='word_1_226' title='bbox 509 3751 696 3838; x_wconf 80' lang='lat' dir='ltr'><strong>Exponitur</strong></span> <span class='ocrx_word' id='word_1_227' title='bbox 717 3749 850 3838; x_wconf 88' lang='lat' dir='ltr'><strong>itaque,</strong></span> <span class='ocrx_word' id='word_1_228' title='bbox 875 3751 1047 3839; x_wconf 92' lang='lat' dir='ltr'><strong>quomodo</strong></span> <span class='ocrx_word' id='word_1_229' title='bbox 1072 3749 1176 3839; x_wconf 90' lang='lat' dir='ltr'><strong>primi</strong></span> <span class='ocrx_word' id='word_1_230' title='bbox 1198 3748 1358 3840; x_wconf 92' lang='lat' dir='ltr'><strong>discipuli</strong></span> <span class='ocrx_word' id='word_1_231' title='bbox 1376 3773 1411 3816; x_wconf 91' lang='lat' dir='ltr'><strong>se</strong></span> <span class='ocrx_word' id='word_1_232' title='bbox 1427 3756 1499 3817; x_wconf 91' lang='lat' dir='ltr'><strong>lesu</strong></span> <span class='ocrx_word' id='word_1_233' title='bbox 1519 3750 1738 3817; x_wconf 87' lang='lat' dir='ltr'><strong>adiunxerint</strong></span> <span class='ocrx_word' id='word_1_234' title='bbox 1754 3761 1788 3817; x_wconf 86' lang='lat' dir='ltr'><strong>et</strong></span> 
     </span>
     <span class='ocr_line' id='line_1_27' title="bbox 471 3854 1788 3947; baseline 0.002 -26"><span class='ocrx_word' id='word_1_235' title='bbox 471 3854 575 3921; x_wconf 90' lang='lat' dir='ltr'><strong>fidem</strong></span> <span class='ocrx_word' id='word_1_236' title='bbox 587 3856 622 3920; x_wconf 90' lang='lat' dir='ltr'><strong>iu</strong></span> <span class='ocrx_word' id='word_1_237' title='bbox 633 3877 709 3921; x_wconf 90' lang='lat' dir='ltr'><strong>eum</strong></span> <span class='ocrx_word' id='word_1_238' title='bbox 725 3856 955 3944; x_wconf 90' lang='lat' dir='ltr'><strong>conceperint.</strong></span> <span class='ocrx_word' id='word_1_239' title='bbox 969 3857 1140 3946; x_wconf 80' lang='lat' dir='ltr'><strong>Synoptici</strong></span> <span class='ocrx_word' id='word_1_240' title='bbox 1158 3856 1411 3946; x_wconf 90' lang='lat' dir='ltr'><strong>descripserunt</strong></span> <span class='ocrx_word' id='word_1_241' title='bbox 1426 3857 1604 3925; x_wconf 90' lang='lat' dir='ltr'><strong>conciones</strong></span> <span class='ocrx_word' id='word_1_242' title='bbox 1619 3857 1788 3947; x_wconf 84' lang='lat' dir='ltr'><strong>baptistae</strong></span> 
     </span>
     <span class='ocr_line' id='line_1_28' title="bbox 466 3960 1788 4054; baseline 0.002 -26"><span class='ocrx_word' id='word_1_243' title='bbox 466 3961 511 4028; x_wconf 93' lang='lat' dir='ltr'><strong>ad</strong></span> <span class='ocrx_word' id='word_1_244' title='bbox 538 3963 650 4028; x_wconf 91' lang='lat' dir='ltr'><strong>varios</strong></span> <span class='ocrx_word' id='word_1_245' title='bbox 670 3960 807 4028; x_wconf 91' lang='lat' dir='ltr'><strong>ordines</strong></span> <span class='ocrx_word' id='word_1_246' title='bbox 831 3963 971 4051; x_wconf 91' lang='lat' dir='ltr'><strong>eiusque</strong></span> <span class='ocrx_word' id='word_1_247' title='bbox 991 3963 1222 4031; x_wconf 89' lang='lat' dir='ltr'><strong>testimonium</strong></span> <span class='ocrx_word' id='word_1_248' title='bbox 1237 3964 1280 4030; x_wconf 94' lang='lat' dir='ltr'><strong>de</strong></span> <span class='ocrx_word' id='word_1_249' title='bbox 1292 3963 1432 4031; x_wconf 91' lang='lat' dir='ltr'><strong>fortiore</strong></span> <span class='ocrx_word' id='word_1_250' title='bbox 1444 3969 1520 4054; x_wconf 89' lang='lat' dir='ltr'><strong>post</strong></span> <span class='ocrx_word' id='word_1_251' title='bbox 1533 3986 1568 4031; x_wconf 91' lang='lat' dir='ltr'><strong>se</strong></span> <span class='ocrx_word' id='word_1_252' title='bbox 1583 3969 1727 4031; x_wconf 89' lang='lat' dir='ltr'><strong>venturo</strong></span> <span class='ocrx_word' id='word_1_253' title='bbox 1743 3964 1788 4030; x_wconf 91' lang='lat' dir='ltr'><strong>ad</strong></span> 
     </span>
     <span class='ocr_line' id='line_1_29' title="bbox 472 4068 1788 4160; baseline 0 -26"><span class='ocrx_word' id='word_1_254' title='bbox 472 4068 656 4158; x_wconf 88' lang='lat' dir='ltr'><strong>populum;</strong></span> <span class='ocrx_word' id='word_1_255' title='bbox 674 4075 860 4134; x_wconf 88' lang='lat' dir='ltr'><strong>narrarunt</strong></span> <span class='ocrx_word' id='word_1_256' title='bbox 879 4091 1014 4158; x_wconf 92' lang='lat' dir='ltr'><strong>quoque</strong></span> <span class='ocrx_word' id='word_1_257' title='bbox 1031 4070 1200 4160; x_wconf 89' lang='lat' dir='ltr'><strong>baptisma</strong></span> <span class='ocrx_word' id='word_1_258' title='bbox 1222 4078 1304 4138; x_wconf 92' lang='lat' dir='ltr'><strong>lesu.</strong></span> <span class='ocrx_word' id='word_1_259' title='bbox 1323 4076 1410 4138; x_wconf 87' lang='lat' dir='ltr'><strong>llaec</strong></span> <span class='ocrx_word' id='word_1_260' title='bbox 1431 4077 1587 4151; x_wconf 87' lang='lat' dir='ltr'><strong>loannes,</strong></span> <span class='ocrx_word' id='word_1_261' title='bbox 1606 4075 1723 4160; x_wconf 88' lang='lat' dir='ltr'><strong>utpote</strong></span> <span class='ocrx_word' id='word_1_262' title='bbox 1744 4070 1788 4136; x_wconf 87' lang='lat' dir='ltr'><strong>ab</strong></span> 
     </span>
     <span class='ocr_line' id='line_1_30' title="bbox 469 4162 1787 4267; baseline 0.002 -26"><span class='ocrx_word' id='word_1_263' title='bbox 469 4175 510 4241; x_wconf 94' lang='lat' dir='ltr'><strong>iis</strong></span> <span class='ocrx_word' id='word_1_264' title='bbox 527 4175 595 4242; x_wconf 89' lang='lat' dir='ltr'><strong>iam</strong></span> <span class='ocrx_word' id='word_1_265' title='bbox 622 4174 791 4264; x_wconf 83' lang='lat' dir='ltr'><strong>exposita,</strong></span> <span class='ocrx_word' id='word_1_266' title='bbox 818 4175 979 4264; x_wconf 91' lang='lat' dir='ltr'><strong>relinquit</strong></span> <span class='ocrx_word' id='word_1_267' title='bbox 1000 4175 1061 4264; x_wconf 90' lang='lat' dir='ltr'><strong>(ita</strong></span> <span class='ocrx_word' id='word_1_268' title='bbox 1083 4184 1215 4260; x_wconf 86' lang='lat' dir='ltr'><strong>tamen,</strong></span> <span class='ocrx_word' id='word_1_269' title='bbox 1233 4184 1270 4244; x_wconf 91' lang='lat' dir='ltr'><strong>ut</strong></span> <span class='ocrx_word' id='word_1_270' title='bbox 1293 4184 1368 4258; x_wconf 87' lang='lat'><strong>1‚33</strong></span> <span class='ocrx_word' id='word_1_271' title='bbox 1389 4177 1557 4267; x_wconf 90' lang='lat' dir='ltr'><strong>baptisma</strong></span> <span class='ocrx_word' id='word_1_272' title='bbox 1584 4183 1656 4244; x_wconf 91' lang='lat' dir='ltr'><strong>lesu</strong></span> <span class='ocrx_word' id='word_1_273' title='bbox 1677 4184 1711 4243; x_wconf 91' lang='lat' dir='ltr'><strong>et</strong></span> <span class='ocrx_word' id='word_1_274' title='bbox 1729 4162 1787 4243; x_wconf 87' lang='lat' dir='ltr'><strong>de·</strong></span> 
     </span>
     <span class='ocr_line' id='line_1_31' title="bbox 470 4281 1788 4373; baseline 0.002 -26"><span class='ocrx_word' id='word_1_275' title='bbox 470 4304 624 4348; x_wconf 91' lang='lat' dir='ltr'><strong>scensum</strong></span> <span class='ocrx_word' id='word_1_276' title='bbox 639 4281 783 4371; x_wconf 89' lang='lat' dir='ltr'><strong>Spiritus</strong></span> <span class='ocrx_word' id='word_1_277' title='bbox 797 4284 903 4348; x_wconf 92' lang='lat' dir='ltr'><strong>sancti</strong></span> <span class='ocrx_word' id='word_1_278' title='bbox 923 4283 1064 4349; x_wconf 92' lang='lat' dir='ltr'><strong>omnino</strong></span> <span class='ocrx_word' id='word_1_279' title='bbox 1080 4287 1229 4373; x_wconf 81' lang='lat' dir='ltr'><strong>tangat);</strong></span> <span class='ocrx_word' id='word_1_280' title='bbox 1246 4291 1281 4351; x_wconf 93' lang='lat' dir='ltr'><strong>at</strong></span> <span class='ocrx_word' id='word_1_281' title='bbox 1301 4284 1368 4351; x_wconf 89' lang='lat' dir='ltr'><strong>alia</strong></span> <span class='ocrx_word' id='word_1_282' title='bbox 1385 4285 1489 4352; x_wconf 88' lang='lat' dir='ltr'><strong>refert</strong></span> <span class='ocrx_word' id='word_1_283' title='bbox 1507 4291 1541 4351; x_wconf 92' lang='lat' dir='ltr'><strong>et</strong></span> <span class='ocrx_word' id='word_1_284' title='bbox 1554 4283 1788 4350; x_wconf 86' lang='lat' dir='ltr'><strong>narrationem</strong></span> 
     </span>
     <span class='ocr_line' id='line_1_32' title="bbox 468 4388 1788 4478; baseline 0.001 -23"><span class='ocrx_word' id='word_1_285' title='bbox 468 4389 722 4478; x_wconf 76' lang='lat' dir='ltr'><strong>synopticorum</strong></span> <span class='ocrx_word' id='word_1_286' title='bbox 744 4388 860 4454; x_wconf 89' lang='lat' dir='ltr'><strong>multis</strong></span> <span class='ocrx_word' id='word_1_287' title='bbox 881 4390 1028 4478; x_wconf 90' lang='lat' dir='ltr'><strong>supplet.</strong></span> <span class='ocrx_word' id='word_1_288' title='bbox 1051 4395 1098 4455; x_wconf 90' lang='lat' dir='ltr'><strong>lta</strong></span> <span class='ocrx_word' id='word_1_289' title='bbox 1119 4392 1209 4459; x_wconf 89' lang='lat' dir='ltr'><strong>solus</strong></span> <span class='ocrx_word' id='word_1_290' title='bbox 1225 4398 1342 4458; x_wconf 88' lang='lat' dir='ltr'><strong>narrat</strong></span> <span class='ocrx_word' id='word_1_291' title='bbox 1358 4392 1564 4478; x_wconf 90' lang='lat' dir='ltr'><strong>legationem</strong></span> <span class='ocrx_word' id='word_1_292' title='bbox 1580 4391 1788 4478; x_wconf 81' lang='lat' dir='ltr'><strong>synedrista-</strong></span> 
     </span>
     <span class='ocr_line' id='line_1_33' title="bbox 472 4494 1789 4588; baseline 0.002 -28"><span class='ocrx_word' id='word_1_293' title='bbox 472 4517 567 4576; x_wconf 88' lang='lat' dir='ltr'><strong>rum;</strong></span> <span class='ocrx_word' id='word_1_294' title='bbox 585 4496 676 4561; x_wconf 90' lang='lat' dir='ltr'><strong>solus</strong></span> <span class='ocrx_word' id='word_1_295' title='bbox 697 4494 797 4561; x_wconf 90' lang='lat' dir='ltr'><strong>nobis</strong></span> <span class='ocrx_word' id='word_1_296' title='bbox 819 4499 957 4583; x_wconf 84' lang='lat' dir='ltr'><strong>exponit</strong></span> <span class='ocrx_word' id='word_1_297' title='bbox 976 4497 1146 4586; x_wconf 92' lang='lat' dir='ltr'><strong>quomodo</strong></span> <span class='ocrx_word' id='word_1_298' title='bbox 1167 4503 1255 4564; x_wconf 90' lang='lat' dir='ltr'><strong>lesus</strong></span> <span class='ocrx_word' id='word_1_299' title='bbox 1272 4498 1382 4588; x_wconf 87' lang='lat' dir='ltr'><strong>primo</strong></span> <span class='ocrx_word' id='word_1_300' title='bbox 1398 4497 1592 4586; x_wconf 90' lang='lat' dir='ltr'><strong>acquisierit</strong></span> <span class='ocrx_word' id='word_1_301' title='bbox 1604 4496 1789 4588; x_wconf 86' lang='lat' dir='ltr'><strong>discipulos</strong></span> 
     </span>
     <span class='ocr_line' id='line_1_34' title="bbox 471 4600 1789 4689; baseline 0.002 -23"><span class='ocrx_word' id='word_1_302' title='bbox 471 4606 504 4666; x_wconf 92' lang='lat' dir='ltr'><strong>et</strong></span> <span class='ocrx_word' id='word_1_303' title='bbox 523 4624 591 4688; x_wconf 91' lang='lat' dir='ltr'><strong>qua</strong></span> <span class='ocrx_word' id='word_1_304' title='bbox 610 4603 742 4669; x_wconf 90' lang='lat' dir='ltr'><strong>ratione</strong></span> <span class='ocrx_word' id='word_1_305' title='bbox 762 4600 837 4667; x_wconf 91' lang='lat' dir='ltr'><strong>illos</strong></span> <span class='ocrx_word' id='word_1_306' title='bbox 857 4601 901 4667; x_wconf 93' lang='lat' dir='ltr'><strong>ad</strong></span> <span class='ocrx_word' id='word_1_307' title='bbox 921 4605 972 4669; x_wconf 93' lang='lat' dir='ltr'><strong>sui</strong></span> <span class='ocrx_word' id='word_1_308' title='bbox 992 4604 1223 4689; x_wconf 89' lang='lat' dir='ltr'><strong>cognitionem</strong></span> <span class='ocrx_word' id='word_1_309' title='bbox 1244 4611 1277 4671; x_wconf 93' lang='lat' dir='ltr'><strong>et</strong></span> <span class='ocrx_word' id='word_1_310' title='bbox 1296 4605 1397 4672; x_wconf 78' lang='lat' dir='ltr'><strong>sidem</strong></span> <span class='ocrx_word' id='word_1_311' title='bbox 1418 4603 1607 4672; x_wconf 80' lang='lat' dir='ltr'><strong>adduxerit.</strong></span> <span class='ocrx_word' id='word_1_312' title='bbox 1627 4604 1789 4671; x_wconf 87' lang='lat' dir='ltr'><strong>Discimus</strong></span> 
     </span>
     <span class='ocr_line' id='line_1_35' title="bbox 467 4695 1789 4798; baseline 0.002 -25"><span class='ocrx_word' id='word_1_313' title='bbox 467 4708 584 4795; x_wconf 90' lang='lat' dir='ltr'><strong>itaque</strong></span> <span class='ocrx_word' id='word_1_314' title='bbox 599 4732 667 4796; x_wconf 91' lang='lat' dir='ltr'><strong>qua</strong></span> <span class='ocrx_word' id='word_1_315' title='bbox 692 4708 822 4775; x_wconf 87' lang='lat' dir='ltr'><strong>ratione</strong></span> <span class='ocrx_word' id='word_1_316' title='bbox 839 4713 927 4775; x_wconf 93' lang='lat' dir='ltr'><strong>lesus</strong></span> <span class='ocrx_word' id='word_1_317' title='bbox 948 4711 1111 4798; x_wconf 88' lang='lat' dir='ltr'><strong>paulatim</strong></span> <span class='ocrx_word' id='word_1_318' title='bbox 1131 4733 1209 4777; x_wconf 91' lang='lat' dir='ltr'><strong>suos</strong></span> <span class='ocrx_word' id='word_1_319' title='bbox 1231 4712 1396 4792; x_wconf 80' lang='lat' dir='ltr'><strong>docuerit,</strong></span> <span class='ocrx_word' id='word_1_320' title='bbox 1413 4710 1516 4777; x_wconf 88' lang='lat' dir='ltr'><strong>fidem</strong></span> <span class='ocrx_word' id='word_1_321' title='bbox 1533 4734 1650 4778; x_wconf 92' lang='lat' dir='ltr'><strong>eorum</strong></span> <span class='ocrx_word' id='word_1_322' title='bbox 1664 4695 1789 4777; x_wconf 86' lang='lat' dir='ltr'><strong>excita-</strong></span> 
     </span>
     <span class='ocr_line' id='line_1_36' title="bbox 469 4814 1788 4907; baseline 0.005 -29"><span class='ocrx_word' id='word_1_323' title='bbox 469 4814 558 4879; x_wconf 87' lang='lat' dir='ltr'><strong>verit</strong></span> <span class='ocrx_word' id='word_1_324' title='bbox 577 4821 611 4879; x_wconf 91' lang='lat' dir='ltr'><strong>et</strong></span> <span class='ocrx_word' id='word_1_325' title='bbox 633 4816 863 4891; x_wconf 80' lang='lat' dir='ltr'><strong>roboraverit,</strong></span> <span class='ocrx_word' id='word_1_326' title='bbox 890 4820 1074 4905; x_wconf 90' lang='lat' dir='ltr'><strong>antequam</strong></span> <span class='ocrx_word' id='word_1_327' title='bbox 1093 4839 1171 4883; x_wconf 92' lang='lat' dir='ltr'><strong>cum</strong></span> <span class='ocrx_word' id='word_1_328' title='bbox 1195 4816 1237 4883; x_wconf 92' lang='lat' dir='ltr'><strong>iis</strong></span> <span class='ocrx_word' id='word_1_329' title='bbox 1255 4820 1290 4884; x_wconf 91' lang='lat' dir='ltr'><strong>in</strong></span> <span class='ocrx_word' id='word_1_330' title='bbox 1316 4818 1435 4885; x_wconf 91' lang='lat' dir='ltr'><strong>urbem</strong></span> <span class='ocrx_word' id='word_1_331' title='bbox 1459 4819 1650 4886; x_wconf 89' lang='lat' dir='ltr'><strong>ascenderit</strong></span> <span class='ocrx_word' id='word_1_332' title='bbox 1665 4824 1700 4883; x_wconf 88' lang='lat' dir='ltr'><strong>et</strong></span> <span class='ocrx_word' id='word_1_333' title='bbox 1717 4818 1788 4907; x_wconf 86' lang='lat' dir='ltr'><strong>ipsa</strong></span> 
     </span>
     <span class='ocr_line' id='line_1_37' title="bbox 470 4922 1790 5015; baseline 0.005 -29"><span class='ocrx_word' id='word_1_334' title='bbox 470 4922 530 4987; x_wconf 91' lang='lat' dir='ltr'><strong>illa</strong></span> <span class='ocrx_word' id='word_1_335' title='bbox 545 4925 750 5009; x_wconf 87' lang='lat' dir='ltr'><strong>purgatione</strong></span> <span class='ocrx_word' id='word_1_336' title='bbox 768 4922 887 5011; x_wconf 90' lang='lat' dir='ltr'><strong>templi</strong></span> <span class='ocrx_word' id='word_1_337' title='bbox 903 4927 939 4988; x_wconf 93' lang='lat' dir='ltr'><strong>ut</strong></span> <span class='ocrx_word' id='word_1_338' title='bbox 956 4924 1056 4990; x_wconf 85' lang='lat' dir='ltr'><strong>talem</strong></span> <span class='ocrx_word' id='word_1_339' title='bbox 1080 4947 1114 4991; x_wconf 93' lang='lat' dir='ltr'><strong>sc</strong></span> <span class='ocrx_word' id='word_1_340' title='bbox 1128 4922 1266 5013; x_wconf 91' lang='lat' dir='ltr'><strong>publice</strong></span> <span class='ocrx_word' id='word_1_341' title='bbox 1284 4924 1552 4993; x_wconf 82' lang='lat' dir='ltr'><strong>manifestaverit·</strong></span> <span class='ocrx_word' id='word_1_342' title='bbox 1567 4924 1678 5015; x_wconf 85' lang='lat' dir='ltr'><strong>qualis</strong></span> <span class='ocrx_word' id='word_1_343' title='bbox 1692 4947 1713 4991; x_wconf 90' lang='lat' dir='ltr'><strong>a</strong></span> <span class='ocrx_word' id='word_1_344' title='bbox 1728 4932 1790 4992; x_wconf 85' lang='lat' dir='ltr'><strong>lla·</strong></span> 
     </span>
    </p>

    <p class='ocr_par' dir='ltr' id='par_1_9' title="bbox 1106 5054 1143 5107">
     <span class='ocr_line' id='line_1_38' title="bbox 1106 5054 1143 5107; baseline -0.027 0"><span class='ocrx_word' id='word_1_345' title='bbox 1106 5054 1143 5107; x_wconf 73' lang='lat'><strong>92</strong></span> 
     </span>
    </p>
   </div>
   <div class='ocr_carea' id='block_1_7' title="bbox 0 0 2032 5648">
    <p class='ocr_par' dir='ltr' id='par_1_10' title="bbox 0 0 2032 5648">
     <span class='ocr_line' id='line_1_39' title="bbox 0 0 2032 5648; baseline 0 0"><span class='ocrx_word' id='word_1_346' title='bbox 0 0 2032 5648; x_wconf 95' lang='lat' dir='ltr'><strong> </strong></span> 
     </span>
    </p>
   </div>
  </div>
 </body>
</html>
