4116 5648
485 643 500 677 «
525 618 610 688 duro
627 648 643 684 n
660 619 719 686 illo
737 636 894 684 sermone
913 626 1069 707 agnoscit
1091 620 1159 690 tide
1183 618 1287 685 verba
1303 618 1405 685 vitam
1421 622 1594 684 aeternam
1613 615 1806 703 afferentia,

482 724 669 792 dummodo
692 721 872 792 observata
891 726 1019 797 fuerint
1042 729 1100 817 (ci.
1127 723 1214 812 Tol.)
1234 733 1268 792 et
1288 746 1364 791 cam
1389 722 1491 790 fidem
1516 723 1580 789 niti
1600 720 1750 789 affirmat
1768 749 1809 793 eo

482 833 575 921 quod
594 831 665 896 iam
686 830 919 917 experimento
938 840 1059 902 notum
1079 830 1209 898 habent
1231 855 1261 900 v.
1286 837 1328 897 70
1347 840 1380 895 et
1399 851 1459 894 nos
1481 827 1684 896 credidimus
1703 841 1736 896 et
1754 851 1809 895 co-

479 933 661 1026 pnovimus
676 937 912 1025 experimento
931 961 971 1005 ex
985 937 1147 1030 operibus
1161 944 1300 1027 accepto
1316 932 1416 1000 nobis
1431 954 1627 1022 persuasum
1645 942 1709 1018 est,
1726 935 1810 1026 quic

480 1056 517 1108 tu
535 1063 569 1107 es
590 1039 743 1111 Christus
761 1044 874 1112 nilne
896 1045 976 1126 nei,
994 1045 1071 1111 vide
1083 1041 1162 1110 lect.
1178 1067 1249 1112 var.
1274 1054 1288 1110 t
1311 1043 1395 1128 ἅγιος
1414 1056 1465 1108 τοῦ
1481 1040 1560 1108 Θεοῦ
1576 1041 1599 1107 i.
1618 1064 1647 1107 e.
1663 1045 1807 1124 Messias,

478 1168 565 1236 quae
580 1147 679 1217 lectio
698 1148 929 1240 praeferenda
947 1156 1014 1230 est;
1037 1148 1146 1217 altera
1165 1149 1386 1217 videturesse
1403 1146 1674 1213 conformataad
1694 1149 1808 1217 llatth.

481 1258 590 1335 laxs.
616 1255 820 1347 appellatur
843 1265 859 1322 t
881 1257 966 1344 ἅγιος
984 1256 1028 1322 ci.
1053 1260 1166 1335 10‚36.
1186 1260 1284 1323 llarc.
1308 1258 1398 1335 hit,
1420 1252 1481 1342 qui
1499 1253 1617 1342 itaque
1641 1254 1810 1340 singulari

479 1362 610 1429 ratione
624 1362 769 1452 adopus
786 1358 845 1427 nei
857 1362 1056 1444 sitelectus,
1075 1367 1142 1430 Deo
1157 1364 1382 1429 consecratus.

523 1475 631 1558 Atque
648 1466 755 1534 fidem
769 1469 1008 1556 apostolorum
1022 1489 1094 1535 esse
1108 1491 1194 1558 opus
1215 1466 1274 1535 Dei
1299 1472 1333 1534 et
1361 1465 1563 1533 heneficium
1583 1466 1733 1534 Christus
1752 1489 1810 1535 ecs

479 1581 595 1641 monet
609 1596 642 1640 v.
659 1579 700 1639 71
723 1571 902 1663 respoudit
916 1574 964 1642 eis
983 1577 1076 1644 Iesus
1093 1597 1106 1642 .·
1121 1596 1236 1642 nonne
1249 1595 1312 1663 epo
1331 1595 1389 1640 uos
1406 1569 1586 1639 duodecim
1602 1572 1715 1663 elepi?
1728 1572 1810 1641 dein

476 1679 606 1747 indicat
624 1677 717 1745 Petri
738 1678 1005 1748 affirmationem
1024 1702 1096 1748 non
1115 1680 1161 1748 ad
1181 1702 1301 1747 omnes
1323 1700 1419 1770 posse
1441 1688 1593 1768 spectare
1612 1692 1644 1746 et
1660 1703 1701 1746 es
1719 1680 1809 1746 uobis

477 1807 565 1852 unus
578 1783 736 1857 diabolus
750 1787 825 1853 est?
844 1813 861 1849 u
883 1788 969 1855 haec
985 1786 1105 1877 itaque
1122 1785 1299 1855 audientes
1316 1785 1538 1852 instituamur
1555 1786 1599 1853 ad
1615 1786 1807 1854 cavendum

475 1890 759 1981 vigilandumque
789 1913 966 1983 semper»
993 1891 1126 1983 (Chr.);
1158 1892 1374 1960 oscitantiam
1408 1899 1442 1959 et
1465 1892 1641 1979 ignaviam
1671 1913 1807 1960 omnem

476 1995 643 2086 praecidit
666 1997 796 2090 (Cyr.);
813 1999 968 2066 nondum
997 2000 1090 2066 enim
1108 2022 1129 2068 a
1156 2022 1224 2090 quo
1245 1997 1433 2066 tradendus
1451 1998 1494 2064 sit
1510 2000 1669 2088 explicat3
1687 2021 1808 2067 verum

476 2124 592 2170 omnes
610 2110 744 2187 monet,
769 2109 807 2173 ut
827 2104 911 2173 fidei
929 2105 1165 2174 sinceritatem
1188 2105 1233 2174 ad
1253 2105 1420 2172 trutinam
1440 2111 1608 2172 revocent.
1628 2105 1808 2174 Diabolum

473 2209 629 2277 nominat
644 2209 840 2279 diabolicae
859 2211 1047 2280 voluntatis
1064 2234 1106 2280 ac
1129 2212 1280 2280 malitiae
1307 2211 1501 2278 ministrum
1522 2219 1556 2278 et
1577 2217 1806 2279 exsecutorem

475 2316 531 2402 (cf.
553 2316 660 2406 Cyn).
683 2318 734 2385 Uti
757 2340 800 2385 ea
819 2318 1004 2386 assertione
1024 2318 1180 2406 singulos
1204 2325 1335 2401 monet,
1354 2320 1400 2386 ita
1416 2341 1473 2386 eos
1491 2320 1686 2408 praemunit
1698 2319 1803 2386 etiam

473 2428 590 2490 contra
603 2421 806 2492 scandalum
816 2423 1020 2514 proditionis
1036 2424 1159 2510 ludae;
1175 2425 1450 2493 recordabuntur
1464 2425 1557 2491 enim
1575 2425 1671 2492 verbi
1690 2425 1804 2504 huius,

474 2529 567 2617 quod
592 2531 627 2596 in
642 2533 713 2597 tam
729 2529 890 2598 sollemni
917 2553 958 2598 ac
977 2531 1198 2600 memorabili
1212 2530 1408 2600 conditione
1423 2531 1639 2599 enuntiatum
1653 2554 1720 2598 non
1741 2552 1805 2620 pc-

472 2637 551 2702 terit
564 2639 762 2704 ememcria
772 2637 893 2706 deleri.
907 2637 1012 2705 Addit
1025 2639 1241 2726 evangeliste
1255 2637 1331 2726 quis
1343 2638 1411 2704 iam
1428 2637 1612 2727 perdidisse
1625 2637 1730 2705 fidem
1745 2637 1804 2704 de-

472 2745 624 2830 signatus
646 2745 707 2819 sit:
728 2743 829 2812 addit
847 2745 913 2813 hoc
931 2766 971 2812 ex
994 2747 1045 2812 rei
1060 2751 1184 2813 eventu
1204 2767 1236 2812 v.
1263 2750 1305 2810 72
1330 2742 1462 2810 dicebat
1480 2758 1594 2811 cutem
1613 2743 1736 2811 ludam
1749 2743 1804 2814 Si-

472 2850 582 2917 monis
602 2851 820 2937 lsccriotem;
839 2850 895 2918 tic
914 2851 1007 2919 enim
1031 2864 1107 2918 erut
1127 2851 1316 2918 traditorem
1339 2872 1435 2928 eum,
1456 2873 1533 2917 cum
1554 2865 1639 2918 esset
1653 2873 1743 2917 cenos
1762 2872 1805 2916 ex

472 2955 670 3041 duodecim
690 2979 816 3046 graeca
833 2958 937 3024 lectio
957 2956 1116 3046 legitima
1139 2957 1276 3025 videtur
1297 2979 1368 3024 esse
1403 2957 1606 3044 ’locupletem
1629 2958 1721 3024 unde
1734 2958 1801 3024 iam

472 3069 567 3152 pater
579 3062 682 3131 tudae
706 3064 798 3131 istud
821 3064 947 3133 habuit
957 3085 1168 3152 cognomen3
1182 3070 1254 3131 tam
1269 3070 1428 3131 accurate
1441 3064 1652 3151 evangelista
1667 3087 1719 3131 res
1732 3065 1803 3131 sin-

471 3168 569 3255 gulas
583 3168 690 3236 novit.
713 3174 759 3237 lte
781 3170 849 3237 hcc
869 3172 1079 3258 cognomine
1099 3171 1177 3239 vide
1195 3193 1283 3260 qnae
1307 3169 1378 3236 dixi
1397 3169 1442 3236 ad
1460 3171 1574 3237 tlatth.
1594 3175 1671 3250 10,t
1692 3170 1804 3260 (Com-

471 3282 576 3343 ment.
593 3280 604 3342 l
619 3298 653 3365 p.
671 3282 736 3344 376
753 3275 861 3365 seq.);
875 3276 920 3344 de
937 3276 1106 3343 electione
1117 3283 1150 3343 et
1165 3277 1360 3367 proditione
1377 3276 1452 3343 vide
1472 3275 1494 3344 l.
1513 3299 1541 3343 c.
1559 3286 1593 3343 et
1611 3280 1799 3344 Commeat.

472 3385 498 3448 u
514 3388 578 3450 aaa
597 3404 669 3472 seq.

735 3574 762 3629 5.
780 3566 980 3647 Mandutztcb
1000 3569 1072 3630 Iesu
1093 3571 1177 3631 lertsb
1197 3571 1229 3630 iu
1250 3571 1362 3631 nucea
1384 3576 1546 3644 7‚1-10‚21.

515 3804 601 3866 llaec
616 3798 866 3881 manifestatio,
887 3801 938 3867 uti
951 3802 1071 3868 ceteris
1085 3809 1135 3868 est
1147 3802 1372 3891 praeclarior,
1390 3804 1436 3868 ita
1449 3803 1548 3891 plura
1561 3824 1697 3892 quoque
1711 3824 1802 3868 com·

469 3906 640 3996 plectitur.
663 3905 728 3973 Sed
753 3928 823 3996 quo
843 3906 989 3973 clariore
1009 3907 1112 3974 modo
1127 3913 1217 3976 lesus
1233 3930 1328 3974 suam
1345 3931 1366 3975 a
1383 3914 1479 3974 Putre
1500 3909 1694 3975 missionem
1710 3908 1802 3975 affir-

471 4017 542 4078 mat
565 4016 599 4080 ct
627 4034 661 4079 se
682 4033 754 4080 esse
783 4037 800 4080 a
831 4018 930 4080 Patre
955 4012 1096 4080 missum
1115 4015 1258 4104 prohat,
1277 4001 1472 4082 eo'maiore
1489 4015 1567 4082 odio
1587 4036 1665 4081 cum
1692 4037 1802 4105 persc-

470 4124 633 4209 quuntur.
663 4119 813 4209 Populus
832 4120 955 4187 timore
976 4120 1175 4210 principum
1194 4129 1386 4202 coercetur3
1415 4122 1449 4187 hi
1474 4121 1542 4187 iam
1566 4126 1699 4187 tentant
1723 4143 1800 4187 euni

470 4223 743 4316 apprehendere,
777 4227 895 4292 volunt
924 4248 1004 4293 eum
1028 4225 1177 4294 adducta
1208 4226 1364 4294 adultera
1389 4230 1422 4293 in
1447 4250 1601 4295 sermone
1625 4250 1745 4318 capere
1769 4236 1803 4293 ot

470 4332 609 4399 insidias
632 4336 781 4415 struere3
805 4332 1074 4422 reprehensione
1093 4335 1167 4400 eius
1191 4341 1224 4399 et
1247 4333 1445 4400 testimonio
1468 4334 1509 4400 dc
1532 4335 1666 4421 origine
1683 4334 1800 4400 divina

469 4440 517 4504 ita
532 4437 789 4522 exacerbantur,
811 4445 849 4506 ut
868 4459 948 4506 eum
970 4443 1136 4506 conentur
1150 4438 1319 4529 lapidare.
1344 4441 1525 4507 sanat-ione
1540 4443 1633 4507 caeci
1652 4441 1723 4504 nati
1748 4439 1763 4504 f
1786 4479 1802 4489 -

471 4567 547 4611 roro
567 4542 788 4612 exardescunt
810 4546 859 4613 ita
876 4549 915 4612 ut
933 4546 993 4634 qui
1019 4566 1100 4612 eum
1127 4545 1348 4613 confiteretur
1370 4546 1538 4614 Christum
1563 4567 1603 4610 ex
1625 4567 1799 4633 synagoga

469 4651 617 4719 eliciant.
641 4649 728 4729 Quid
754 4653 882 4719 mirum
905 4652 1024 4739 igitur,
1046 4651 1075 4718 si
1097 4656 1188 4720 lesus
1208 4652 1374 4719 eiusmodi
1401 4653 1504 4719 ducos
1518 4651 1637 4741 populi
1656 4653 1747 4718 suros
1763 4675 1801 4719 ac

470 4756 618 4826 latrones
632 4757 803 4849 appellat,
820 4760 880 4849 qui
900 4782 935 4826 se
948 4766 1120 4849 pastorem
1138 4760 1268 4827 honum
1288 4761 1368 4826 odio
1384 4759 1531 4826 habent?
1546 4759 1673 4846 Insigni
1699 4759 1801 4826 modo

471 4868 560 4931 lesus
577 4887 612 4932 se
631 4865 784 4933 declarat
814 4886 894 4933 eum
917 4865 979 4956 qui
1003 4887 1105 4934 omne
1126 4866 1306 4935 hominum
1321 4865 1529 4933 desiderium
1544 4865 1633 4933 dono
1655 4867 1802 4956 Spiritus
