4050 5648
722 539 805 584 min.
828 523 986 599 193143.

604 766 632 831 s)
648 768 744 817 Iesus
759 768 923 833 sepelitur
941 763 1112 824 ispi-42.

234 951 321 1012 19,³1.
340 945 434 995 ludaei
449 957 518 1008 ergo
528 946 669 1010 (quoniam
680 957 831 1007 paraseeve
920 940 1010 1001 inti.
1029 937 1061 990 Οἱ
1079 933 1123 991 οῦν
1150 935 1284 1003 Ἰουδαῖοι,
1309 935 1362 990 ἐπεὶ
1383 933 1521 1006 ιταρασκενὴ

192 1038 272 1104 erat),
286 1040 316 1086 ut
327 1047 382 1084 non
397 1042 573 1086 remanerent
585 1038 703 1084 incruce
713 1046 832 1098 corpora
880 1024 925 1094 ἦν,
944 1028 988 1078 ἵνα
1007 1026 1040 1097 μὴ
1072 1027 1141 1099 μεθνη
1166 1023 1207 1078 ἐντὶ
1232 1028 1276 1076 τοῦ
1298 1029 1403 1096 σταυροῦ
1422 1023 1453 1077 τὰ
1475 1023 1523 1076 mi-

192 1128 309 1181 sabbato
323 1121 391 1189 (erat
407 1126 482 1173 enim
496 1137 616 1188 magnus
631 1123 691 1172 dies
706 1122 833 1174 iiiesab·
882 1135 948 1188 ματα
974 1114 1000 1169 ἓν
1024 1121 1059 1187 τῷ
1084 1116 1214 1187 σαθθθτνμ,
1245 1108 1283 1183 (ἦν
1310 1111 1359 1184 γὰρ
1385 1113 1483 1185 μεγάλη
1506 1111 1522 1178 3η

194 1211 271 1279 bati),
285 1218 454 1276 rogaverunt
466 1215 588 1264 Pilatum
599 1218 628 1261 ut
637 1211 833 1274 frangerentur
881 1206 960 1276 ἡμέρα
979 1204 1073 1257 ἐκείνου
1092 1213 1135 1259 τοῦ
1153 1204 1305 1273 σαθθάτου,)
1330 1199 1461 1273 ἠρώτησαν
1481 1202 1522 1256 τὸν

195 1315 393 1362 summorum,
408 1309 436 1353 et
447 1304 618 1354 tollerentur.
632 1300 675 1349 ei.
689 1299 834 1351 Venerunt
883 1293 1020 1357 Πειλᾶτον,
1039 1295 1083 1346 ἵνα
1105 1298 1259 1364 κατεαγῶσιν
1278 1290 1359 1345 atum
1378 1289 1409 1343 τὰ
1431 1289 1523 1357 σκέλη,

196 1404 264 1455 ergo
284 1393 386 1442 milites
393 1406 400 1451 ;
417 1399 446 1443 et
464 1393 546 1456 primi
565 1389 676 1454 quidem
691 1389 835 1451 fregerunt
883 1381 1060 1460 καλιὰρθῶσιν.
1082 1387 1126 1437 33.
1152 1378 1229 1450 ἦλθον
1254 1375 1298 1434 ον’νν
1317 1383 1341 1434 οἱ
1360 1384 1524 1449 στρατιῶται,

196 1481 530 1543 crura,eta1teriusqui
550 1476 698 1529 crucifixus
717 1479 834 1528 osteum
884 1472 925 1525 καλ
945 1479 987 1525 τοῦ
1006 1472 1049 1543 μὲν
1076 1473 1173 1544 ιτριθτου
1197 1471 1314 1533 κατέαξαν
1334 1468 1364 1523 τὰ
1388 1467 1464 1536 σκέλη
1484 1467 1526 1520 καὶ

196 1583 240 1620 eo.
258 1569 301 1620 33.
319 1571 360 1621 Ad
375 1571 467 1620 lesum
478 1571 571 1617 autem
584 1580 670 1631 quum
680 1569 834 1629 venissent,
885 1565 929 1615 τοῦ
951 1561 1032 1613 ἄλλον
1055 1566 1099 1615 τοῦ
1127 1559 1353 1630 συνσταυρωθέντος
1375 1557 1454 1628 αἰετῷ·
1477 1560 1522 1610 33.

200 1661 230 1709 ut
244 1659 372 1710 viderunt
387 1671 451 1708 eum
467 1659 522 1706 iam
537 1662 692 1715 mortuum,
709 1668 765 1706 non
779 1655 837 1706 ire-
886 1649 925 1703 ini
943 1649 970 1703 tt
993 1650 1036 1702 τὸν
1063 1649 1161 1717 Ἰησοῦν
1184 1647 1312 1714 θλθθντες,
1331 1648 1365 1710 ὥς
1388 1645 1457 1700 iiior
1476 1644 1525 1712 ἤδη

198 1755 300 1813 gerunt
313 1751 373 1799 eius
390 1759 481 1797 crura.
501 1745 544 1794 34.
563 1744 618 1796 Sed
632 1744 837 1795 unusmiiitum
886 1739 960 1793 αὐτὸν
991 1739 1141 1807 τεθνηκότα,
1175 1737 1204 1790 οῦ
1236 1735 1355 1799 κατέαξαν
1388 1737 1463 1789 αὐτοῦ
1495 1733 1526 1788 τὶ

201 1839 300 1888 lancea
326 1838 399 1886 latus
422 1837 483 1885 eius
511 1837 634 1898 aperuit,
653 1837 681 1885 et
704 1835 837 1885 continuo
887 1829 972 1895 σαὶλη·
994 1831 1037 1882 33.
1059 1826 1122 1879 ἀλλ’
1146 1825 1180 1889 ιῐς
1204 1832 1253 1880 τῶν
1282 1831 1440 1897 στρατιωτῶν
1463 1821 1528 1894 λθγ·

200 1926 287 1977 exivit
301 1925 430 1986 sanguis,
447 1926 475 1972 et
489 1936 571 1986 aqua.
591 1924 633 1973 35.
652 1924 685 1973 Et
695 1925 743 1987 qui
758 1923 836 1985 vidit,
887 1939 922 1990 χη
946 1917 1020 1971 atrae
1044 1916 1088 1983 τὴν
1121 1914 1228 1986 etrapit
1252 1914 1334 1977 ἔνυξεν
1364 1914 1406 1967 καὶ
1428 1912 1529 1979 diffidit

200 2015 390 2064 testimonium
409 2012 565 2076 perhibuit,
582 2017 610 2062 et
627 2025 722 2062 verum
737 2017 780 2061 est
796 2018 838 2062 te·
889 2007 957 2068 εὐθυς
980 2001 1044 2077 αἷμα
1068 2005 1110 2060 καλ
1132 2005 1204 2075 ὕδωρ.
1233 2008 1275 2058 35.
1305 2002 1348 2056 καὶ
1374 2002 1389 2055 θ
1416 2001 1530 2074 θωρααὼς

202 2103 364 2152 stimonium
380 2103 450 2151 eius.
463 2100 498 2150 Et
511 2100 558 2150 iiie
572 2102 625 2151 scit
638 2101 704 2165 quia
716 2112 783 2151 vera
796 2100 840 2150 di·
890 2095 1072 2167 μεμαρτύρηκεν
1099 2095 1141 2147 νιαλ
1168 2091 1273 2160 ἀληθινὴ
1307 2091 1383 2146 αθτοῦ
1419 2091 1485 2144 ἐστὶν
1513 2088 1529 2156 ἡ

201 2193 253 2250 oit;
276 2196 305 2240 ut
328 2193 355 2241 et
374 2203 424 2240 vos
446 2189 576 2241 credatis.
603 2189 645 2239 36.
672 2190 756 2240 Facta
774 2193 842 2240 sunt
891 2185 1025 2256 μαρτυρία,
1045 2183 1087 2238 καὶ
1115 2181 1205 2245 ἰκτῖνος
1227 2179 1297 2235 οἶδεν
1320 2183 1359 2236 θτι
1381 2179 1465 2248 αἰληθῆ
1487 2178 1531 2232 λθ-

203 2281 278 2331 enim
295 2279 364 2329 haec
383 2283 413 2328 ut
434 2278 579 2342 Scriptura
598 2280 761 2343 impleretur
777 2293 784 2328 ι
802 2279 841 2330 Os
891 2295 943 2342 γει,
967 2274 1011 2326 ἵνα
1034 2273 1076 2326 καὶ
1101 2272 1171 2344 ὑμεῖς
1200 2273 1338 2338 τιστεῦητε.
1365 2273 1410 2325 36.
1434 2267 1532 2340 θγθνετο

203 2381 260 2419 non
268 2370 463 2418 comminuetis
473 2381 508 2417 ex
520 2381 564 2418 eo.
578 2366 621 2417 37.
633 2368 666 2417 Et
679 2370 778 2418 iterum
786 2370 843 2419 alia
892 2363 940 2435 γὰρ
959 2367 1049 2430 ταῦτα,
1069 2360 1143 2427 isaii
1166 2359 1247 2433 γραρη
1266 2360 1403 2431 πληρωθῇ,
1427 2357 1533 2412 Ὀστοῦν

205 2457 348 2520 Scriptura
363 2457 444 2509 dicit:
458 2456 598 2507 Videbunt
614 2458 643 2506 in
655 2470 738 2520 quein
751 2463 843 2508 trans·
893 2453 921 2506 οὗ
939 2452 1126 2523 συντριὸήσεταν
1140 2449 1224 2504 αὗτσῦ.
1242 2453 1290 2505 ’37.
1311 2448 1353 2503 καὶ
1371 2448 1446 2503 πάλιν
1465 2446 1534 2517 [ripa

208 2544 337 2597 fixerunt.
816 2531 818 2536 ¹
894 2543 974 2612 γραρὴ
991 2540 1075 2612 λέγει,
1101 2540 1221 2612 Ὄψονται
1247 2537 1280 2601 εἰς
1306 2540 1336 2591 ὃν
1364 2536 1533 2604 θξεκθντησαν.

243 2634 285 2684 33.
305 2635 371 2684 Post
392 2636 462 2684 haec
483 2641 577 2686 autem
597 2637 707 2699 rogavit
723 2636 844 2686 Pilatum
932 2634 974 2685 38,
996 2629 1066 2682 Μετὰ
1084 2629 1111 2682 ti
1129 2635 1204 2682 ταῦτα
1222 2625 1349 2698 ἠρώτησεν
1373 2626 1417 2680 τὸν
1441 2625 1536 2678 Πειλᾶ-

207 2723 308 2786 ioseph
335 2724 370 2773 ab
395 2724 576 2775 Arimathaea
601 2722 647 2790 (eo
670 2725 745 2789 quod
770 2729 846 2775 esset
894 2740 938 2773 ταν
964 2716 1056 2789 Ἰωσὴρ
1079 2718 1128 2772 ἀπὸ
1157 2716 1327 2788 Ἁριμαθαίας,
1354 2715 1400 2788 (ὢν
1425 2712 1536 2786 μαθητὴς

207 2812 359 2876 discipulus
380 2813 457 2872 Iesu,
475 2815 601 2864 occultus
622 2818 716 2865 autem
732 2819 846 2877 propter
895 2809 990 2879 Ἰησοῦ,
1011 2809 1175 2879 νιικρυμμθνος
1193 2805 1287 2860 δὲ.θά
1315 2805 1359 2858 τὸν
1385 2803 1462 2875 ρθθσν
1486 2808 1537 2856 τῶν

207 2906 310 2951 metum
338 2900 515 2966 ludaeorum)
543 2908 573 2952 ut
600 2903 712 2954 tolleret
743 2915 846 2967 corpus
899 2897 1052 2966 Ἰουόαθων,)
1080 2897 1122 2949 ἵνα
1152 2897 1199 2968 ἅρη
1226 2896 1256 2949 σὺ
1284 2900 1359 2966 σῶμα
1378 2898 1423 2947 τοῦ
1453 2891 1537 2960 Ἰησοῦ

206 2990 280 3040 iesu.
298 2989 331 3039 Et
345 2992 472 3053 permisit
485 2990 602 3041 Pilatus.
620 2992 704 3042 Venit
718 3005 802 3055 ergo,
819 2994 847 3042 et
897 2988 938 3039 καλ
970 2986 1097 3058 ἐπέτρεψεν
1125 2986 1139 3039 θ
1166 2985 1295 3046 Πειλᾶτος.
1322 2979 1399 3050 ἦλθεν
1427 2976 1471 3035 οῦν
1498 2981 1539 3034 καλ

208 3080 271 3129 tulit
286 3092 387 3142 corpus
403 3079 477 3130 lesu.
494 3080 537 3130 33.
551 3082 633 3130 Venit
648 3085 741 3130 autem
756 3087 785 3131 et
799 3081 848 3130 Ni·
897 3072 952 3146 ἦρεν
967 3076 997 3128 τὶν
1022 3081 1095 3146 σῶμα
1113 3074 1199 3128 αὐτοῦ.
1221 3078 1264 3127 39.
1285 3067 1362 3138 ἦλθεν
1385 3071 1411 3124 tt
1431 3070 1473 3123 καὶ
1491 3069 1539 3122 Νι-

208 3167 354 3227 codemus,
381 3170 428 3231 qui
453 3171 569 3219 venerat
590 3169 624 3218 ad
649 3169 741 3219 lesum
766 3172 848 3219 nocte
897 3166 1006 3235 κθδημος
1040 3163 1064 3235 (θ
1094 3162 1174 3216 ἐλθὼν
1205 3162 1268 3234 πρὸς
1296 3160 1371 3215 αὖτὀν
1397 3158 1483 3222 νυκτὸς
1511 3159 1540 3211 τὸ

210 3258 343 3319 primum,
370 3256 462 3306 terens
491 3259 640 3308 mixturam
667 3258 796 3321 myrrhae
821 3262 849 3307 et
898 3256 1019 3324 πρῶτον),
1046 3254 1123 3324 φέρων
1148 3252 1242 3323 ἕλιγμα
1265 3251 1375 3322 σμύρνης
1403 3237 1540 3315 mittem

203 3341 299 3405 aloes,
316 3348 396 3409 quasi
416 3346 502 3396 libras
522 3350 645 3397 centum.
661 3347 704 3398 θθ.
722 3349 849 3410 Accepe·
898 3343 931 3405 ὡς
949 3342 1034 3413 λίτρας
1051 3341 1150 3396 θκατθν.
1172 3345 1215 3396 to.
1236 3339 1326 3394 ἔλαθον
1356 3333 1402 3392 οῦν
1421 3340 1450 3392 τὸ
1468 3342 1541 3408 σῶμα

208 3440 462 3499 runtergooorpus
478 3436 765 3499 Iesu,etligaverunt
779 3435 849 3485 iliud
900 3440 941 3485 τσῦ
964 3430 1062 3498 Ἰησοῦ,
1088 3431 1131 3484 καὶ
1153 3432 1243 3498 ἔδησαν
1266 3428 1326 3483 atri
1351 3427 1460 3489 ὀθονίοις
1479 3425 1542 3496 μετὰ

211 3523 305 3572 linteis
324 3536 386 3572 cum
413 3525 601 3584 aromatibus,
628 3527 700 3575 sicut
721 3538 783 3574 mos
807 3530 851 3575 est
901 3527 949 3574 τῶν
968 3520 1122 3592 ἀρωμάτων,
1146 3520 1228 3581 καθὼς
1249 3517 1303 3581 ἶθος
1326 3517 1381 3571 ἐστὶ
1408 3518 1461 3578 τοῖς
1479 3515 1542 3567 Ἰου-

211 3611 322 3661 iudaeis
336 3613 465 3675 sepelire.
486 3613 529 3661 ii.
544 3613 611 3663 Erat
627 3609 723 3664 'autem
741 3616 770 3663 in
788 3615 852 3664 ioco
901 3610 978 3672 δαθοις
996 3609 1158 3681 ἐνταφιάζειν.
1181 3612 1224 3664 ti.
1245 3603 1276 3674 ἦν
1299 3605 1327 3660 ai
1351 3605 1376 3660 ἐν
1403 3611 1440 3677 τῷ
1457 3604 1541 3676 τθναρ,

212 3700 260 3750 ubi
279 3698 427 3751 crucifixus
449 3708 505 3758 est,
527 3702 638 3761 hortus,
662 3705 691 3753 et
714 3705 742 3752 in
769 3703 852 3753 horto
901 3699 963 3752 θτου
987 3698 1139 3769 ἐσταυρώθη,
1165 3701 1257 3765 κῆτος,
1281 3695 1324 3749 καὶ
1352 3695 1378 3750 iv
1413 3700 1449 3766 τῷ
1472 3691 1545 3764 stirp

214 3793 425 3839 monumentum
455 3803 574 3849 novum,
601 3792 628 3840 in
653 3805 708 3855 quo
729 3792 852 3842 nondum
903 3793 1025 3858 μνημεῖον
1051 3789 1150 3851 καινὸν,
1175 3785 1199 3839 ἔν
1229 3782 1251 3857 ᾧ
1282 3785 1379 3839 ον’νθθτω
1409 3782 1488 3845 nasu
1512 3777 1543 3848 ἦν

213 3880 361 3940 quisquam
374 3881 484 3941 positus
495 3884 562 3929 erat.
578 3880 620 3930 ii.
633 3880 675 3931 Ibi
687 3893 757 3943 ergo
771 3893 853 3944 prop·
902 3879 1047 3947 τεθειμένος.
1070 3880 1113 3930 ti.
1131 3875 1185 3930 ἐκεῖ
1200 3868 1244 3927 οῦν
1263 3875 1304 3927 διὰ
1323 3878 1369 3936 τὴν
1388 3868 1544 3943 παρασκευὴν

216 3975 257 4016 ter
281 3979 453 4030 parasceven
482 3968 664 4030 ludaeorum,
684 3972 750 4034 quia
774 3972 853 4019 iuxta
903 3971 951 4019 τῶν
974 3965 1115 4029 Ἰουδαίων,
1139 3966 1178 4017 ὅτι
1201 3963 1274 4035 θγγῖνς
1292 3958 1324 4029 ἦν
1350 3963 1379 4015 τὸ
1404 3966 1544 4032 μνημεῖον,

215 4059 274 4104 orat
289 4059 515 4116 monumentum,
530 4058 797 4120 posueruntiesum.
904 4054 995 4121 ἔθηκαν
1014 4054 1057 4107 τὀν
1079 4052 1187 4121 Ἰησοῦν.

250 4242 281 4292 ln
296 4256 323 4292 v.
342 4243 370 4292 31
392 4244 477 4307 longe
492 4245 553 4306 pler
570 4259 720 4293 extirpator
735 4241 810 4297 σαθθ.
826 4246 857 4295 ln
873 4261 899 4295 v.
918 4245 949 4296 34
966 4247 1106 4309 percussit
1120 4241 1223 4303 aii¹n;
1241 4243 1361 4307 pupugit
1373 4242 1407 4302 b;
1424 4239 1545 4305 periodit

212 4345 240 4390 c,
256 4335 392 4395 percussit
407 4338 434 4383 et
450 4332 570 4396 perfodit
583 4348 610 4397 q.
625 4334 658 4383 In
672 4348 698 4383 ν’.
714 4335 747 4386 39
763 4337 799 4390 it'
813 4336 833 4385 B
849 4331 954 4402 ελιγμας
971 4337 997 4385 al
1014 4350 1106 4402 μιγμα.
1128 4334 1160 4383 ln
1181 4348 1206 4383 v.
1224 4333 1253 4383 ti
1274 4349 1304 4396 ην
1324 4329 1467 4399 vairpam
1486 4339 1507 4384 n
1523 4329 1545 4378 B

220 4421 288 4485 Cyr;
305 4423 330 4471 ai
347 4420 429 4483 ετεθη.

263 4585 347 4666 Lege
371 4582 619 4669 praescriptum
640 4589 738 4647 erat:
765 4605 834 4649 non
857 4581 1072 4672 permanebit
1092 4580 1239 4647 cadaver
1254 4577 1292 4644 in
1312 4579 1423 4664 ligno,
1441 4574 1498 4641 sed
1510 4574 1549 4640 in

218 4687 337 4753 eadem
364 4685 419 4752 die
448 4687 631 4774 sepelietur
658 4689 764 4775 (Dent.
793 4693 919 4774 aine).
949 4688 999 4755 nd
1025 4709 1100 4753 eam
1126 4685 1238 4773 legem
1262 4681 1469 4771 synedrislas
1493 4703 1548 4748 re-

220 4795 382 4880 spexisse,
400 4794 503 4859 eiiam
526 4795 582 4860 hio
604 4796 700 4884 quasi
716 4795 859 4862 culicem
884 4796 1048 4875 colantes,
1070 4798 1253 4884 postquam
1270 4791 1395 4857 scelere
1414 4787 1549 4876 ingenti

216 4904 351 4985 patrato
367 4898 536 4965 camelum
558 4899 809 4988 deglutierunt,
832 4909 968 4970 censent
986 4903 1065 4989 (ἶριν.
1087 4899 1231 4990 Τήεορθ.
1256 4897 1371 4964 ΤΙνονη.
1394 4894 1474 4975 alii3¹
1490 4916 1548 4962 eos
