4050 5648
364 701 431 768 que
450 681 599 751 discessu
612 674 734 747 Christi
754 672 886 745 ludaeis
900 681 1139 766 opportunitas
1153 674 1329 745 doctrinae
1348 683 1382 741 et
1399 677 1573 764 ingressus
1590 676 1626 743 in
1639 697 1693 744 re-

363 808 472 875 gnum
489 788 695 856 messianum
720 779 836 850 ablata
855 785 915 867 sit,
934 784 1133 873 praeplacet
1149 784 1268 852 lumen
1285 779 1480 868 intelligere
1500 786 1543 852 de
1558 783 1691 854 Christo

363 897 461 962 etde
482 895 524 960 iis
546 909 633 979 quos
655 892 832 978 tamquam
855 913 934 959 suos
958 890 1091 975 legatos
1116 891 1161 957 ad
1181 912 1240 958 eos
1265 890 1378 958 mittet
1397 891 1586 959 secundum
1606 888 1694 959 illud

366 1001 487 1069 Pauli:
505 996 553 1063 sic
569 993 661 1061 enim
675 997 853 1086 praecepit
866 996 967 1064 nobis
987 994 1146 1063 Dominus
1165 1015 1173 1060 :
1190 996 1289 1084 posui
1304 1002 1338 1064 ta
1355 997 1393 1063 in
1406 995 1517 1062 lucem
1537 998 1694 1082 gentium

366 1107 451 1196 (ilci.
477 1101 644 1189 13,tt)et
663 1105 746 1193 quia
765 1122 845 1171 cum
865 1102 1121 1191 praedicatione
1139 1101 1362 1187 coniungitur
1379 1125 1401 1169 a
1420 1108 1487 1170 lieo
1507 1106 1620 1188 gratia
1640 1106 1695 1172 in·

364 1219 462 1277 terna
476 1207 714 1276 illustrationis
725 1214 759 1276 et
772 1208 850 1298 piae
866 1209 1042 1293 motionis,
1058 1207 1179 1275 merito
1192 1205 1235 1274 de
1249 1206 1380 1274 lumine
1398 1209 1437 1276 fit
1451 1206 1593 1276 mentio.
1687 1282 1690 1289 ¹

408 1314 573 1383 ilodicum
592 1338 673 1383 vero
694 1321 831 1403 tempus
844 1313 963 1380 lumen
978 1337 1056 1381 cum
1076 1316 1118 1382 iis
1131 1315 1212 1398 erit,
1234 1334 1306 1381 non
1324 1313 1434 1380 solum
1447 1316 1530 1405 quia
1544 1314 1697 1383 Christus

364 1443 443 1487 mox
454 1426 583 1490 terram
598 1428 648 1490 est
661 1421 857 1500 relicturus,
875 1440 995 1486 verum
1006 1421 1120 1509 potina
1133 1421 1216 1511 quia
1229 1419 1365 1488 iudaiea
1376 1420 1486 1503 natio,
1502 1422 1531 1488 si
1545 1419 1696 1489 ilessiam

363 1529 547 1618 respuerit,
572 1527 671 1595 brevi
689 1530 740 1593 ast
763 1526 956 1593 interitura.
980 1530 1089 1603 Quare
1107 1528 1170 1593 toti
1184 1526 1316 1594 nationi
1335 1531 1370 1594 et
1383 1526 1528 1613 singulis
1539 1527 1693 1595 dieitur:
1783 1566 1786 1570 ⁴
1826 1493 1830 1500 Ι

362 1633 539 1702 ambulate
562 1633 645 1700 dum
674 1632 784 1699 lucem
806 1633 938 1700 bebetis
966 1643 1097 1699 utnon
1120 1654 1179 1698 oos
1204 1635 1360 1700 tenebrae
1386 1631 1698 1723 comprehendunt·

261 1782 267 1787 -
365 1740 533 1832 quamdiu
545 1741 603 1806 lux
617 1739 728 1821 adest,
751 1742 825 1806 tuto
840 1738 982 1829 procedi
992 1744 1119 1829 potest;
1137 1759 1238 1806 omne
1260 1739 1353 1807 enirn
1371 1738 1448 1806 viae
1468 1738 1698 1830 impedimen·

362 1854 436 1915 turn
451 1847 620 1928 cernitur,
637 1843 757 1912 addita
770 1845 1038 1912 comminatione
1059 1857 1097 1911 ut
1116 1866 1227 1912 non...
1247 1845 1400 1913 declarat
1414 1847 1542 1912 instare
1555 1846 1696 1935 perieu-

363 1954 436 2019 lum
446 1974 489 2019 ne
503 1952 764 2036 luxauieratur;
782 1956 899 2019 monet
913 1958 953 2018 ut
967 1950 1154 2039 diligenter
1165 1950 1250 2019 lucis
1263 1951 1520 2041 opportunitate
1534 1956 1694 2034 utantur;

363 2081 445 2126 nam
457 2059 534 2126 luce
553 2059 717 2126 exstincta
731 2060 845 2125 omnis
855 2079 1059 2147 progressus
1074 2065 1124 2125 est
1137 2059 1286 2125 incertus
1295 2062 1329 2126 et
1341 2058 1467 2148 plenus
1481 2057 1695 2136 discrimine;

363 2166 481 2256 etqui
501 2164 709 2232 ambulatio
730 2164 891 2250 tenebris,
915 2165 1024 2232 nescit
1046 2187 1115 2255 quo
1133 2163 1253 2246 cedat,
1279 2165 1317 2231 in
1336 2165 1429 2255 quod
1451 2164 1646 2255 periculum
1664 2169 1700 2233 et

363 2272 578 2340 obstaculum
601 2271 785 2362 impingat,
803 2271 839 2337 in
861 2292 965 2361 quam
985 2271 1145 2358 abyssum
1159 2270 1299 2338 incidat.
1315 2271 1410 2339 Unde
1428 2293 1461 2339 v.
1479 2277 1521 2338 36
1541 2270 1626 2338 dum
1641 2270 1700 2338 lu-

364 2401 437 2446 cem
456 2378 599 2463 bebetis,
624 2376 751 2445 credite
770 2378 809 2444 in
824 2379 949 2459 luem,
968 2389 1006 2444 ut
1022 2377 1093 2467 filii
1109 2377 1195 2445 lucis
1214 2378 1312 2462 sitis;
1334 2379 1393 2445 lux
1413 2378 1464 2446 uti
1484 2378 1700 2446 catillustra-

365 2485 429 2566 tio,
458 2485 506 2553 ita
532 2484 736 2575 metaphora
759 2506 897 2576 quoque
921 2488 971 2551 est
993 2484 1145 2552 laetitiae
1176 2507 1217 2553 ae
1242 2485 1427 2553 beatitatis.
1447 2485 1543 2553 Fides
1564 2491 1615 2553 eat
1641 2484 1700 2552 lux

366 2590 401 2679 (i
414 2596 490 2660 Cor.
509 2593 581 2679 t,6)
598 2590 660 2681 qui
673 2592 863 2659 secundum
878 2590 983 2658 fidem
997 2591 1105 2659 vitam
1118 2590 1278 2674 instituit,
1295 2593 1334 2659 in
1345 2590 1424 2660 luce
1436 2592 1563 2659 dieitur
1574 2590 1700 2660 ambu-

364 2698 453 2777 lare;
469 2697 621 2766 Christus
636 2705 686 2766 est
697 2698 772 2780 lux,
790 2701 850 2788 qui
866 2720 945 2765 eum
961 2700 1129 2788 sequitur,
1147 2720 1217 2765 non
1238 2698 1394 2765 ambulat
1407 2699 1443 2765 in
1453 2698 1621 2778 tenebris3
1637 2698 1699 2789 qui

366 2826 445 2871 eum
460 2805 627 2894 sequitur,
642 2805 733 2873 filius
745 2811 795 2872 est
807 2805 907 2886 lucis,
920 2805 1023 2874 huius
1032 2806 1104 2872 scil.
1121 2805 1207 2872 lueis
1220 2810 1381 2873 naturam
1391 2812 1425 2873 et
1435 2803 1700 2872 similitudinem

365 2912 402 2978 in
422 2933 457 2978 se
477 2911 655 3000 exprimit,
683 2932 790 3001 quare
815 2912 986 3001 particeps
1006 2911 1071 2979 erit
1084 2911 1203 2978 salutis
1217 2916 1251 2978 et
1269 2910 1443 2979 beatitatis
1456 2913 1590 3001 eritque
1608 2909 1701 2977 iilius

364 3017 515 3105 gloriae3
532 3017 616 3085 baec
636 3017 771 3085 locarius
789 3030 837 3086 est
856 3020 948 3085 lestis
967 3030 1001 3084 et
1023 3017 1109 3085 abiit
1129 3029 1162 3084 et
1176 3017 1353 3085 abscondit
1368 3040 1404 3085 se
1420 3020 1463 3084 ab
1482 3017 1550 3102 eis;
1569 3017 1612 3084 iis
1629 3017 1702 3085 die-

366 3125 430 3192 bus
450 3147 588 3216 vespere
603 3125 689 3192 abiit
702 3125 739 3192 in
760 3125 964 3215 Bethaniam
979 3125 1104 3213 (llatth.
1122 3131 1241 3219 ii,i'i;
1258 3130 1356 3193 liare.
1376 3125 1491 3214 ii,ii)
1510 3125 1564 3192 vel
1583 3146 1701 3193 mora-

366 3231 469 3298 batur
481 3232 516 3298 in
532 3237 650 3298 monte
663 3230 780 3298 oliveti
796 3232 888 3320 (Luc.
906 3235 1032 3317 itai).
1417 3246 1419 3250 ‘

564 3456 587 3521 e)
603 3456 825 3522 epilogando
840 3456 968 3509 Christi
980 3454 1167 3509 ministerio
1182 3455 1317 3520 publico
1335 3455 1504 3525 raas-50.

406 3626 495 3688 liat.
511 3624 582 3677 Cum
601 3632 696 3678 autem
711 3629 788 3676 tanta
802 3629 884 3690 signa
897 3626 1012 3678 iecisset
1091 3627 1132 3690 12,
1154 3626 1197 3679 tt.
1217 3622 1331 3675 Τοσαῦτα
1345 3621 1372 3675 δὲ
1391 3621 1467 3676 οὖτοῦ
1481 3628 1577 3693 σημεῖα
1594 3641 1700 3693 aenoan-

366 3729 462 3767 coram
477 3717 535 3777 eia,
552 3728 609 3766 non
620 3715 770 3766 credebant
785 3716 814 3764 in
825 3728 899 3776 eum,
918 3715 961 3767 38.
974 3715 1012 3767 Ut
1052 3713 1124 3773 κότος
1150 3710 1288 3783 ἔμπροσθεν
1316 3710 1412 3781 αὐτῶν,
1443 3710 1489 3764 οὖν
1518 3710 1643 3765 ἐπίστευον
1669 3710 1703 3775 εἰς

367 3818 460 3856 sermo
475 3805 566 3855 Isaiae
579 3805 1012 3869 prophetaelmplaretur,quem
1053 3798 1133 3854 aaa·
1155 3803 1199 3855 38.
1218 3800 1263 3852 ἵνα
1287 3799 1302 3852 δ
1321 3799 1398 3870 λόγος
1416 3797 1522 3853 Ἡσαΐου
1543 3805 1587 3853 τοῦ
1608 3800 1701 3873 τροφή·

366 3895 437 3944 dixit
454 3907 460 3943 :
478 3894 689 3957 Domine,quls
702 3892 821 3943 credidit
835 3893 943 3943 auditui
958 3907 1011 3944 no·
1052 3907 1095 3940 τον
1123 3888 1244 3960 πληρωθῇ
1251 3932 1258 3959 ,
1287 3890 1316 3941 ὃν
1340 3885 1425 3954 εἶπεν,
1456 3889 1544 3960 Κύριε,
1570 3890 1607 3953 τίς
1631 3888 1703 3944 irris-
1773 3938 1777 3945 ,

366 3982 443 4033 stro?
457 3988 486 4033 et
500 3982 647 4033 brachium
667 3982 779 4033 Domini
794 3983 840 4032 cui
857 3982 1011 4033 revelatum
1052 3982 1172 4049 τευοττῇ
1199 3976 1263 4049 ἀκοῇ
1290 3976 1379 4049 ὴμῶν;
1411 3977 1492 4031 καὶὸ
1519 3979 1632 4049 βραχίων
1656 3977 1704 4032 Ku-

367 4070 427 4122 est?
441 4070 485 4122 39.
503 4071 656 4135 Propterea
666 4084 723 4122 non
736 4070 1010 4135 poterantcrcdere:
1053 4069 1106 4138 pinu
1136 4069 1184 4120 tivi
1212 4067 1386 4138 dmaaitptm
1416 4071 1460 4121 39.
1487 4066 1529 4119 aa
1556 4070 1628 4121 τοῦτο
1656 4067 1702 4121 aba
1763 4067 1771 4079 ⁶

368 4162 435 4225 qula
454 4162 555 4211 iterum
569 4159 640 4210 dixit
655 4159 744 4211 latias
760 4174 767 4208 ε
783 4159 826 4210 io.
846 4159 1013 4211 Excaecavit
1053 4155 1175 4222 ἠδύναντο
1192 4157 1329 4220 πιστεύειν,
1350 4155 1475 4210 trinita
1491 4154 1560 4211 εἶτεν
1584 4153 1700 4220 Ἡσαΐας,

368 4249 465 4300 oculos
486 4261 598 4309 eorum,
621 4251 651 4298 et
671 4248 813 4299 induravit
835 4261 883 4299 cor
897 4236 1027 4309 eorum}
1056 4249 1099 4299 to.
1123 4245 1283 4316 Τετδρλωκεν
1303 4243 1382 4297 αὑτῶν
1406 4245 1464 4306 τοὺς
1481 4244 1634 4316 δρδαλροδς,
1660 4246 1703 4298 ani

370 4342 397 4387 ut
414 4351 470 4389 non
486 4336 600 4388 videant
613 4337 717 4398 oculis,
733 4342 762 4389 et
777 4350 833 4389 non
853 4337 1014 4399 intelligant
1054 4331 1183 4404 ἐπώρωσεν
1203 4331 1283 4386 αὐτῶν
1302 4332 1347 4399 τὴν
1367 4334 1476 4404 καρδίαν·
1497 4335 1542 4386 ἵνα
1561 4332 1594 4406 μὴ
1614 4334 1700 4388 ἴδωσιν

369 4426 467 4488 corde,
493 4428 521 4478 et
545 4427 755 4488 convertantur,
781 4430 809 4478 ct
831 4438 929 4477 sanem
952 4438 1010 4476 eos.
1054 4425 1107 4484 τοῖς
1131 4421 1283 4493 ὀφθαλμοῖς,
1318 4423 1360 4474 καὶ
1389 4423 1514 4490 νοήσωσιν
1553 4432 1584 4495 τῇ
1612 4423 1700 4494 καρδίᾳ

371 4518 412 4567 ti.
436 4516 512 4566 Haec
531 4515 601 4565 dixit
620 4514 724 4576 lsaiaa,
739 4516 852 4580 quando
865 4514 935 4565 vidit
949 4515 1013 4579 glo·
1055 4511 1098 4563 aui
1114 4512 1309 4581 aspectarent
1324 4510 1432 4584 ἰάοωροι
1446 4512 1545 4574 αὐτούς.
1563 4516 1608 4567 ii.
1623 4515 1701 4565 τοῦτο

370 4608 441 4655 riam
456 4607 532 4665 cius,
549 4608 578 4654 et
592 4603 703 4654 loeutus
717 4605 807 4655 estde
822 4618 865 4655 eo.
1056 4598 1124 4653 εἶπεν
1148 4597 1268 4666 Ἡσαΐας,
1292 4603 1331 4654 ὅτι
1359 4601 1426 4654 εἶδεν
1453 4606 1497 4659 τὴν
1516 4601 1590 4662 δόξαν
1608 4600 1698 4665 οὗτοῦ,

406 4695 449 4743 ii.
477 4695 679 4744 Verumtamen
712 4696 740 4743 et
772 4707 808 4743 ex
840 4693 1015 4757 principibus
1056 4689 1098 4740 καὶ
1116 4689 1240 4757 ἐλάλησεν
1260 4692 1316 4761 περὶ
1334 4690 1419 4743 αὐτοῦ.

370 4782 449 4831 multi
471 4783 651 4834 crediderunt
675 4782 703 4829 ln
727 4792 806 4842 eum,
828 4783 879 4833 aed
901 4786 1014 4847 propter
1094 4781 1137 4832 it.
1157 4777 1244 4851 'Opu3
1264 4783 1349 4851 μέντοι
1376 4779 1417 4831 καὶ
1443 4783 1468 4831 ix
1496 4784 1545 4831 τῶν
1569 4778 1701 4850 ἀρχόντων

369 4871 534 4933 pharisaeos
553 4885 609 4921 non
629 4867 843 4931 confitebantur,
866 4878 896 4922 ut
913 4886 929 4922 c
948 4885 1015 4934 syn·
1055 4866 1147 4919 πολλοὶ
1162 4867 1305 4922 ἐπίστευσαν
1329 4867 1361 4930 εἰς
1385 4867 1471 4920 adada·
1497 4867 1565 4920 ἀλλὰ
1589 4867 1631 4920 διδ
1645 4868 1701 4929 τοὺς

369 4970 462 5021 agoge
488 4972 545 5010 non
574 4962 750 5013 elicerentur.
779 4958 821 5008 it.
850 4961 1016 5012 Dilexerunt
1056 4956 1206 5027 Φαρισαίους
1223 4958 1271 5028 οὐχ
1289 4957 1454 5029 ὡμολόγουν,
1473 4959 1517 5009 ἵνα
1536 4957 1571 5029 μὴ
1591 4957 1700 5011 ἀποσυν-
