4116 5648
952 328 1033 372 roas.
1058 315 1197 390 teo-27,
1702 314 1740 373 97

410 489 477 558 que
493 462 563 530 ullo
579 463 682 533 modo
698 465 895 556 percipiunt
909 461 1093 550 baptistam
1111 483 1231 531 revera
1244 461 1430 530 adventum
1444 462 1575 530 llessiae
1591 484 1741 554 praepa-

410 590 502 649 rare;
517 567 664 658 proinde
677 571 861 639 ostendunt
874 590 909 636 se
922 567 1010 636 nihil
1024 591 1145 638 curare
1160 566 1202 634 de
1218 569 1335 636 indole
1350 566 1521 659 spirituali
1537 569 1636 657 regni
1652 589 1742 636 mes-

408 673 499 745 siani
511 697 621 768 neque
636 699 712 745 eam
727 677 931 762 intelligere.
952 679 1055 744 Porro
1069 696 1145 743 cum
1162 695 1201 740 ex
1216 684 1286 743 toto
1302 675 1422 742 habitu
1437 673 1604 764 baptistae
1620 683 1653 744 et
1668 674 1742 742 eius

413 802 549 851 morum
562 786 721 874 vitaeque
740 782 919 852 sanctitate
937 790 972 850 et
984 779 1126 850 salutari
1138 780 1173 847 in
1187 781 1355 872 populum
1368 781 1522 849 efficacia
1535 784 1739 851 concludere

414 886 578 958 deberent
596 911 674 957 eum
694 912 801 957 essee
821 891 886 954 Deo
906 890 1062 968 missum,
1081 892 1197 954 tamen
1216 889 1246 954 ei
1267 893 1397 974 negant
1417 889 1469 954 ius
1489 888 1555 955 ritu
1575 886 1738 976 baptismi

410 996 576 1085 populum
590 995 635 1064 ad
650 993 894 1086 poenitentiam
914 992 1096 1062 excitandi.
1114 1000 1240 1061 Eorum
1255 993 1326 1059 scil.
1344 995 1512 1060 sententia
1525 996 1597 1062 iam
1613 1017 1654 1060 ea
1669 1002 1734 1076 est,

406 1105 444 1168 ut
463 1107 563 1187 Deus,
588 1102 618 1170 si
636 1103 775 1171 taudem
794 1122 884 1169 nova
906 1097 1076 1192 quaedam
1099 1100 1261 1190 periodus
1279 1099 1524 1186 inauguranda
1545 1102 1603 1183 sit,
1626 1099 1735 1168 solum

407 1208 518 1276 mittat
530 1230 635 1298 quem
646 1208 715 1299 ipsi
728 1206 863 1289 volunt,
880 1214 914 1276 et
926 1228 966 1275 co
982 1205 1085 1274 modo
1100 1229 1169 1297 quo
1184 1207 1249 1295 ipsi
1260 1207 1394 1287 volunt,
1408 1229 1487 1273 eum
1503 1206 1575 1274 scil.
1587 1209 1737 1275 llessiam

406 1337 508 1404 quem
527 1314 594 1382 sibi
610 1314 766 1402 fingunt,
787 1313 984 1395 vel‘llliam,
1005 1313 1059 1380 vel
1078 1313 1239 1379 eximium
1261 1312 1347 1379 sicut
1365 1319 1498 1400 Moysen
1513 1314 1734 1402 prophetam,

406 1423 465 1511 qni
483 1421 594 1508 signis
613 1428 646 1489 et
658 1419 843 1510 prodigiis,
861 1422 909 1487 uti
927 1419 986 1486 ille
1005 1419 1210 1508 Aegyptios,
1229 1419 1277 1485 ita
1295 1441 1387 1486 nunc
1407 1421 1521 1487 hostes
1541 1420 1642 1486 lsrael
1658 1443 1737 1509 pro·

405 1532 545 1594 sternat.
571 1530 695 1595 Verum
715 1524 761 1592 ab
780 1527 848 1595 alio
868 1548 904 1594 se
923 1526 1059 1593 edoceri
1080 1525 1325 1612 dedignantur.
1345 1524 1439 1592 Unde
1458 1548 1536 1592 cum
1558 1526 1736 1593 stomacho

407 1640 579 1722 quaerunt
595 1655 603 1702 :
618 1631 703 1724 quid
717 1653 799 1723 erpo
814 1639 878 1701 etc.

450 1740 598 1829 baptista
609 1739 794 1828 eareponit
803 1738 929 1829 quibus
937 1739 1039 1806 etiam
1049 1737 1175 1805 clarius
1183 1738 1367 1807 edocentur
1376 1739 1573 1807 deadventu
1585 1739 1731 1820 bessiae,

406 1844 455 1912 ita
473 1851 512 1912 ut
531 1845 602 1912 iam
622 1867 691 1912 non
713 1846 843 1934 possint
865 1844 1095 1932 ignorantiam
1117 1844 1344 1934 praetendere
1365 1868 1396 1911 v.
1421 1853 1463 1913 26
1486 1846 1661 1937 respondit
1684 1848 1734 1914 eis

336 1957 338 1962 '
406 1953 552 2020 loannes
570 1951 687 2019 dicens
702 1972 715 2016 .·
730 1975 791 2042 epo
807 1952 943 2041 baptizo
961 1953 997 2018 in
1014 1972 1126 2042 operm·
1139 1951 1184 2018 ad
1198 1951 1262 2018 hoc
1280 1952 1402 2019 missus
1414 1958 1523 2019 erata
1541 1958 1606 2021 Deo
1623 1977 1654 2019 v.
1673 1959 1731 2033 33;

405 2059 530 2126 iterum
547 2080 586 2126 eo
599 2059 767 2148 baptismo
780 2065 1047 2127 commemorato
1058 2057 1188 2125 iudicat
1202 2081 1237 2124 se
1251 2060 1418 2149 populum
1432 2059 1477 2126 ad
1487 2059 1733 2149 poenitentiam

405 2187 592 2254 provocare
603 2188 690 2256 quae
704 2171 755 2232 est
763 2165 950 2233 secuudum
962 2166 1148 2255 prophetas
1160 2165 1376 2256 praeparatio
1387 2166 1432 2233 ad
1443 2189 1589 2254 rognum
1601 2168 1734 2235 messia·

405 2292 503 2338 num.
521 2271 623 2340 addit
637 2273 673 2338 in
688 2293 800 2361 aqua;
814 2278 848 2340 et
861 2272 942 2362 quia
957 2272 1163 2362 baptismus,
1181 2272 1263 2339 lotio
1278 2272 1336 2339 fiat
1354 2296 1459 2361 aqua,
1477 2273 1665 2342 necessario
1685 2281 1734 2342 ta-

406 2377 510 2445 citam
543 2379 794 2468 oppositionem
827 2378 956 2446 indicat
986 2378 1029 2445 ad
1059 2380 1163 2446 aliam
1193 2399 1337 2469 eamque
1364 2380 1471 2445 multo
1502 2379 1734 2447 sublimiorem

405 2484 703 2567 emundationem
720 2485 805 2552 alias
825 2486 917 2552 enim
935 2485 1075 2551 illudio
1090 2509 1182 2575 aquo
1204 2487 1305 2575 plane
1324 2507 1616 2575 supervacaneum
1637 2494 1733 2553 esset.

406 2591 491 2669 Quid
505 2591 730 2680 intelligatur,
742 2599 836 2682 patet
851 2615 891 2659 ex
902 2592 1071 2659 vaticiniis
1083 2593 1140 2680 (ct.
1155 2593 1199 2658 ad
1213 2616 1244 2659 v.
1261 2593 1315 2680 13)
1329 2600 1363 2658 ct
1378 2615 1416 2660 ex
1430 2592 1471 2658 iis
1486 2616 1574 2682 quae
1590 2593 1735 2683 baptista

406 2698 450 2765 de
469 2697 638 2788 baptismo
656 2701 792 2766 llessiae
810 2701 845 2765 in
861 2698 989 2788 Spiritu
1007 2706 1126 2765 sancto
1144 2698 1228 2765 dicit
1247 2701 1292 2787 (v.
1315 2705 1369 2765 33.
1390 2700 1503 2766 ltatth.
1527 2706 1617 2781 3,11.
1637 2706 1733 2768 llaec.

408 2811 475 2886 1,8.
498 2810 577 2873 Luc.
600 2806 706 2894 3,16).
728 2811 774 2873 Eo
800 2827 938 2895 quoque
963 2804 1172 2895 baptismo«
1199 2805 1449 2895 praecursionis
1472 2828 1553 2872 suae
1579 2807 1734 2874 ordinem

404 2932 553 2995 servans,
567 2910 651 3001 quia
664 2911 873 2979 nasciturum
890 2911 1062 2978 nascendo
1076 2918 1317 3001 praevenerat,
1329 2911 1581 3001 baptizaturum
1599 2935 1736 3003 quoque

404 3017 582 3085 Dominum
596 3017 802 3106 baptizando
817 3019 994 3107 praevenit
1012 3018 1119 3105 etqui
1137 3017 1368 3106 praedicando
1384 3021 1491 3085 iactus
1510 3026 1559 3086 est
1574 3042 1736 3109 praecur-

406 3146 463 3191 sor
478 3124 619 3203 Christi,
636 3124 844 3214 baptizando
861 3124 963 3190 etiam
985 3146 1188 3213 praecursor
1207 3124 1280 3191 eius
1298 3125 1401 3191 fiebat
1416 3126 1605 3193 imitatione
1622 3148 1734 3193 sacra-

408 3230 516 3298 menti
530 3257 546 3291 »
563 3229 681 3320 (Beda)
695 3253 823 3320 ;neque
840 3239 972 3298 tantum
988 3231 1207 3321 praeparatio
1219 3233 1317 3318 regni
1332 3233 1491 3299 messiani
1506 3254 1620 3298 coram
1637 3232 1735 3299 vobis

407 3339 443 3403 in
453 3342 571 3427 aperto
584 3338 696 3427 posita
707 3343 768 3419 est,
779 3339 828 3403 ait
842 3337 1007 3427 baptista,
1021 3337 1127 3403 immo
1137 3338 1204 3404 iam
1219 3339 1306 3404 inter
1322 3360 1379 3405 vos
1389 3339 1486 3405 adest
1499 3339 1572 3429 ipse
1584 3340 1733 3417 Messias:

406 3442 540 3510 medius
555 3442 695 3533 (autem,
705 3444 827 3511 melius
838 3444 1022 3526 omittitur;
1035 3467 1147 3512 sermo
1160 3444 1315 3511 redditur
1329 3445 1438 3532 magis
1452 3445 1618 3528 concisus,
1632 3445 1736 3513 adeo-

408 3573 475 3639 que
487 3550 737 3632 vehementior;
754 3550 796 3616 el.
808 3551 945 3638 graece)
957 3563 1103 3616 oestrum
1117 3551 1224 3631 stetit,
1244 3564 1361 3635 στήκει,
1379 3553 1431 3618 vel
1445 3560 1566 3636 ἕστηκεν
1582 3566 1650 3619 stat
1665 3553 1734 3619 iam

407 3661 564 3724 versatur
578 3658 666 3723 inter
683 3680 756 3739 vos,
772 3679 874 3745 quem
889 3680 945 3724 cos
960 3658 1119 3742 oe.scitis,·
1134 3663 1222 3726 lesus
1238 3660 1327 3724 enim
1346 3659 1383 3725 in
1403 3659 1570 3749 baptismo
1585 3661 1735 3726 testimo-

406 3764 465 3830 nio
478 3762 616 3831 coelesti
627 3769 678 3830 est
689 3764 901 3830 sollemniter
915 3764 1151 3832 manifestatus
1169 3765 1294 3853 (Matth.
1313 3772 1464 3846 3,16.17.
1484 3771 1559 3834 Luc.
1576 3767 1687 3855 m),
1702 3775 1736 3833 et

407 3892 500 3939 nuuc
523 3869 689 3936 intereos
708 3878 944 3953 conversatur;
964 3879 999 3938 at
1019 3871 1068 3937 illi
1087 3894 1165 3938 eum
1186 3894 1256 3938 nou
1274 3880 1481 3959 agnoscunt,
1505 3873 1587 3962 quia
1606 3895 1676 3939 nou
1693 3895 1733 3940 ea
1819 3855 1823 3862 ¹

406 3997 523 4044 rerum
534 3998 660 4066 pompa
675 3999 778 4066 quam
793 3979 973 4044 aestimare
992 3979 1090 4045 unice
1105 3979 1217 4045 solent
1235 4001 1305 4045 sese
1321 3979 1488 4061 venditat,
1506 3980 1649 4069 ideoque
1664 4001 1732 4046 non

407 4088 619 4171 cognoscunt
631 4088 780 4172 quantae
793 4084 836 4151 sit
851 4084 1030 4172 dignitatis
1047 4086 1177 4173 (laem).
1194 4090 1335 4174 lusuper·
1348 4109 1436 4175 quae
1454 4093 1527 4152 erat
1539 4085 1733 4175 pharisaeo·
1841 4107 1842 4110 ¹

407 4211 482 4257 rum
498 4189 676 4278 superbia,
692 4190 752 4279 qui
766 4192 896 4278 selegis
911 4191 1078 4258 mosaicae
1096 4191 1251 4257 doctores
1266 4199 1298 4257 et
1311 4192 1461 4258 vindices
1472 4193 1656 4273 iactabant,
1672 4214 1732 4258 suo

410 4296 507 4387 quasi
522 4297 596 4363 iure
609 4295 843 4385 postulabant,
863 4305 899 4362 ut
913 4297 1042 4363 ltlessias
1056 4297 1170 4386 primo
1185 4320 1219 4363 se
1233 4297 1356 4380 adiret,
1369 4321 1390 4363 a
1405 4298 1593 4388 pharisaeis
1610 4306 1641 4365 et
1655 4321 1733 4386 syn·

418 4401 553 4470 edristis
569 4409 769 4492 accepturus
787 4403 890 4470 fidem
905 4410 939 4469 et
953 4403 1252 4493 approbationem.

453 4509 561 4577 Simul
575 4511 697 4597 repetit
711 4532 789 4578 eum
805 4531 881 4575 mox
899 4511 1005 4576 multo
1021 4510 1155 4577 maiora
1169 4517 1202 4577 et
1216 4511 1405 4597 insigniora
1420 4534 1489 4578 esse
1502 4512 1730 4579 exhibiturum

411 4637 443 4683 v.
461 4622 503 4681 27
519 4616 589 4706 ipse
604 4628 652 4681 est
667 4618 728 4705 qui
740 4630 820 4708 post
839 4639 891 4683 me
907 4631 1066 4684 venturus
1081 4631 1146 4702 est,
1165 4620 1308 4707 proinde
1327 4617 1544 4707 praedicam,
1567 4616 1732 4707 populum

412 4721 457 4788 ad
474 4721 718 4811 poenitentiam
736 4726 883 4792 excitans
901 4729 934 4789 et
954 4726 1005 4791 sui
1026 4725 1119 4790 lama
1137 4746 1273 4791 omnem
1293 4724 1441 4814 implcns
1458 4726 1651 4812 regionem;
1673 4728 1734 4814 qvi

877 4851 1056 4888 anterranum
1073 4853 1099 4890 m
1117 4851 1183 4889 reatu.
1200 4866 1231 4875 -
1248 4844 1269 4887 7.
