4050 5648
430 462 543 511 vocem
569 437 778 528 alienorum,
801 439 896 532 quod
921 440 1053 530 pariter
1076 440 1285 531 experientia
1308 431 1442 509 constat
1459 439 1518 531 (ct.
1549 439 1645 528 Fit.);
1671 466 1703 511 v.
1728 412 1759 509 ’6Ι
1935 419 1995 538 {ff

428 548 721 638 leoprovertium
739 546 894 617 dictaeis
914 549 1005 616 Iertes
1024 556 1201 635 παροιμίαν,
1221 537 1314 641 lgm:
1328 547 1518 616 illiontem
1536 568 1605 615 non
1628 568 1750 635 capno·
1797 549 1800 555 “

427 664 548 723 veneat
571 655 657 743 quid
678 657 872 747 loqueretur
890 655 955 737 eis,
977 655 1021 723 ad
1042 652 1129 742 quid
1142 653 1297 723 tenderet
1316 654 1437 722 oratio.
1459 660 1501 723 se
1513 651 1659 722 describi
1677 676 1747 720 non

426 759 684 847 intellexerunt3
706 781 789 829 nam
811 781 888 828 cum
905 767 1017 830 essent
1037 762 1264 829 aemulatores
1284 758 1371 847 legis
1392 764 1524 827 etcum
1542 759 1616 828 aliis
1633 761 1747 851 praei-

426 871 519 949 rent,
537 874 574 935 nt
588 869 655 961 ipsi
672 866 945 952 arbitrabantur,
967 869 1002 935 in
1022 866 1109 953 legis
1122 865 1358 936 observatione
1376 871 1410 934 et
1432 887 1468 933 se
1489 865 1593 933 duces
1611 888 1650 935 ac
1668 867 1748 935 doc-

425 977 515 1040 tores
536 997 557 1042 a
578 974 693 1044 multis
716 973 781 1040 coli
810 975 991 1057 viderent,
1006 971 1103 1041 nullo
1128 978 1229 1064 pacto
1256 972 1513 1040 distinctionem
1536 971 1632 1039 illam
1657 974 1747 1041 inter
1811 1055 1813 1061 Ι

424 1084 596 1168 pastorem
616 1087 650 1148 et
662 1082 792 1159 furem,
808 1081 901 1150 inter
913 1085 1084 1172 pastorem
1092 1085 1128 1149 et
1140 1080 1561 1170 alienumadsespectare
1573 1078 1742 1154 existima-
1777 1100 1783 1112 ·
1913 1072 1932 1113 τ’
1964 1081 1968 1097 ’

423 1184 519 1254 bant.

468 1294 554 1372 Quid
570 1291 637 1359 sibi
651 1291 736 1360 velit
748 1292 933 1382 allegoria,
958 1293 1110 1361 Christus
1131 1293 1283 1361 declarat
1302 1313 1334 1360 v.
1351 1264 1372 1358 'l
1387 1291 1480 1359 dicit
1492 1313 1573 1381 erpo
1592 1291 1672 1381 quia
1688 1291 1741 1359 illi
1840 1365 1844 1373 ,
1900 1264 1978 1399 ἔ’ἴτ’

421 1421 492 1467 ηοη
512 1398 766 1487 intelligebant,
792 1400 841 1468 cis
862 1400 987 1469 iterum
1000 1401 1054 1486 ct.
1078 1406 1171 1483 9,39.
1199 1399 1523 1486 t1,10ses.·amen,
1544 1420 1643 1466 amen
1661 1397 1738 1466 dico

419 1505 529 1589 nobb,
550 1506 635 1595 qaia
657 1528 720 1597 epo
741 1528 818 1574 sum
841 1506 968 1576 ostium
982 1506 1115 1592 ocium,
1134 1506 1217 1598 quia
1233 1505 1385 1575 Christus
1397 1504 1553 1597 loquitur
1571 1505 1739 1596 depasto-

420 1612 515 1678 ribus
531 1613 620 1680 veris
641 1620 675 1681 et
692 1613 787 1681 falsis
810 1612 856 1704 (v.
880 1622 898 1683 1
918 1636 989 1704 seq.
1014 1636 1048 1681 v.
1065 1612 1116 1700 8),
1136 1612 1302 1704 explicari
1315 1616 1451 1703 oportet
1468 1602 1591 1681 ostium
1603 1610 1651 1679 od
1661 1635 1738 1680 oves
1842 1653 1845 1657 «
1896 1636 1977 1685 ι

419 1718 551 1824 οείωηη
567 1741 630 1810 per
647 1720 742 1811 quod
766 1722 913 1788 intratur
927 1720 973 1789 ad
985 1740 1084 1801 oves;
1110 1750 1126 1783 α
1142 1720 1303 1811 eiplanat
1317 1740 1436 1787 rursus
1452 1740 1514 1787 nos
1527 1741 1589 1809 per
1603 1718 1739 1786 eumad
1873 1740 1887 1759 ··
1959 1710 1973 1737 ’

416 1823 649 1913 principatum
670 1833 705 1894 et
729 1828 775 1895 od
800 1847 923 1915 greges
945 1826 1080 1896 ratione
1105 1833 1239 1895 utentes
1256 1826 1485 1895 moderandos
1505 1824 1665 1894 devenire
1687 1848 1739 1893 se-

416 1930 568 1998 cundum
581 1933 669 2000 illud
688 1956 696 2002 :
714 1955 778 2002 nec
788 1933 880 2001 enim
895 1934 1078 2024 quisquam
1091 1934 1157 2002 sibi
1171 1935 1275 2002 sumit
1293 1935 1475 2017 honorem,
1491 1931 1552 2000 sed
1562 1933 1623 2023 qui
1635 1953 1737 2007 poca.
1850 1942 1852 1947 ·

416 2043 474 2103 tnr
495 2060 516 2104 a
539 2045 607 2106 Deo
626 2068 643 2102 »
669 2041 765 2130 (cyr.
791 2045 825 2106 et
846 2039 922 2118 sim.
946 2045 1032 2132 liup.
1056 2040 1132 2110 Coi.
1154 2045 1236 2108 Bor.
1259 2039 1360 2131 Schq.
1377 2038 1477 2108 Schz.
1494 2037 1664 2127 Fil.);alii
1676 2060 1738 2127 ge·
1866 2060 1870 2067 ·
1900 2056 1904 2065 ¹
1932 2032 1969 2059 ⁴⁴

416 2145 561 2212 neratim
591 2146 761 2236 explicant
788 2169 851 2237 per
878 2146 1049 2215 Christum
1078 2152 1113 2215 et
1139 2154 1291 2238 pastores
1318 2146 1481 2215 constitui
1506 2153 1540 2214 et
1561 2146 1682 2215 fideles·
1700 2148 1738 2214 in
1834 2221 1839 2232 ,
1906 2146 1968 2235 ’,ῥ’

415 2250 598 2319 Ecclesiam
620 2252 757 2320 admitti
779 2255 883 2344 (Aug.
906 2252 981 2322 Alc.
1003 2253 1120 2321 Tlom.
1143 2242 1214 2322 Tol.
1243 2253 1332 2322 Corl.
1354 2252 1493 2343 Sclq.);
1515 2252 1569 2320 vcl
1590 2252 1633 2320 de
1655 2251 1746 2333 solis
1863 2302 1967 2339 ¹,

415 2355 551 2441 ovibus,
587 2381 677 2449 quae
711 2380 775 2449 per
796 2361 965 2428 Christum
1001 2360 1040 2427 in
1070 2361 1159 2428 ovile
1186 2360 1464 2443 introducuntur,
1485 2359 1655 2449 accipiunt
1675 2359 1732 2449 (ci.

416 2462 538 2533 Theod.
559 2468 607 2533 M.
626 2466 730 2533 Euat.
754 2465 836 2533 Bed.
856 2468 976 2557 Iona).
993 2467 1116 2554 Utique
1132 2488 1250 2535 verum
1270 2471 1321 2533 est
1337 2465 1507 2535 Christum
1527 2488 1597 2534 esse
1613 2466 1735 2534 ostium

414 2591 476 2660 pro
490 2571 652 2640 omnibus
672 2572 756 2663 quia
769 2579 822 2641 est
837 2572 957 2642 doctor
973 2578 1008 2640 et
1026 2574 1171 2660 largitor
1188 2571 1308 2641 salutis
1324 2594 1386 2663 per
1403 2572 1507 2641 fidem
1526 2577 1560 2640 et
1572 2571 1730 2659 gratiam.

411 2681 535 2768 Atque
554 2701 656 2746 sensu
675 2680 742 2747 hoc
762 2680 838 2748 loco
857 2672 892 2748 se
911 2686 1008 2748 vocet
1026 2680 1168 2763 ostium,
1183 2703 1224 2748 ex
1242 2685 1400 2748 contexta
1415 2678 1736 2748 orationedetermi-

411 2783 567 2851 nandum
593 2791 659 2866 est;
683 2786 721 2854 id
743 2808 825 2854 vero
847 2786 929 2855 satis
953 2792 1048 2877 patet
1071 2810 1112 2855 ex
1140 2810 1173 2854 v.
1199 2794 1219 2856 8
1243 2809 1358 2854 omnes
1383 2797 1552 2877 quotquot
1573 2798 1735 2855 cenerum
1824 2778 1827 2783 ’
1891 2760 1957 2893 ,ζῷ’

407 2890 505 2978 sares
525 2904 607 2958 sunt
629 2904 663 2960 et
684 2892 834 2961 latrones
857 2905 889 2961 et
911 2916 982 2961 non
999 2892 1188 2961 audierunt
1212 2916 1269 2964 eos
1285 2915 1381 2979 oves,·
1394 2892 1451 2961 isti
1469 2893 1576 2980 igitur
1588 2914 1655 2961 ηοη
1671 2915 1734 2983 per

410 2996 534 3063 ostium
563 2997 608 3065 ad
633 3020 715 3067 oves
733 2998 940 3067 introierunt
955 2999 999 3089 (v.
1023 2999 1075 3089 1);
1094 3007 1266 3068 venerunt
1284 3005 1422 3090 praeter
1437 3021 1491 3067 me
1506 2999 1641 3090 (Auo),
1661 3021 1729 3067 non

410 3124 431 3169 a
449 3125 504 3170 me
525 3104 632 3184 missi;
654 3134 671 3168 «
692 3127 797 3173 nemo
810 3105 940 3196 quippe
959 3127 1080 3174 eorum
1094 3109 1155 3197 qui
1168 3114 1249 3174 ωηο
1269 3111 1432 3175 venerant
1450 3112 1484 3175 et
1498 3110 1578 3176 tunc
1593 3107 1630 3175 in
1648 3105 1729 3175 ovili

409 3211 689 3298 tyrannizabant,
704 3214 918 3281 intraverant
932 3215 1136 3303 peripsum,
1150 3216 1230 3304 quia
1244 3236 1315 3282 non
1328 3219 1495 3282 venerant
1505 3212 1734 3303 praedicando

410 3322 444 3384 et
457 3319 625 3386 servando
641 3319 701 3388 Dei
722 3320 884 3401 verbum,
901 3319 961 3388 sed
979 3327 1146 3388 venerant
1164 3321 1326 3408 negando
1340 3328 1375 3388 et
1387 3319 1656 3411 blasphemando
1672 3319 1731 3388 liei

408 3422 543 3492 Filium.
571 3429 609 3491 Et
627 3425 671 3493 de
690 3426 744 3492 his
767 3426 827 3516 qui
854 3430 936 3494 tune
961 3433 1062 3494 erent
1082 3433 1167 3494 eum
1184 3427 1306 3495 dixisse
1327 3427 1547 3495 manifestum
1560 3436 1626 3511 est,
1649 3428 1731 3517 quia

407 3532 596 3619 praesentis
619 3534 786 3623 temporis
810 3533 917 3600 verbo
941 3534 1031 3601 tures
1055 3539 1191 3602 suntet
1214 3555 1285 3601 non
1303 3535 1487 3625 praeterito
1508 3532 1616 3602 dixit:
1636 3534 1730 3602 fures

408 3636 547 3705 inerunt
562 3661 596 3721 »;
614 3639 662 3708 ita
677 3639 765 3708 bene
784 3643 871 3731 Καρ.
893 3649 927 3707 ct
945 3640 987 3707 de
1005 3641 1128 3708 scribis
1149 3646 1183 3708 et
1202 3641 1391 3731 pharisaeis
1411 3663 1483 3709 esse
1502 3641 1606 3709 verba
1620 3640 1725 3730 expli-

276 3738 278 3742 '
407 3743 516 3810 canda
535 3745 659 3812 docent
679 3750 774 3814 Patr.
793 3745 883 3816 Corl.
905 3745 1005 3814 Sclaz.
1023 3747 1088 3814 Fil.
1111 3747 1236 3832 Weiss,
1253 3747 1487 3838 Keilaliique.
1505 3748 1545 3815 lli
1558 3750 1649 3816 enim
1666 3768 1727 3816 suo

406 3849 576 3919 arbitratu
596 3874 632 3919 se
652 3853 755 3920 duces
770 3853 1040 3936 constituebant,
1060 3856 1251 3944 praeceptis
1265 3859 1301 3921 et
1318 3853 1559 3922 traditionibus
1571 3852 1730 3922 humanis

405 3957 573 4046 populum
593 3958 787 4026 onerabant
806 3959 935 4050 (llatth.
956 3965 1049 4041 23,t.
1070 3963 1149 4027 Luc.
1172 3962 1306 4041 naal,
1330 3982 1389 4028 eos
1408 3960 1601 4028 retinebant
1622 3960 1728 4028 elide

405 4064 440 4130 in
465 4066 652 4146 Christum,
677 4064 875 4134 claudentes
896 4087 1043 4153 regnum
1076 4066 1251 4134 coelorum
1280 4088 1392 4157 neque
1417 4067 1503 4135 alios
1527 4066 1664 4136 introire
1686 4067 1730 4135 si-

406 4176 526 4238 nentes
549 4172 679 4259 (ltatth.
702 4178 816 4252 23,13.
844 4179 920 4241 Luc.
949 4173 1083 4261 11,5a);
1103 4174 1195 4241 tures
1211 4179 1246 4240 et
1266 4174 1416 4243 latrones
1439 4197 1496 4242 eos
1519 4179 1629 4256 vocat,
1647 4174 1729 4263 quia

406 4277 467 4367 qui
486 4278 531 4344 ab
555 4278 596 4346 iis
616 4279 828 4366 regebantur
849 4308 866 4342 «
890 4286 989 4347 erant
1008 4280 1120 4347 vexati
1138 4286 1172 4347 et
1184 4282 1334 4350 iacentes
1356 4281 1443 4350 sicut
1465 4301 1544 4348 oves
1566 4303 1636 4348 ηοη
1665 4281 1725 4348 ha·
1853 4292 1857 4301 '

405 4381 527 4452 bentes
534 4391 706 4474 pastorem
718 4410 735 4446 a
747 4386 875 4475 (llatth.
893 4387 1005 4471 9,3o);
1023 4386 1202 4454 suressunt
1216 4387 1377 4478 qniasuis
1390 4386 1578 4456 commodis
1590 4386 1726 4456 inhiant

405 4490 509 4556 etiam
530 4491 649 4560 domos
670 4491 853 4560 viduarum
872 4492 1105 4574 comedentes,
1125 4494 1221 4584 pleni
1243 4495 1368 4583 rapina
1383 4501 1417 4562 et
1437 4495 1581 4563 avaritia
1596 4494 1722 4582 (llatth.

390 4601 520 4678 eata.
544 4605 599 4665 25.
624 4605 724 4667 llarc.
744 4605 855 4682 libb.
877 4605 955 4668 huc.
978 4605 1095 4680 reatu
1113 4601 1246 4689 20,t7);
1262 4601 1412 4669 latrones
1427 4601 1554 4692 quievi
1567 4607 1724 4691 cttyran·

406 4701 487 4769 nide
507 4703 542 4770 in
562 4705 645 4773 alios
658 4706 882 4774 dominantur
901 4707 958 4795 (ct.
981 4712 1057 4788 223
1074 4713 1167 4789 7,13.
1186 4712 1244 4789 t9;
1266 4713 1357 4789 932.
1373 4709 1449 4798 tit),
1467 4729 1531 4775 ηοο
1545 4709 1727 4778 audierunt
