4050 5648
92 464 147 607 js
248 463 308 569 aaa
454 518 456 523 ·
790 520 876 567 rosv.
901 507 1036 580 areae.

247 657 348 720 videri
367 664 486 725 velient
504 658 710 722 observarent
731 653 856 737 (lons.);
879 659 928 720 vel
950 671 1024 735 cum
1045 669 1077 712 se
1098 668 1244 713 veracem
1264 657 1297 712 et
1314 655 1434 719 iustum
1449 658 1482 717 in
1499 654 1576 716 doc-

246 758 329 820 trina
350 766 383 822 et
410 763 443 821 in
471 754 622 834 operibus
647 751 794 829 dixisset,
818 774 894 817 eum
921 741 1006 815 nunc
1028 767 1161 829 arguere
1186 749 1322 810 ludaeos
1347 755 1519 817 iniustitiae
1544 757 1577 813 et

244 856 503 939 transgressionis
519 848 613 941 (Tot.)
633 851 681 912 vel
702 871 774 914 curn
790 855 835 915 illi
855 872 888 914 se
903 853 1016 931 gerant
1031 854 1063 908 et
1078 850 1193 911 iactent
1211 848 1361 910 custodes
1380 870 1416 915 ac
1433 853 1576 915 vindices

246 958 341 1038 legis,
356 948 545 1031 reprehendi
567 967 584 1009 a
606 950 676 1011 lesu
701 952 784 1029 quod
805 952 874 1028 lege
896 950 1066 1008 abutantur
1085 948 1123 1008 ad
1144 946 1404 1009 satisfaciendum
1425 951 1522 1014 furori
1545 954 1578 1011 et

243 1053 381 1114 invidiae
398 1053 429 1107 et
450 1029 616 1124 cupiditffl
637 1066 713 1109 suae
737 1046 861 1128 (Scio.)-
883 1047 947 1105 Cur
966 1043 1091 1106 dicatur
1112 1065 1118 1106 :
1141 1063 1236 1107 nemo
1257 1044 1331 1105 lacit
1349 1044 1470 1124 legem,
1490 1049 1576 1109 varie

243 1149 407 1227 accipitur.
424 1144 478 1204 Sat
493 1146 586 1206 multi
602 1147 646 1207 ita
667 1165 674 1206 :
691 1145 741 1206 lex
758 1145 858 1205 dicit:
877 1159 941 1200 non
958 1143 1100 1216 occides;
1115 1161 1170 1204 vos
1186 1147 1292 1204 autem
1308 1143 1404 1202 vultis
1424 1161 1475 1205 me
1490 1147 1577 1208 occi-

245 1247 320 1308 dere
344 1240 428 1321 (cor.
450 1240 584 1325 Theoplr.
602 1242 701 1303 Euttr.
726 1240 799 1320 Cpr.
829 1237 941 1299 Theod.
961 1240 1003 1301 M.
1028 1241 1110 1323 ltup.
1134 1241 1236 1302 Tlom.
1261 1238 1328 1300 vot.
1346 1239 1462 1320 lons.);
1477 1261 1577 1305 nemo

245 1344 394 1404 observat
409 1340 513 1420 legem
529 1341 664 1410 sabbati,
677 1339 751 1416 quia
768 1338 800 1396 in
814 1337 945 1398 sabbato
961 1327 1189 1401 circumciditis
1201 1355 1318 1418 pueros
1334 1335 1443 1417 (datii.
1465 1336 1575 1420 Cori.);

246 1437 301 1499 sed
322 1438 523 1500 circumcisio
547 1441 677 1498 nonest
700 1435 828 1495 violatio
850 1436 989 1511 sabbati;
1020 1454 1125 1513 neque
1149 1438 1175 1497 si
1196 1441 1295 1509 esset,
1320 1436 1399 1498 haec
1418 1439 1577 1497 accusatio

246 1541 356 1617 posset
379 1539 418 1599 ad
441 1555 553 1599 omnes
577 1551 723 1614 proceres
748 1534 891 1608 extendi,
918 1553 991 1595 cum
1021 1541 1214 1595 tamennon
1239 1537 1390 1597 omnibus
1417 1535 1511 1614 pueri
1532 1536 1577 1595 ita

209 1632 228 1694 s
247 1643 426 1709 nascantur,
443 1641 479 1696 ut
498 1634 629 1694 sabbato
652 1631 788 1692 debeant
810 1632 1009 1694 circumcidi.
1028 1632 1084 1692 Vel
1109 1650 1173 1693 non
1197 1634 1331 1695 servatis
1354 1635 1475 1714 legem,
1503 1632 1579 1711 quia

247 1749 299 1793 me
322 1751 386 1793 non
402 1732 547 1794 iudicatis
563 1747 601 1789 ex
617 1745 730 1788 norma
742 1729 821 1808 legis
835 1728 970 1808 (Weiss).

290 1941 336 2002 lix
359 1960 389 2002 v.
415 1943 455 2002 15
478 1931 663 2022 respondet
681 1936 768 1999 lesus
789 1932 1000 2021 primoribus
1016 1932 1142 1999 doeens
1162 1933 1197 1998 in
1219 1933 1349 2023 templo
1370 1927 1524 2000 adstante
1544 1938 1579 1999 et

246 2042 406 2110 audiente
427 2040 539 2106 turbo.
571 2045 661 2116 Quae
681 2039 783 2105 turba
811 2038 901 2105 nihil
921 2039 983 2104 scit
1007 2038 1049 2105 de
1072 2039 1212 2105 consilio
1234 2040 1295 2106 illo
1311 2039 1578 2126 sanguinolento

247 2169 429 2238 procerum
449 2147 472 2213 i.
499 2169 529 2213 c.
552 2145 767 2213 ludaeorum.
795 2145 890 2212 Unde
910 2144 1067 2212 homines
1089 2145 1263 2232 indignati
1285 2154 1319 2213 et
1340 2147 1431 2214 male
1449 2145 1579 2214 intelli·

247 2261 370 2342 gentes
390 2254 488 2343 quasi
502 2253 547 2319 ad
566 2275 602 2318 se
612 2252 743 2318 directa
757 2258 845 2318 esset
859 2252 1101 2341 reprehensio,
1119 2252 1202 2341 quid
1222 2274 1277 2319 me
1295 2253 1457 2342 quaeritis
1471 2253 1573 2327 inter·

247 2361 372 2429 ficere?
386 2359 510 2426 acerbo
525 2360 561 2424 in
578 2358 750 2426 Christum
765 2358 977 2425 invehuntur
994 2381 1001 2425 :
1020 2358 1195 2447 respondit
1210 2361 1307 2426 turbo
1320 2371 1353 2426 ct
1365 2358 1456 2426 dixit
1471 2380 1484 2424 .·
1500 2357 1579 2425 dae·

248 2468 405 2535 monium
424 2467 544 2551 dobes,
565 2468 640 2555 qoz's
666 2478 696 2532 te
722 2464 857 2554 qrtoerit
880 2465 1091 2554 interficere?
1111 2488 1182 2533 non
1206 2472 1254 2533 est
1278 2465 1307 2533 is
1332 2488 1464 2550 sensus,
1481 2464 1580 2555 quasi

249 2596 328 2641 eum
355 2596 426 2641 esse
446 2596 466 2639 a
487 2572 657 2639 daemone
682 2593 868 2661 possessum
892 2571 1061 2653 dicerent,
1078 2573 1162 2641 sed:
1190 2572 1338 2641 daemon
1366 2578 1398 2639 te
1416 2573 1576 2660 instigat,

250 2686 288 2747 ut
303 2681 389 2747 haec
403 2680 515 2760 dicas,
533 2677 694 2746 daemoni
718 2679 784 2745 hoc
797 2678 954 2745 tribuunt
968 2680 1051 2768 quia
1066 2679 1171 2769 ipsius
1183 2679 1429 2747 estmendacia
1443 2687 1476 2746 et
1488 2678 1581 2745 mala

249 2785 444 2854 testimonia
465 2791 499 2851 ct
521 2784 712 2851 calumnias
734 2785 912 2873 imponere
932 2790 967 2850 et
985 2792 1169 2875 propterea
1184 2786 1221 2851 in
1239 2807 1318 2852 eum
1332 2785 1423 2875 quod
1439 2785 1577 2852 daemo-

248 2895 301 2960 nis
313 2892 435 2982 spiritu
451 2892 597 2958 ducatur
616 2890 807 2956 convicium
822 2888 951 2957 iactant
967 2890 1009 2979 (T
1008 2890 1087 2980 ot),
1106 2892 1275 2978 maligno,
1293 2892 1415 2959 insano
1439 2890 1580 2978 agitaris

247 3001 369 3088 spiritu
387 2998 526 3088 (Corl.);
547 2997 683 3084 vulgari
699 3019 856 3063 sermone
877 2997 907 3063 is
925 2996 1145 3066 daemonium
1166 2999 1293 3065 habere
1317 2998 1385 3065 dici
1399 3003 1509 3087 potest
1520 2997 1581 3087 qui

249 3108 415 3186 insanire,
438 3104 589 3171 absurda
609 3103 720 3192 loqui,
743 3103 890 3170 delirare
914 3103 1096 3171 videbatur
1124 3105 1181 3193 (ci.
1207 3107 1299 3172 lons.
1327 3104 1434 3171 Mold.
1456 3105 1581 3191 Scdz.‚·

250 3213 328 3280 vide
347 3218 459 3293 tuat.
484 3210 598 3277 naith.
624 3216 736 3293 11,18.
751 3215 831 3277 Luc.
858 3217 956 3292 7,33;
978 3210 1075 3300 Fit).
1098 3210 1214 3278 ludaei
1231 3211 1361 3300 optime
1375 3212 1440 3278 sibi
1453 3212 1580 3280 conscii

250 3341 354 3409 quam
368 3340 448 3384 vere
467 3316 511 3383 de
526 3316 667 3382 consilio
683 3315 796 3383 caedis
818 3323 1024 3383 accusentur
1035 3324 1159 3384 tacent.
1179 3323 1269 3385 lesus
1288 3340 1370 3385 vero
1384 3319 1434 3385 ita
1446 3321 1576 3409 pergit,

251 3430 290 3493 ut
306 3424 410 3492 turba
431 3446 568 3513 quoque
586 3423 777 3509 intelligere
792 3424 899 3511 possit
919 3445 954 3489 sc
981 3446 1000 3489 a
1024 3423 1234 3513 primoribus
1249 3424 1291 3491 ad
1305 3447 1424 3492 necem
1439 3427 1577 3514 quaeri,

253 3533 372 3619 utique
387 3531 459 3596 sine
476 3529 658 3595 ullacausa
671 3552 701 3594 v.
718 3535 757 3595 21
769 3527 944 3618 respondit
957 3531 1091 3596 Iesuset
1105 3528 1195 3596 discit
1207 3531 1255 3596 eis
1271 3553 1284 3596 .·
1298 3554 1497 3622 ecnumopos
1508 3533 1582 3620 feci

253 3649 286 3705 et
301 3659 417 3703 omnes
432 3635 623 3716 artiramt'ni,
635 3639 798 3718 θαυμάζετε
814 3635 837 3701 i.
858 3657 888 3700 e.
906 3641 1102 3722 ταράττεσθε,
1120 3645 1289 3724 θερυὸεῖσθε
1306 3637 1492 3728 (vicopolo),
1511 3661 1581 3728 qua

255 3767 336 3810 voca
352 3743 479 3809 indicat
495 3743 600 3808 etiam
624 3741 719 3831 apud
738 3741 875 3831 plebem
895 3740 1048 3830 aliquam
1062 3744 1227 3810 exstitisse
1241 3743 1462 3812 offensionem
1475 3768 1580 3836 prop-

253 3858 307 3918 ter
321 3849 408 3917 illud
425 3870 534 3915 unum
548 3871 633 3937 opus
642 3847 797 3936 (aa-¹0).
814 3847 918 3914 Abeo
935 3853 1088 3938 tempore
1101 3851 1216 3916 ludaei
1229 3849 1454 3918 decreverunt
1472 3856 1579 3919 lesum

254 3957 467 4035 interficere,
492 3977 605 4043 neque
631 3954 846 4021 diuturniore
869 3960 1023 4043 tempore
1053 3957 1194 4022 cessavit
1216 3956 1355 4023 illorum
1377 3958 1499 4046 iniqua
1527 3961 1580 4025 in-

253 4066 379 4144 tentio,
392 4062 451 4128 sed
468 4062 577 4146 magis
598 4060 698 4126 ineis
714 4060 922 4146 augebatur;
940 4082 1047 4148 quaro
1062 4061 1309 4129 continuaerat
1324 4064 1397 4130 eius
1413 4065 1494 4131 sacti
1508 4087 1580 4131 me-

255 4173 385 4252 moria,
411 4165 703 4259 quemadmodum
735 4166 960 4233 intentionem
989 4173 1023 4233 et
1054 4168 1233 4234 consilium
1259 4170 1435 4236 occidendi
1463 4172 1581 4239 animo

255 4279 460 4346 retinebant.
480 4275 561 4341 inde
574 4274 627 4353 lit,
646 4278 683 4338 ut
699 4278 789 4340 lesus
803 4273 875 4340 eius
887 4275 1000 4364 operis
1014 4276 1223 4342 mentionem
1243 4282 1319 4366 post
1329 4278 1478 4366 spatium
1496 4286 1582 4346 tem-

256 4388 349 4474 poris
364 4393 414 4450 sat
428 4384 568 4469 longum
584 4381 835 4469 (intercesserat
846 4383 1084 4470 sesquiannuS,
1100 4383 1184 4470 Tol.)
1201 4383 1313 4465 saciat,
1330 4389 1447 4473 utpote
1458 4408 1581 4453 causae

257 4498 290 4557 et
307 4491 453 4576 originis
470 4497 538 4555 tarn
559 4487 711 4554 nefariae
726 4487 935 4554 intentionis.

301 4603 382 4665 Eam
398 4605 512 4663 autern
528 4595 749 4662 offensionem
765 4616 835 4660 esse
856 4595 958 4685 plane
979 4595 1139 4661 iniustam
1162 4618 1273 4686 neque
1295 4600 1400 4666 ullam
1422 4600 1580 4668 exsistere

259 4725 416 4782 causam,
441 4726 501 4768 cnr
520 4703 586 4769 sibi
605 4702 830 4788 indignentur
853 4703 1001 4768 ostendit
1016 4724 1047 4768 v.
1067 4708 1109 4767 22
1124 4718 1310 4793 propterea
1330 4708 1461 4794 Moyses
1486 4706 1582 4776 dedit

260 4809 354 4880 vodis
369 4808 673 4895 circumcisionem,
696 4830 764 4873 non
777 4807 861 4895 poio
875 4832 918 4876 ea
931 4813 1048 4898 Mopse
1063 4823 1122 4894 cst,
1134 4811 1194 4877 sed
1209 4812 1434 4901 rapoto-idum
1450 4816 1499 4881 uu·
1515 4821 1581 4882 iex-

260 4927 314 4987 tus
335 4915 431 5001 vulg.
457 4922 521 4996 est,
549 4916 681 5005 explica
702 4918 746 4982 διὰ
772 4930 857 4982 τοῦτο
877 4916 924 4982 ita
943 4923 981 4983 ut
1000 4915 1043 4981 ad
1065 4917 1273 5007 subsequens
1291 4919 1459 4988 reseratur
1479 4946 1486 4990 :
1504 4922 1581 4989 ideo
