4050 5648
287 723 475 811 perfectam
495 725 528 785 et
547 736 625 781 mox
641 713 743 804 plane
762 718 923 788 defecisse
942 713 1161 805 sequentibus
1181 712 1343 785 docemur
1365 741 1398 787 v.
1420 723 1461 786 31
1479 714 1613 783 dicebat
1707 714 1713 728 '

286 851 365 920 erqo
381 832 473 896 Iesus
485 820 533 889 ad
546 843 602 887 eos
617 821 680 911 qai
693 823 911 892 crediderunt
925 824 968 908 ei,
987 817 1131 889 ludaeos
1146 843 1159 887 .·
1173 819 1272 887 sivos
1284 825 1482 892 manseritis
1492 823 1530 891 in
1543 843 1613 889 ser·

285 957 384 1002 mone
406 951 493 1008 meo,
515 950 591 995 vere
613 927 777 1023 discipuli
802 931 872 997 mei
894 927 988 998 eritis
994 948 1010 1013 ,⁰
1020 933 1232 997 constantem
1262 928 1378 1019 itaque
1406 938 1441 999 et
1471 933 1612 999 firmum

285 1040 439 1108 animum
465 1036 624 1125 requirit,
649 1043 688 1103 ut
710 1036 921 1105 doctrinaea
941 1057 976 1102 se
992 1040 1150 1125 acceptae
1173 1031 1339 1102 obediant
1362 1038 1417 1124 (of.
1441 1040 1554 1128 Gyr.);
1572 1058 1613 1104 ea

284 1142 482 1212 conditione
502 1141 574 1210 sola
593 1146 752 1234 poterunt
766 1163 839 1209 esse
854 1164 932 1208 vere
951 1139 1129 1231 discipuli;
1148 1144 1244 1209 notat
1264 1140 1342 1206 cnr.
1357 1143 1401 1208 ad
1421 1147 1472 1212 ἐὰν
1493 1153 1612 1229 μείνητε
1693 1225 1697 1233 ¹

285 1254 394 1316 lesum
409 1248 565 1317 indicare
579 1246 664 1339 qnid
675 1249 710 1312 in
722 1268 840 1316 eorum
853 1245 957 1315 corde
971 1256 1056 1315 esset
1070 1256 1219 1338 eumque
1233 1246 1370 1315 scivisse
1382 1247 1458 1315 illos
1471 1250 1612 1339 quidem
1676 1336 1679 1341 ‚

278 1353 485 1438 credidisse,
501 1361 537 1423 at
550 1376 622 1422 non
638 1360 925 1441 perseveraturos.
943 1357 1015 1420 lion
1030 1354 1103 1423 sine
1118 1355 1275 1445 emphasi
1295 1353 1381 1422 dicit
1401 1375 1408 1421 :
1425 1355 1454 1419 si
1472 1377 1548 1436 vos,
1562 1357 1613 1422 in·

279 1483 391 1529 nuens
410 1462 495 1553 quid
516 1463 553 1528 in
573 1461 614 1526 iis
629 1458 719 1525 bono
734 1459 799 1527 boc
813 1459 912 1527 initio
926 1459 1017 1526 iacto
1031 1461 1231 1550 praesertim
1246 1461 1444 1551 requiratur
1454 1466 1489 1528 et
1507 1482 1613 1550 mam
1704 1500 1708 1510 ·

281 1566 523 1660 imperfectum
537 1567 581 1632 sit
590 1564 728 1632 illorum
740 1563 821 1633 fidei
832 1565 983 1634 initium.
1000 1567 1083 1635 Dein
1097 1568 1295 1634 ulteriorem
1311 1569 1461 1636 fructum
1471 1567 1614 1656 exponit

39 1687 62 1741 't
115 1675 127 1709 ·’
192 1764 195 1769 ¹
281 1697 385 1766 quem
401 1672 536 1764 capturi
554 1677 634 1738 sunt
650 1693 690 1738 ex
702 1673 873 1740 constanti
885 1672 946 1740 illa
959 1671 1157 1740 obedientia
1172 1695 1244 1762 qua
1258 1672 1451 1741 doctrinam
1467 1686 1613 1764 percep·

278 1787 349 1850 tam
365 1782 400 1847 in
416 1781 486 1845 vita
506 1778 699 1868 expriment
718 1800 750 1844 v.
769 1784 812 1844 32
830 1791 865 1845 et
879 1779 1089 1869 cognoscetis
1101 1779 1298 1865 veritatem,
1320 1779 1396 1848 scil.
1416 1780 1515 1847 cuius
1533 1779 1613 1847 doc-

275 1894 390 1954 torem
412 1890 502 1952 lesus
520 1906 556 1951 se
575 1884 756 1974 profitetur
773 1889 807 1951 et
821 1907 926 1975 quam
945 1891 1124 1953 manentes
1135 1885 1174 1952 in
1185 1906 1343 1953 sermone
1357 1886 1431 1954 eius
1446 1887 1470 1953 i.
1488 1908 1519 1954 e.
1533 1907 1613 1954 oon·

277 1996 408 2060 stanter
422 2013 562 2081 quoque
581 1995 654 2058 lesu
677 1989 814 2059 docenti
832 2013 934 2058 aures
950 1990 1043 2058 lideli
1063 1975 1398 2080 mente'praebent'es
1413 1991 1608 2076 addiscent,
1709 1987 1711 1991 ’
1730 2077 1735 2089 .

278 2111 312 2167 ct
332 2098 460 2166 ceritas
477 2097 636 2164 liberabit
649 2118 718 2183 cos,
733 2097 819 2165 haec
832 2094 990 2165 doctrina
1005 2119 1109 2188 quam
1123 2119 1145 2165 a
1160 2101 1234 2165 lesu
1253 2097 1392 2166 haurire
1411 2098 1541 2167 debent
1554 2120 1612 2175 eos

277 2203 400 2273 reddet
415 2205 553 2271 liberos.
579 2208 650 2270 ltuo
665 2202 748 2271 dicit
768 2226 856 2294 quae
874 2204 1073 2295 superbiam
1091 2203 1371 2293 pharisaeorum,
1389 2203 1608 2286 ludaeorum,
1691 2190 1694 2195 ¹

278 2311 370 2379 baud
385 2311 604 2379 mediocriter
622 2309 777 2389 laedunt;
799 2310 955 2378 doctores
977 2310 1065 2398 legis
1085 2316 1119 2378 et
1141 2311 1368 2379 aemulatores
1381 2332 1416 2378 se
1431 2312 1563 2379 iactant
1576 2318 1611 2378 et

277 2421 368 2485 lesus
382 2418 503 2485 asserit
519 2440 540 2484 a
554 2439 589 2485 se
605 2415 742 2484 tandem
757 2416 955 2498 vamtatem,
967 2439 1084 2484 veram
1096 2416 1140 2485 de
1152 2421 1221 2485 Deo
1233 2423 1267 2484 et
1279 2417 1388 2485 salute
1399 2416 1611 2507 assequenda

276 2521 470 2592 doctrinam
480 2546 551 2592 esse
562 2523 757 2592 dmoendam
769 2527 883 2591 ettam
894 2523 1046 2606 tandem,
1056 2523 1086 2592 si
1095 2545 1171 2591 earn
1183 2523 1365 2592 didicerint
1374 2545 1432 2592 eos
1441 2525 1485 2592 iri
1499 2523 1610 2616 vindi-

166 2687 168 2695 .
275 2636 391 2697 catum
406 2630 442 2697 in
459 2631 667 2698 libertatem.
774 2698 776 2703 ,
1439 2640 1441 2645 ’

202 2742 203 2745 ’
320 2740 361 2802 nt
374 2758 480 2827 quam
495 2758 597 2824 aegre
618 2735 653 2803 id
676 2736 806 2822 ierant,
828 2759 949 2805 verum
973 2737 1077 2805 etiam
1092 2758 1197 2827 quam
1219 2736 1318 2804 labili
1333 2737 1557 2806 fundamento
1572 2737 1611 2802 fi-

274 2841 355 2910 dem
370 2864 468 2910 suam
483 2842 786 2932 superstruxerint,
809 2845 925 2910 statim
940 2843 1091 2933 produnt
1104 2866 1137 2911 v.
1153 2849 1195 2911 3³
1209 2842 1456 2933 responderunt
1470 2843 1504 2910 ei
1527 2865 1540 2910 .·
1560 2866 1610 2911 se·
1663 2846 1665 2851 ’
1722 2905 1728 2915 .

274 2972 354 3017 men
371 2948 529 3017 Abrahae
543 2971 659 3016 samus
675 2962 707 3016 et
725 2948 858 3016 nemini
869 2948 1069 3016 servivimus
1081 2969 1255 3038 unquam:
1267 2948 1485 3039 quomodotu
1499 2949 1587 3018 dicis
1597 2973 1610 3017 .·
1671 2989 1673 2993 ‚

275 3056 377 3125 liberi
389 3056 507 3123 eritis?
520 3057 600 3123 satis
615 3062 818 3143 arroganter
827 3054 1037 3146 respondent
1051 3078 1059 3121 :
1074 3083 1090 3117 a
1103 3055 1183 3122 talis
1192 3055 1401 3125 ludaeorum
1412 3057 1518 3124 fastus
1530 3062 1580 3123 est
1591 3084 1607 3117 a

276 3161 400 3251 (Gbr.);
427 3189 443 3223 a
465 3185 485 3228 0
502 3161 603 3252 pellis
621 3159 844 3229 inllatal'non
865 3166 917 3229 est
934 3162 998 3229 ista
1019 3161 1240 3248 magnitudo,
1258 3162 1319 3229 sed
1342 3169 1470 3244 tumor,
1493 3168 1527 3229 et
1543 3162 1609 3230 hoc

275 3271 389 3359 ipsum
406 3268 596 3336 secundum
611 3267 713 3335 huius
727 3269 891 3359 temporis
904 3267 1100 3335 libertatem
1115 3266 1290 3359 quomodo
1305 3291 1425 3336 verum
1439 3268 1572 3336 dixistis
1591 3297 1607 3329 »

276 3376 415 3466 (dupli
430 3380 470 3441 nt
487 3381 618 3471 veteres
632 3377 794 3442 revocant
806 3373 842 3440 in
860 3375 1061 3442 memoriam
1077 3373 1211 3464 quoties
1229 3377 1315 3442 lleus
1331 3373 1424 3442 dicat
1435 3375 1607 3465 populum
1670 3371 1674 3377 ’

274 3504 343 3548 ase
357 3482 543 3548 liberatum
558 3502 628 3547 esse
643 3503 662 3547 e
676 3480 781 3548 domo
791 3479 981 3562 servitutis,
997 3479 1130 3568 quoties
1143 3486 1298 3570 tempore
1313 3480 1466 3557 indicum
1487 3481 1609 3548 alieni-

274 3588 373 3675 genis
397 3586 594 3668 servierint,
620 3591 736 3676 postea
755 3585 915 3674 Assyriis.
942 3586 1153 3674 Babyloniis,
1180 3592 1263 3654 tuno
1285 3586 1457 3654 Romanis.
1482 3590 1607 3653 Verum

275 3693 450 3784 pharisaei
471 3693 559 3759 fastu
573 3691 742 3759 nationali
757 3691 869 3759 irrssati
882 3691 1013 3758 nullam
1029 3691 1319 3772 dominationem,
1341 3715 1409 3783 qua
1422 3692 1608 3761 subiicien-

276 3805 333 3868 tur
351 3799 573 3886 alienigenis,
589 3799 663 3866 iure
678 3798 862 3865 consistere
877 3820 977 3888 posse
993 3798 1152 3866 arbitrati
1166 3798 1361 3867 libertatem
1381 3821 1478 3867 suam
1496 3799 1609 3866 natio-

277 3907 391 3974 nalcm
407 3904 599 3973 vindicant¹
617 3911 651 3971 et
662 3904 698 3972 id
712 3903 825 3972 valere
837 3905 998 3972 continuo
1010 3905 1136 3972 iactant
1151 3903 1245 3994 quod
1262 3908 1349 3971 Deus
1360 3903 1492 3972 dixerat
1512 3929 1520 3973 :
1538 3927 1608 3973 non
1696 3990 1698 3995 θ

275 4013 403 4102 poteris
419 4011 560 4079 alterius
580 4010 693 4096 gentis
707 4010 882 4077 hominem
903 4031 1021 4096 regem
1044 4010 1154 4077 lacere
1174 4010 1235 4100 qui
1258 4031 1328 4078 non
1349 4010 1393 4077 sit
1405 4011 1515 4078 irater
1527 4017 1607 4080 tuns

277 4118 389 4208 (licut.
414 4115 820 4206 17‚15).lnsupcretiam
841 4115 905 4183 sub
919 4115 1065 4206 imperio
1080 4120 1312 4183 Romanorum
1335 4114 1507 4206 quaedam
1530 4117 1607 4185 iura

278 4225 420 4316 propria
442 4224 485 4290 iis
506 4227 606 4291 erant
620 4243 777 4290 concessa
797 4222 925 4290 intuitu
943 4222 1137 4309 religionis;
1159 4223 1250 4290 unde
1264 4216 1416 4312 speciem
1430 4224 1606 4313 quandam

278 4331 447 4401 libertatis
468 4330 678 4412 retinebant,
700 4350 803 4418 quam
824 4352 888 4420 pro
910 4351 971 4398 sua
985 4330 1148 4420 superbia
1168 4329 1436 4417 exaggerabant.
1463 4330 1606 4408 Qualem

277 4439 472 4507 libertatem
500 4435 646 4506 llomani
666 4435 707 4503 iis
725 4437 967 4520 concesserint,
990 4435 1149 4527 Iosephus
1169 4436 1280 4504 'litum
1302 4436 1384 4502 iacit
1405 4436 1605 4526 loquentem

279 4547 377 4634 (Bell.v
400 4546 472 4613 iud.
489 4544 610 4633 b,6,·2).
631 4548 701 4610 lam
716 4548 858 4611 loannes
875 4544 1025 4633 baptista
1037 4566 1094 4610 eos
1111 4546 1305 4624 monuerat,
1323 4564 1365 4608 ne
1384 4563 1471 4609 vane
1485 4564 1606 4632 provo-

182 4721 185 4729 ,
278 4660 396 4719 carent
416 4652 460 4719 ad
476 4651 650 4718 abrabam
664 4659 797 4741 patrem
814 4650 942 4740 (liattb.
959 4650 1047 4738 3,9);
1070 4656 1105 4716 at
1116 4649 1255 4717 frustra.

316 4845 337 4888 r.
350 4841 414 4889 Eum
423 4840 448 4889 in
459 4837 563 4888 modum
573 4839 688 4904 loquitur
698 4835 845 4888 Eleazarus:
860 4851 939 4889 «oum
951 4835 1011 4887 olim
1021 4849 1066 4886 nos
1074 4835 1250 4894 statuerimus,
1262 4835 1313 4885 viri
1322 4836 1409 4895 fortes,
1421 4850 1504 4900 neque
1512 4839 1604 4886 itoma-

281 4919 321 4970 nls
336 4932 418 4983 neque
433 4920 552 4982 cuiquam
567 4919 619 4978 atii,
635 4918 684 4969 nisi
697 4919 758 4974 Deo,
770 4919 868 4968 servire
879 4946 910 4955 -
920 4917 942 4967 is
953 4918 1020 4968 enirn
1030 4916 1099 4966 solus
1110 4919 1150 4967 est
1162 4929 1238 4966 verus
1247 4919 1273 4966 et
1283 4915 1365 4967 iustus
1379 4916 1511 4967 hominurn
1523 4914 1605 4965 domi-

284 5013 333 5050 nna
341 5025 373 5038 -
381 5013 449 5051 nnnc
459 5004 561 5063 tempus
572 4999 644 5051 adest
655 4996 808 5064 quadrastis
818 4995 1323 5062 animimagnltudincmprobareinbeat
1333 5017 1345 5043 ι
1355 4995 1493 5060 (nelliud.
1510 5001 1559 5055 λθ.
1570 4996 1603 5059 b).
