<?xml version="1.0" encoding="UTF-8"?>
<!DOCTYPE html PUBLIC "-//W3C//DTD XHTML 1.0 Transitional//EN"
    "http://www.w3.org/TR/xhtml1/DTD/xhtml1-transitional.dtd">
<html xmlns="http://www.w3.org/1999/xhtml" xml:lang="en" lang="en">
 <head>
  <title>
</title>
<meta http-equiv="Content-Type" content="text/html;charset=utf-8" />
  <meta name='ocr-system' content='tesseract 3.04.00' />
  <meta name='ocr-capabilities' content='ocr_page ocr_carea ocr_par ocr_line ocrx_word'/>
</head>
<body>
  <div class='ocr_page' id='page_1' title='image "./commentariusinq00knabgoog_0291.png"; bbox 0 0 4116 5648; ppageno 0'>
   <div class='ocr_carea' id='block_1_1' title="bbox 352 485 1127 605">
    <p class='ocr_par' dir='ltr' id='par_1_1' title="bbox 352 485 1127 605">
     <span class='ocr_line' id='line_1_1' title="bbox 352 485 1127 605; baseline -0.006 -28"><span class='ocrx_word' id='word_1_1' title='bbox 352 485 416 578; x_wconf 59' lang='grc'>976</span> <span class='ocrx_word' id='word_1_2' title='bbox 611 598 614 605; x_wconf 25' lang='grc'>1</span> <span class='ocrx_word' id='word_1_3' title='bbox 906 533 990 579; x_wconf 78' lang='lat' dir='ltr'>reis.</span> <span class='ocrx_word' id='word_1_4' title='bbox 1012 517 1127 592; x_wconf 81' lang='lat'>8,8-1{.</span> 
     </span>
    </p>
   </div>
   <div class='ocr_carea' id='block_1_2' title="bbox 358 661 1692 1822">
    <p class='ocr_par' dir='ltr' id='par_1_2' title="bbox 358 661 1692 1822">
     <span class='ocr_line' id='line_1_2' title="bbox 358 661 1681 756; baseline -0.004 -20"><span class='ocrx_word' id='word_1_5' title='bbox 358 668 497 755; x_wconf 78' lang='lat' dir='ltr'>bantur,</span> <span class='ocrx_word' id='word_1_6' title='bbox 513 672 572 739; x_wconf 89' lang='lat' dir='ltr'>sed</span> <span class='ocrx_word' id='word_1_7' title='bbox 590 669 692 736; x_wconf 90' lang='lat' dir='ltr'>etiam</span> <span class='ocrx_word' id='word_1_8' title='bbox 709 683 836 750; x_wconf 83' lang='lat' dir='ltr'>magna</span> <span class='ocrx_word' id='word_1_9' title='bbox 855 667 908 733; x_wconf 90' lang='lat' dir='ltr'>sui</span> <span class='ocrx_word' id='word_1_10' title='bbox 922 667 1118 735; x_wconf 80' lang='lat' dir='ltr'>contusione</span> <span class='ocrx_word' id='word_1_11' title='bbox 1133 661 1329 729; x_wconf 78' lang='lat' dir='ltr'>obruuntui</span> <span class='ocrx_word' id='word_1_12' title='bbox 1351 665 1467 752; x_wconf 90' lang='lat' dir='ltr'>palam</span> <span class='ocrx_word' id='word_1_13' title='bbox 1486 672 1520 735; x_wconf 88' lang='lat' dir='ltr'>et</span> <span class='ocrx_word' id='word_1_14' title='bbox 1541 662 1681 756; x_wconf 89' lang='lat' dir='ltr'>publice</span> 
     </span>
     <span class='ocr_line' id='line_1_3' title="bbox 358 767 1682 870; baseline -0.008 -25"><span class='ocrx_word' id='word_1_15' title='bbox 358 800 475 847; x_wconf 89' lang='lat' dir='ltr'>coram</span> <span class='ocrx_word' id='word_1_16' title='bbox 490 775 619 870; x_wconf 91' lang='lat' dir='ltr'>populo</span> <span class='ocrx_word' id='word_1_17' title='bbox 637 770 683 858; x_wconf 89' lang='lat' dir='ltr'>(v.</span> <span class='ocrx_word' id='word_1_18' title='bbox 697 769 752 857; x_wconf 76' lang='lat'>2);</span> <span class='ocrx_word' id='word_1_19' title='bbox 770 795 802 840; x_wconf 92' lang='lat' dir='ltr'>v.</span> <span class='ocrx_word' id='word_1_20' title='bbox 816 781 837 842; x_wconf 92' lang='lat'>8</span> <span class='ocrx_word' id='word_1_21' title='bbox 854 774 1025 841; x_wconf 82' lang='lat' dir='ltr'>etiterum</span> <span class='ocrx_word' id='word_1_22' title='bbox 1040 792 1075 838; x_wconf 86' lang='lat' dir='ltr'>se</span> <span class='ocrx_word' id='word_1_23' title='bbox 1090 767 1263 837; x_wconf 82' lang='lat' dir='ltr'>inclinans</span> <span class='ocrx_word' id='word_1_24' title='bbox 1277 768 1441 838; x_wconf 85' lang='lat' dir='ltr'>scribebat</span> <span class='ocrx_word' id='word_1_25' title='bbox 1457 772 1494 841; x_wconf 83' lang='lat' dir='ltr'>in</span> <span class='ocrx_word' id='word_1_26' title='bbox 1507 785 1618 857; x_wconf 60' lang='lat' dir='ltr'>terrm·</span> <span class='ocrx_word' id='word_1_27' title='bbox 1630 771 1682 836; x_wconf 91' lang='lat' dir='ltr'>in·</span> 
     </span>
     <span class='ocr_line' id='line_1_4' title="bbox 358 875 1683 970; baseline -0.005 -19"><span class='ocrx_word' id='word_1_28' title='bbox 358 885 424 954; x_wconf 84' lang='lat' dir='ltr'>fixo</span> <span class='ocrx_word' id='word_1_29' title='bbox 436 887 471 952; x_wconf 91' lang='lat' dir='ltr'>in</span> <span class='ocrx_word' id='word_1_30' title='bbox 490 899 609 949; x_wconf 89' lang='lat' dir='ltr'>eorum</span> <span class='ocrx_word' id='word_1_31' title='bbox 624 877 834 947; x_wconf 84' lang='lat' dir='ltr'>conscientia</span> <span class='ocrx_word' id='word_1_32' title='bbox 848 879 1076 969; x_wconf 84' lang='lat' dir='ltr'><strong>responsionis</strong></span> <span class='ocrx_word' id='word_1_33' title='bbox 1090 875 1208 944; x_wconf 90' lang='lat' dir='ltr'>aculeo</span> <span class='ocrx_word' id='word_1_34' title='bbox 1224 875 1333 943; x_wconf 88' lang='lat' dir='ltr'>voluit</span> <span class='ocrx_word' id='word_1_35' title='bbox 1350 875 1421 943; x_wconf 91' lang='lat' dir='ltr'>illis</span> <span class='ocrx_word' id='word_1_36' title='bbox 1435 879 1683 970; x_wconf 22' lang='lat' dir='ltr'>spatium-dare</span> 
     </span>
     <span class='ocr_line' id='line_1_5' title="bbox 358 982 1683 1074; baseline -0.006 -14"><span class='ocrx_word' id='word_1_37' title='bbox 358 995 444 1060; x_wconf 89' lang='lat' dir='ltr'>clam</span> <span class='ocrx_word' id='word_1_38' title='bbox 459 983 653 1054; x_wconf 87' lang='lat' dir='ltr'>discedendi</span> <span class='ocrx_word' id='word_1_39' title='bbox 669 984 821 1074; x_wconf 66' lang='lat' dir='ltr'>(Malu).</span> <span class='ocrx_word' id='word_1_40' title='bbox 842 991 947 1052; x_wconf 90' lang='lat' dir='ltr'>Nemo</span> <span class='ocrx_word' id='word_1_41' title='bbox 962 1004 1063 1053; x_wconf 90' lang='lat' dir='ltr'>ausus</span> <span class='ocrx_word' id='word_1_42' title='bbox 1083 989 1132 1048; x_wconf 87' lang='lat' dir='ltr'>est</span> <span class='ocrx_word' id='word_1_43' title='bbox 1147 1004 1184 1050; x_wconf 91' lang='lat' dir='ltr'>se</span> <span class='ocrx_word' id='word_1_44' title='bbox 1198 982 1353 1074; x_wconf 86' lang='lat' dir='ltr'>profiteri</span> <span class='ocrx_word' id='word_1_45' title='bbox 1367 1004 1389 1049; x_wconf 91' lang='lat' dir='ltr'>a</span> <span class='ocrx_word' id='word_1_46' title='bbox 1400 991 1541 1072; x_wconf 89' lang='lat' dir='ltr'>peccato</span> <span class='ocrx_word' id='word_1_47' title='bbox 1553 986 1683 1054; x_wconf 90' lang='lat' dir='ltr'>immu-</span> 
     </span>
     <span class='ocr_line' id='line_1_6' title="bbox 358 1091 1692 1182; baseline -0.004 -16"><span class='ocrx_word' id='word_1_48' title='bbox 358 1118 437 1166; x_wconf 90' lang='lat' dir='ltr'>nem</span> <span class='ocrx_word' id='word_1_49' title='bbox 451 1098 485 1159; x_wconf 92' lang='lat' dir='ltr'>et</span> <span class='ocrx_word' id='word_1_50' title='bbox 496 1091 685 1181; x_wconf 86' lang='lat' dir='ltr'>prudenter</span> <span class='ocrx_word' id='word_1_51' title='bbox 697 1093 859 1182; x_wconf 88' lang='lat' dir='ltr'>quidem,</span> <span class='ocrx_word' id='word_1_52' title='bbox 874 1113 955 1159; x_wconf 92' lang='lat' dir='ltr'>nam</span> <span class='ocrx_word' id='word_1_53' title='bbox 975 1094 1141 1158; x_wconf 90' lang='lat' dir='ltr'>noverant</span> <span class='ocrx_word' id='word_1_54' title='bbox 1159 1094 1268 1158; x_wconf 90' lang='lat' dir='ltr'>lesum</span> <span class='ocrx_word' id='word_1_55' title='bbox 1287 1091 1390 1159; x_wconf 89' lang='lat' dir='ltr'>etiarn</span> <span class='ocrx_word' id='word_1_56' title='bbox 1405 1098 1537 1159; x_wconf 84' lang='lat' dir='ltr'>secreta</span> <span class='ocrx_word' id='word_1_57' title='bbox 1552 1093 1692 1161; x_wconf 79' lang='lat' dir='ltr'>animo·</span> 
     </span>
     <span class='ocr_line' id='line_1_7' title="bbox 358 1194 1683 1290; baseline -0.002 -21"><span class='ocrx_word' id='word_1_58' title='bbox 358 1222 435 1269; x_wconf 93' lang='lat' dir='ltr'>rum</span> <span class='ocrx_word' id='word_1_59' title='bbox 460 1198 588 1266; x_wconf 84' lang='lat' dir='ltr'>hebere</span> <span class='ocrx_word' id='word_1_60' title='bbox 610 1203 799 1290; x_wconf 88' lang='lat' dir='ltr'>perspecta.</span> <span class='ocrx_word' id='word_1_61' title='bbox 830 1196 924 1265; x_wconf 89' lang='lat' dir='ltr'>Unde</span> <span class='ocrx_word' id='word_1_62' title='bbox 946 1220 980 1265; x_wconf 88' lang='lat' dir='ltr'>v.</span> <span class='ocrx_word' id='word_1_63' title='bbox 1001 1202 1028 1262; x_wconf 87' lang='lat'>9.</span> <span class='ocrx_word' id='word_1_64' title='bbox 1047 1194 1224 1265; x_wconf 81' lang='lat' dir='ltr'><strong><em>audientes</em></strong></span> <span class='ocrx_word' id='word_1_65' title='bbox 1243 1211 1360 1265; x_wconf 84' lang='lat' dir='ltr'>autem</span> <span class='ocrx_word' id='word_1_66' title='bbox 1382 1218 1471 1264; x_wconf 81' lang='lat' dir='ltr'>unus</span> <span class='ocrx_word' id='word_1_67' title='bbox 1482 1209 1683 1286; x_wconf 74' lang='lat' dir='ltr'>postrenum</span> 
     </span>
     <span class='ocr_line' id='line_1_8' title="bbox 358 1297 1683 1397; baseline -0.002 -23"><span class='ocrx_word' id='word_1_68' title='bbox 358 1297 512 1390; x_wconf 66' lang='lat' dir='ltr'>exibunt,</span> <span class='ocrx_word' id='word_1_69' title='bbox 530 1305 733 1397; x_wconf 78' lang='lat' dir='ltr'><em>incipientes</em></span> <span class='ocrx_word' id='word_1_70' title='bbox 754 1325 776 1369; x_wconf 87' lang='grc' dir='ltr'><em>α</em></span> <span class='ocrx_word' id='word_1_71' title='bbox 795 1302 999 1381; x_wconf 80' lang='lat' dir='ltr'>senioribus,</span> <span class='ocrx_word' id='word_1_72' title='bbox 1015 1301 1039 1369; x_wconf 89' lang='lat' dir='ltr'>i.</span> <span class='ocrx_word' id='word_1_73' title='bbox 1055 1323 1087 1369; x_wconf 89' lang='lat' dir='ltr'>e.</span> <span class='ocrx_word' id='word_1_74' title='bbox 1104 1303 1150 1370; x_wconf 90' lang='lat' dir='ltr'>ab</span> <span class='ocrx_word' id='word_1_75' title='bbox 1168 1307 1281 1372; x_wconf 88' lang='lat' dir='ltr'>aetate</span> <span class='ocrx_word' id='word_1_76' title='bbox 1296 1302 1582 1394; x_wconf 86' lang='lat' dir='ltr'>provectioribus,</span> <span class='ocrx_word' id='word_1_77' title='bbox 1598 1305 1683 1372; x_wconf 88' lang='lat' dir='ltr'>scri-</span> 
     </span>
     <span class='ocr_line' id='line_1_9' title="bbox 358 1408 1684 1505; baseline -0.001 -27"><span class='ocrx_word' id='word_1_78' title='bbox 358 1413 412 1479; x_wconf 86' lang='lat' dir='ltr'>bis</span> <span class='ocrx_word' id='word_1_79' title='bbox 423 1413 496 1480; x_wconf 89' lang='lat' dir='ltr'>scil.</span> <span class='ocrx_word' id='word_1_80' title='bbox 511 1419 545 1480; x_wconf 90' lang='lat' dir='ltr'>et</span> <span class='ocrx_word' id='word_1_81' title='bbox 557 1410 746 1505; x_wconf 80' lang='lat' dir='ltr'>pharisaeis</span> <span class='ocrx_word' id='word_1_82' title='bbox 762 1408 808 1496; x_wconf 88' lang='lat' dir='ltr'>(v.</span> <span class='ocrx_word' id='word_1_83' title='bbox 826 1409 859 1496; x_wconf 80' lang='lat'>3)</span> <span class='ocrx_word' id='word_1_84' title='bbox 872 1432 880 1491; x_wconf 82' lang='lat'><em>3</em></span> <span class='ocrx_word' id='word_1_85' title='bbox 893 1410 930 1476; x_wconf 95' lang='lat' dir='ltr'>hi</span> <span class='ocrx_word' id='word_1_86' title='bbox 945 1408 1037 1477; x_wconf 88' lang='lat' dir='ltr'>enim</span> <span class='ocrx_word' id='word_1_87' title='bbox 1053 1413 1171 1498; x_wconf 82' lang='lat' dir='ltr'>utpote</span> <span class='ocrx_word' id='word_1_88' title='bbox 1181 1408 1420 1499; x_wconf 80' lang='lat' dir='ltr'><strong>prudentiores</strong></span> <span class='ocrx_word' id='word_1_89' title='bbox 1434 1417 1684 1501; x_wconf 86' lang='lat' dir='ltr'>perspexerunt</span> 
     </span>
     <span class='ocr_line' id='line_1_10' title="bbox 359 1513 1681 1610; baseline -0.002 -24"><span class='ocrx_word' id='word_1_90' title='bbox 359 1541 467 1588; x_wconf 92' lang='lat' dir='ltr'>unum</span> <span class='ocrx_word' id='word_1_91' title='bbox 486 1520 580 1610; x_wconf 91' lang='lat' dir='ltr'>quod</span> <span class='ocrx_word' id='word_1_92' title='bbox 606 1518 858 1604; x_wconf 78' lang='lat' dir='ltr'>relinqueretur</span> <span class='ocrx_word' id='word_1_93' title='bbox 877 1538 947 1583; x_wconf 90' lang='lat' dir='ltr'>esse</span> <span class='ocrx_word' id='word_1_94' title='bbox 967 1513 1158 1596; x_wconf 86' lang='lat' dir='ltr'>diseedere;</span> <span class='ocrx_word' id='word_1_95' title='bbox 1175 1517 1380 1606; x_wconf 91' lang='lat' dir='ltr'>plerumque</span> <span class='ocrx_word' id='word_1_96' title='bbox 1398 1517 1461 1585; x_wconf 93' lang='lat' dir='ltr'>hos</span> <span class='ocrx_word' id='word_1_97' title='bbox 1481 1516 1681 1606; x_wconf 75' lang='lat' dir='ltr'>graviorum</span> 
     </span>
     <span class='ocr_line' id='line_1_11' title="bbox 358 1620 1681 1712; baseline -0.003 -17"><span class='ocrx_word' id='word_1_98' title='bbox 358 1648 523 1694; x_wconf 78' lang='lat' dir='ltr'>noxarum</span> <span class='ocrx_word' id='word_1_99' title='bbox 536 1625 602 1693; x_wconf 89' lang='lat' dir='ltr'>sihi</span> <span class='ocrx_word' id='word_1_100' title='bbox 621 1623 774 1691; x_wconf 89' lang='lat' dir='ltr'>conscios</span> <span class='ocrx_word' id='word_1_101' title='bbox 788 1620 921 1711; x_wconf 83' lang='lat' dir='ltr'>priores</span> <span class='ocrx_word' id='word_1_102' title='bbox 934 1620 1110 1690; x_wconf 84' lang='lat' dir='ltr'>recessisse</span> <span class='ocrx_word' id='word_1_103' title='bbox 1129 1622 1262 1690; x_wconf 85' lang='lat' dir='ltr'>addunt</span> <span class='ocrx_word' id='word_1_104' title='bbox 1277 1622 1334 1712; x_wconf 84' lang='lat' dir='ltr'>(ei.</span> <span class='ocrx_word' id='word_1_105' title='bbox 1361 1622 1432 1689; x_wconf 85' lang='lat' dir='ltr'>Tol.</span> <span class='ocrx_word' id='word_1_106' title='bbox 1456 1624 1548 1691; x_wconf 84' lang='lat' dir='ltr'>lans.</span> <span class='ocrx_word' id='word_1_107' title='bbox 1571 1622 1681 1698; x_wconf 71' lang='lat' dir='ltr'>Medd.</span> 
     </span>
     <span class='ocr_line' id='line_1_12' title="bbox 362 1728 1685 1822; baseline -0.004 -20"><span class='ocrx_word' id='word_1_108' title='bbox 362 1733 488 1822; x_wconf 73' lang='lat' dir='ltr'>Corl.);</span> <span class='ocrx_word' id='word_1_109' title='bbox 514 1731 644 1799; x_wconf 91' lang='lat' dir='ltr'>abeunt</span> <span class='ocrx_word' id='word_1_110' title='bbox 661 1749 748 1794; x_wconf 84' lang='lat' dir='ltr'>unus</span> <span class='ocrx_word' id='word_1_111' title='bbox 766 1739 844 1817; x_wconf 81' lang='lat' dir='ltr'>post</span> <span class='ocrx_word' id='word_1_112' title='bbox 864 1749 987 1813; x_wconf 83' lang='lat' dir='ltr'>anum,</span> <span class='ocrx_word' id='word_1_113' title='bbox 1008 1755 1025 1790; x_wconf 92' lang='lat'>«</span> <span class='ocrx_word' id='word_1_114' title='bbox 1052 1749 1122 1795; x_wconf 91' lang='lat' dir='ltr'>non</span> <span class='ocrx_word' id='word_1_115' title='bbox 1139 1729 1245 1796; x_wconf 88' lang='lat' dir='ltr'>simul</span> <span class='ocrx_word' id='word_1_116' title='bbox 1265 1750 1309 1795; x_wconf 89' lang='lat' dir='ltr'>ne</span> <span class='ocrx_word' id='word_1_117' title='bbox 1328 1728 1409 1796; x_wconf 85' lang='lat' dir='ltr'>victi</span> <span class='ocrx_word' id='word_1_118' title='bbox 1426 1734 1532 1819; x_wconf 89' lang='lat' dir='ltr'>atque</span> <span class='ocrx_word' id='word_1_119' title='bbox 1551 1728 1685 1797; x_wconf 83' lang='lat' dir='ltr'>confusi</span> 
     </span>
    </p>
   </div>
   <div class='ocr_carea' id='block_1_3' title="bbox 359 1833 1683 2031">
    <p class='ocr_par' dir='ltr' id='par_1_3' title="bbox 359 1833 1683 2031">
     <span class='ocr_line' id='line_1_13' title="bbox 359 1833 1683 1928; baseline -0.001 -23"><span class='ocrx_word' id='word_1_120' title='bbox 359 1840 481 1926; x_wconf 81' lang='lat' dir='ltr'>fugere</span> <span class='ocrx_word' id='word_1_121' title='bbox 497 1837 690 1918; x_wconf 88' lang='lat' dir='ltr'>videantur,</span> <span class='ocrx_word' id='word_1_122' title='bbox 713 1833 773 1902; x_wconf 91' lang='lat' dir='ltr'>sed</span> <span class='ocrx_word' id='word_1_123' title='bbox 803 1833 930 1901; x_wconf 92' lang='lat' dir='ltr'>sensim</span> <span class='ocrx_word' id='word_1_124' title='bbox 944 1857 983 1902; x_wconf 90' lang='lat' dir='ltr'>ac</span> <span class='ocrx_word' id='word_1_125' title='bbox 1002 1833 1222 1921; x_wconf 83' lang='lat' dir='ltr'>singillatim,</span> <span class='ocrx_word' id='word_1_126' title='bbox 1240 1834 1340 1924; x_wconf 91' lang='lat' dir='ltr'>quasi</span> <span class='ocrx_word' id='word_1_127' title='bbox 1362 1857 1423 1903; x_wconf 89' lang='lat' dir='ltr'>suo</span> <span class='ocrx_word' id='word_1_128' title='bbox 1441 1836 1586 1928; x_wconf 90' lang='lat' dir='ltr'>quisque</span> <span class='ocrx_word' id='word_1_129' title='bbox 1600 1858 1683 1904; x_wconf 88' lang='lat' dir='ltr'>con-</span> 
     </span>
     <span class='ocr_line' id='line_1_14' title="bbox 359 1939 842 2031; baseline -0.012 -19"><span class='ocrx_word' id='word_1_130' title='bbox 359 1945 436 2012; x_wconf 89' lang='lat' dir='ltr'>silio</span> <span class='ocrx_word' id='word_1_131' title='bbox 451 1942 640 2011; x_wconf 86' lang='lat' dir='ltr'>discederet</span> <span class='ocrx_word' id='word_1_132' title='bbox 654 1969 670 2005; x_wconf 81' lang='lat' dir='ltr'>a</span> <span class='ocrx_word' id='word_1_133' title='bbox 689 1939 842 2031; x_wconf 66' lang='lat' dir='ltr'>(Malu).</span> 
     </span>
    </p>
   </div>
   <div class='ocr_carea' id='block_1_4' title="bbox 358 2097 1686 2675">
    <p class='ocr_par' dir='ltr' id='par_1_4' title="bbox 358 2097 1686 2675">
     <span class='ocr_line' id='line_1_15' title="bbox 396 2097 1682 2182; baseline -0.002 -14"><span class='ocrx_word' id='word_1_134' title='bbox 396 2107 557 2179; x_wconf 85' lang='lat' dir='ltr'>Quaerunt</span> <span class='ocrx_word' id='word_1_135' title='bbox 576 2102 654 2182; x_wconf 92' lang='lat' dir='ltr'>quid</span> <span class='ocrx_word' id='word_1_136' title='bbox 679 2102 822 2164; x_wconf 83' lang='lat' dir='ltr'>Christus</span> <span class='ocrx_word' id='word_1_137' title='bbox 842 2101 1015 2181; x_wconf 77' lang='lat' dir='ltr'>scripserit.</span> <span class='ocrx_word' id='word_1_138' title='bbox 1032 2101 1201 2164; x_wconf 84' lang='lat' dir='ltr'>variorum</span> <span class='ocrx_word' id='word_1_139' title='bbox 1222 2102 1397 2164; x_wconf 88' lang='lat' dir='ltr'>sententias</span> <span class='ocrx_word' id='word_1_140' title='bbox 1419 2097 1562 2166; x_wconf 84' lang='lat' dir='ltr'>ieierun&#39;t</span> <span class='ocrx_word' id='word_1_141' title='bbox 1582 2101 1682 2165; x_wconf 71' lang='lat' dir='ltr'>Mala.</span> 
     </span>
     <span class='ocr_line' id='line_1_16' title="bbox 359 2198 1684 2282; baseline -0.002 -16"><span class='ocrx_word' id='word_1_142' title='bbox 359 2204 432 2266; x_wconf 86' lang='lat' dir='ltr'>Bar.</span> <span class='ocrx_word' id='word_1_143' title='bbox 440 2223 453 2282; x_wconf 89' lang='lat'><em>;</em></span> <span class='ocrx_word' id='word_1_144' title='bbox 468 2201 565 2281; x_wconf 89' lang='lat' dir='ltr'>aliqui</span> <span class='ocrx_word' id='word_1_145' title='bbox 581 2204 697 2281; x_wconf 87' lang='lat' dir='ltr'>putant</span> <span class='ocrx_word' id='word_1_146' title='bbox 712 2216 789 2261; x_wconf 87' lang='lat' dir='ltr'>eum</span> <span class='ocrx_word' id='word_1_147' title='bbox 809 2198 921 2261; x_wconf 82' lang='lat' dir='ltr'>eadem</span> <span class='ocrx_word' id='word_1_148' title='bbox 937 2199 1100 2279; x_wconf 85' lang='lat' dir='ltr'>scripsisse</span> <span class='ocrx_word' id='word_1_149' title='bbox 1116 2217 1197 2278; x_wconf 90' lang='lat' dir='ltr'>quae</span> <span class='ocrx_word' id='word_1_150' title='bbox 1217 2199 1297 2261; x_wconf 81' lang='lat' dir='ltr'>dixit</span> <span class='ocrx_word' id='word_1_151' title='bbox 1311 2199 1380 2260; x_wconf 85' lang='lat' dir='ltr'>scil.</span> <span class='ocrx_word' id='word_1_152' title='bbox 1397 2200 1452 2279; x_wconf 90' lang='lat' dir='ltr'>qui</span> <span class='ocrx_word' id='word_1_153' title='bbox 1467 2200 1537 2263; x_wconf 89' lang='lat' dir='ltr'>sine</span> <span class='ocrx_word' id='word_1_154' title='bbox 1552 2205 1684 2281; x_wconf 90' lang='lat' dir='ltr'>peccato</span> 
     </span>
     <span class='ocr_line' id='line_1_17' title="bbox 358 2295 1683 2379; baseline -0.003 -13"><span class='ocrx_word' id='word_1_155' title='bbox 358 2308 408 2366; x_wconf 90' lang='lat' dir='ltr'>est</span> <span class='ocrx_word' id='word_1_156' title='bbox 428 2307 488 2364; x_wconf 88' lang='lat' dir='ltr'>etc.</span> <span class='ocrx_word' id='word_1_157' title='bbox 509 2298 625 2379; x_wconf 80' lang='lat' dir='ltr'>(Tium.</span> <span class='ocrx_word' id='word_1_158' title='bbox 642 2298 723 2359; x_wconf 82' lang='lat' dir='ltr'>Bou.</span> <span class='ocrx_word' id='word_1_159' title='bbox 740 2295 846 2377; x_wconf 85' lang='lat' dir='ltr'>Bor.);</span> <span class='ocrx_word' id='word_1_160' title='bbox 869 2297 923 2358; x_wconf 92' lang='lat' dir='ltr'>alii</span> <span class='ocrx_word' id='word_1_161' title='bbox 945 2298 1041 2359; x_wconf 87' lang='lat' dir='ltr'>verba</span> <span class='ocrx_word' id='word_1_162' title='bbox 1062 2299 1120 2358; x_wconf 92' lang='lat' dir='ltr'>ler.</span> <span class='ocrx_word' id='word_1_163' title='bbox 1144 2299 1246 2374; x_wconf 66' lang='lat' dir='ltr'>mut,</span> <span class='ocrx_word' id='word_1_164' title='bbox 1267 2298 1318 2359; x_wconf 84' lang='lat' dir='ltr'>vel</span> <span class='ocrx_word' id='word_1_165' title='bbox 1340 2315 1376 2360; x_wconf 87' lang='lat' dir='ltr'>ea</span> <span class='ocrx_word' id='word_1_166' title='bbox 1397 2299 1493 2360; x_wconf 87' lang='lat' dir='ltr'>verba</span> <span class='ocrx_word' id='word_1_167' title='bbox 1516 2302 1683 2378; x_wconf 83' lang='lat' dir='ltr'>tamquam</span> 
     </span>
     <span class='ocr_line' id='line_1_18' title="bbox 358 2394 1685 2476; baseline -0.004 -12"><span class='ocrx_word' id='word_1_168' title='bbox 358 2417 488 2464; x_wconf 89' lang='lat' dir='ltr'>causam</span> <span class='ocrx_word' id='word_1_169' title='bbox 508 2398 726 2468; x_wconf 83' lang='lat' dir='ltr'>considerant,</span> <span class='ocrx_word' id='word_1_170' title='bbox 744 2412 800 2457; x_wconf 92' lang='lat' dir='ltr'>cur</span> <span class='ocrx_word' id='word_1_171' title='bbox 821 2394 986 2476; x_wconf 89' lang='lat' dir='ltr'>scripserit</span> <span class='ocrx_word' id='word_1_172' title='bbox 1004 2394 1096 2476; x_wconf 78' lang='lat' dir='ltr'>(Auq.</span> <span class='ocrx_word' id='word_1_173' title='bbox 1117 2394 1197 2456; x_wconf 81' lang='lat' dir='ltr'>Bon.</span> <span class='ocrx_word' id='word_1_174' title='bbox 1223 2394 1302 2475; x_wconf 72' lang='lat' dir='ltr'>lul.)</span> <span class='ocrx_word' id='word_1_175' title='bbox 1323 2414 1331 2457; x_wconf 76' lang='grc' dir='ltr'><em>τ</em></span> <span class='ocrx_word' id='word_1_176' title='bbox 1352 2396 1537 2459; x_wconf 85' lang='lat' dir='ltr'>recedentes</span> <span class='ocrx_word' id='word_1_177' title='bbox 1559 2404 1630 2460; x_wconf 89' lang='lat' dir='ltr'>ate</span> <span class='ocrx_word' id='word_1_178' title='bbox 1650 2397 1685 2459; x_wconf 89' lang='lat' dir='ltr'>in</span> 
     </span>
     <span class='ocr_line' id='line_1_19' title="bbox 358 2493 1683 2573; baseline -0.003 -11"><span class='ocrx_word' id='word_1_179' title='bbox 358 2505 443 2562; x_wconf 88' lang='lat' dir='ltr'>terra</span> <span class='ocrx_word' id='word_1_180' title='bbox 457 2498 647 2568; x_wconf 87' lang='lat' dir='ltr'>scribentur,</span> <span class='ocrx_word' id='word_1_181' title='bbox 665 2493 740 2573; x_wconf 87' lang='lat' dir='ltr'>quia</span> <span class='ocrx_word' id='word_1_182' title='bbox 754 2493 997 2571; x_wconf 87' lang='lat' dir='ltr'>dereliquerunt</span> <span class='ocrx_word' id='word_1_183' title='bbox 1007 2510 1121 2555; x_wconf 82' lang='lat' dir='ltr'>venam</span> <span class='ocrx_word' id='word_1_184' title='bbox 1136 2511 1292 2572; x_wconf 89' lang='lat' dir='ltr'>aquarum</span> <span class='ocrx_word' id='word_1_185' title='bbox 1306 2494 1482 2558; x_wconf 89' lang='lat' dir='ltr'>viventium</span> <span class='ocrx_word' id='word_1_186' title='bbox 1496 2496 1683 2571; x_wconf 86' lang='lat' dir='ltr'>Dominum,</span> 
     </span>
     <span class='ocr_line' id='line_1_20' title="bbox 358 2590 1686 2675; baseline -0.002 -17"><span class='ocrx_word' id='word_1_187' title='bbox 358 2615 421 2675; x_wconf 89' lang='lat' dir='ltr'>qua</span> <span class='ocrx_word' id='word_1_188' title='bbox 438 2596 563 2657; x_wconf 89' lang='lat' dir='ltr'>actione</span> <span class='ocrx_word' id='word_1_189' title='bbox 582 2593 677 2654; x_wconf 91' lang='lat' dir='ltr'>simul</span> <span class='ocrx_word' id='word_1_190' title='bbox 696 2591 839 2654; x_wconf 88' lang='lat' dir='ltr'>Christus</span> <span class='ocrx_word' id='word_1_191' title='bbox 859 2590 1072 2670; x_wconf 90' lang='lat' dir='ltr'>perditionem</span> <span class='ocrx_word' id='word_1_192' title='bbox 1092 2608 1201 2653; x_wconf 91' lang='lat' dir='ltr'>eorum</span> <span class='ocrx_word' id='word_1_193' title='bbox 1217 2596 1250 2654; x_wconf 89' lang='lat' dir='ltr'>et</span> <span class='ocrx_word' id='word_1_194' title='bbox 1270 2592 1439 2654; x_wconf 89' lang='lat' dir='ltr'>interitum</span> <span class='ocrx_word' id='word_1_195' title='bbox 1459 2593 1686 2674; x_wconf 79' lang='lat' dir='ltr'>significaverit</span> 
     </span>
    </p>
   </div>
   <div class='ocr_carea' id='block_1_5' title="bbox 200 2688 1683 2774">
    <p class='ocr_par' dir='ltr' id='par_1_5' title="bbox 200 2688 1683 2774">
     <span class='ocr_line' id='line_1_21' title="bbox 200 2688 1683 2774; baseline -0.001 -20"><span class='ocrx_word' id='word_1_196' title='bbox 200 2702 203 2707; x_wconf 83' lang='lat'>&#39;</span> <span class='ocrx_word' id='word_1_197' title='bbox 257 2736 260 2741; x_wconf 78' lang='lat'><em>-</em></span> <span class='ocrx_word' id='word_1_198' title='bbox 360 2695 409 2774; x_wconf 76' lang='lat' dir='ltr'>(ci.</span> <span class='ocrx_word' id='word_1_199' title='bbox 425 2693 453 2754; x_wconf 92' lang='grc' dir='ltr'>Ι.</span> <span class='ocrx_word' id='word_1_200' title='bbox 473 2691 611 2770; x_wconf 62' lang='lat' dir='ltr'>Gutum).</span> <span class='ocrx_word' id='word_1_201' title='bbox 626 2690 687 2750; x_wconf 80' lang='lat' dir='ltr'>Alii</span> <span class='ocrx_word' id='word_1_202' title='bbox 709 2707 747 2750; x_wconf 89' lang='lat' dir='ltr'>ea</span> <span class='ocrx_word' id='word_1_203' title='bbox 770 2688 943 2767; x_wconf 84' lang='lat' dir='ltr'>scriptione</span> <span class='ocrx_word' id='word_1_204' title='bbox 962 2689 1121 2751; x_wconf 80' lang='lat' dir='ltr'>Christum</span> <span class='ocrx_word' id='word_1_205' title='bbox 1142 2689 1283 2751; x_wconf 86' lang='lat' dir='ltr'>indicare</span> <span class='ocrx_word' id='word_1_206' title='bbox 1299 2691 1438 2752; x_wconf 91' lang='lat' dir='ltr'>voluisse</span> <span class='ocrx_word' id='word_1_207' title='bbox 1458 2691 1631 2771; x_wconf 89' lang='lat' dir='ltr'>opinantur</span> <span class='ocrx_word' id='word_1_208' title='bbox 1644 2693 1683 2753; x_wconf 92' lang='lat' dir='ltr'>ab</span> 
     </span>
    </p>
   </div>
   <div class='ocr_carea' id='block_1_6' title="bbox 358 2784 1687 3243">
    <p class='ocr_par' dir='ltr' id='par_1_6' title="bbox 358 2784 1686 3166">
     <span class='ocr_line' id='line_1_22' title="bbox 359 2784 1684 2873; baseline -0.002 -19"><span class='ocrx_word' id='word_1_209' title='bbox 359 2795 430 2873; x_wconf 88' lang='lat' dir='ltr'>ipso</span> <span class='ocrx_word' id='word_1_210' title='bbox 445 2806 514 2852; x_wconf 88' lang='lat' dir='ltr'>esse</span> <span class='ocrx_word' id='word_1_211' title='bbox 526 2790 632 2869; x_wconf 80' lang='lat' dir='ltr'>legem</span> <span class='ocrx_word' id='word_1_212' title='bbox 647 2787 799 2867; x_wconf 83' lang='lat' dir='ltr'>scriptam</span> <span class='ocrx_word' id='word_1_213' title='bbox 814 2785 865 2865; x_wconf 84' lang='lat' dir='ltr'>(cs.</span> <span class='ocrx_word' id='word_1_214' title='bbox 882 2785 966 2868; x_wconf 81' lang='lat' dir='ltr'>Rup.</span> <span class='ocrx_word' id='word_1_215' title='bbox 979 2785 1062 2847; x_wconf 83' lang='lat' dir='ltr'>Bon.</span> <span class='ocrx_word' id='word_1_216' title='bbox 1075 2784 1167 2867; x_wconf 78' lang='lat' dir='ltr'>Cei).</span> <span class='ocrx_word' id='word_1_217' title='bbox 1183 2787 1295 2849; x_wconf 89' lang='lat' dir='ltr'>llerito</span> <span class='ocrx_word' id='word_1_218' title='bbox 1310 2793 1417 2850; x_wconf 85' lang='lat' dir='ltr'>autem</span> <span class='ocrx_word' id='word_1_219' title='bbox 1431 2789 1543 2862; x_wconf 76' lang='lat' dir='ltr'>scribit</span> <span class='ocrx_word' id='word_1_220' title='bbox 1555 2787 1655 2851; x_wconf 78' lang='lat' dir='ltr'>nate.</span> <span class='ocrx_word' id='word_1_221' title='bbox 1674 2809 1684 2851; x_wconf 91' lang='lat'><em>:</em></span> 
     </span>
     <span class='ocr_line' id='line_1_23' title="bbox 360 2883 1682 2968; baseline 0.002 -22"><span class='ocrx_word' id='word_1_222' title='bbox 360 2913 376 2946; x_wconf 79' lang='lat' dir='ltr'>o</span> <span class='ocrx_word' id='word_1_223' title='bbox 399 2889 478 2951; x_wconf 92' lang='lat' dir='ltr'>mihi</span> <span class='ocrx_word' id='word_1_224' title='bbox 493 2886 583 2949; x_wconf 83' lang='lat' dir='ltr'>valde</span> <span class='ocrx_word' id='word_1_225' title='bbox 605 2884 709 2965; x_wconf 88' lang='lat' dir='ltr'>placet</span> <span class='ocrx_word' id='word_1_226' title='bbox 723 2884 810 2962; x_wconf 90' lang='lat' dir='ltr'>quod</span> <span class='ocrx_word' id='word_1_227' title='bbox 829 2883 960 2961; x_wconf 92' lang='lat' dir='ltr'>quidam</span> <span class='ocrx_word' id='word_1_228' title='bbox 979 2884 1089 2945; x_wconf 89' lang='lat' dir='ltr'>dicunt</span> <span class='ocrx_word' id='word_1_229' title='bbox 1105 2884 1185 2944; x_wconf 88' lang='lat' dir='ltr'>nihil</span> <span class='ocrx_word' id='word_1_230' title='bbox 1200 2884 1366 2964; x_wconf 88' lang='lat' dir='ltr'>scripsisse</span> <span class='ocrx_word' id='word_1_231' title='bbox 1385 2886 1472 2964; x_wconf 90' lang='lat' dir='ltr'>quod</span> <span class='ocrx_word' id='word_1_232' title='bbox 1484 2884 1558 2966; x_wconf 76' lang='lat' dir='ltr'>&#39;legi</span> <span class='ocrx_word' id='word_1_233' title='bbox 1570 2888 1682 2968; x_wconf 88' lang='lat' dir='ltr'>possit,</span> 
     </span>
     <span class='ocr_line' id='line_1_24' title="bbox 358 2970 1685 3064; baseline -0.002 -14"><span class='ocrx_word' id='word_1_234' title='bbox 358 2989 462 3051; x_wconf 89' lang='lat' dir='ltr'>nullos</span> <span class='ocrx_word' id='word_1_235' title='bbox 473 2987 560 3048; x_wconf 90' lang='lat' dir='ltr'>enim</span> <span class='ocrx_word' id='word_1_236' title='bbox 572 2988 675 3045; x_wconf 88' lang='lat' dir='ltr'>certos</span> <span class='ocrx_word' id='word_1_237' title='bbox 691 2982 846 3043; x_wconf 83' lang='lat' dir='ltr'>formasse</span> <span class='ocrx_word' id='word_1_238' title='bbox 859 2981 1074 3052; x_wconf 86' lang='lat' dir='ltr'>characteres,</span> <span class='ocrx_word' id='word_1_239' title='bbox 1087 2981 1143 3043; x_wconf 91' lang='lat' dir='ltr'>sed</span> <span class='ocrx_word' id='word_1_240' title='bbox 1156 2982 1294 3044; x_wconf 86' lang='lat' dir='ltr'>incertas</span> <span class='ocrx_word' id='word_1_241' title='bbox 1310 2982 1452 3061; x_wconf 90' lang='lat' dir='ltr'>nihilque</span> <span class='ocrx_word' id='word_1_242' title='bbox 1468 2970 1685 3064; x_wconf 79' lang='lat' dir='ltr'>significantes</span> 
     </span>
     <span class='ocr_line' id='line_1_25' title="bbox 359 3079 1687 3243; baseline -0.002 -95"><span class='ocrx_word' id='word_1_243' title='bbox 359 3088 474 3166; x_wconf 78' lang='lat' dir='ltr'>figuras</span> <span class='ocrx_word' id='word_1_244' title='bbox 489 3083 684 3153; x_wconf 88' lang='lat' dir='ltr'>delineasse,</span> <span class='ocrx_word' id='word_1_245' title='bbox 701 3081 810 3158; x_wconf 85' lang='lat' dir='ltr'>quales</span> <span class='ocrx_word' id='word_1_246' title='bbox 830 3079 975 3189; x_wconf 85' lang='lat' dir='ltr'>homines</span> <span class='ocrx_word' id='word_1_247' title='bbox 991 3079 1212 3189; x_wconf 27' lang='lat' dir='ltr'>meditabuundi</span> <span class='ocrx_word' id='word_1_248' title='bbox 1232 3081 1336 3141; x_wconf 83' lang='lat' dir='ltr'>tacere</span> <span class='ocrx_word' id='word_1_249' title='bbox 1356 3081 1478 3157; x_wconf 88' lang='lat' dir='ltr'>solent;</span> <span class='ocrx_word' id='word_1_250' title='bbox 1496 3079 1578 3145; x_wconf 89' lang='lat' dir='ltr'>adde</span> <span class='ocrx_word' id='word_1_251' title='bbox 1597 3083 1687 3243; x_wconf 90' lang='lat' dir='ltr'>quod</span> 
     </span>
    </p>
   </div>
   <div class='ocr_carea' id='block_1_7' title="bbox 358 3275 1188 3356">
    <p class='ocr_par' dir='ltr' id='par_1_7' title="bbox 358 3275 1188 3356">
     <span class='ocr_line' id='line_1_26' title="bbox 358 3275 1188 3356; baseline -0.017 -13"><span class='ocrx_word' id='word_1_252' title='bbox 358 3281 419 3343; x_wconf 93' lang='lat' dir='ltr'>brii</span> <span class='ocrx_word' id='word_1_253' title='bbox 433 3279 504 3341; x_wconf 89' lang='lat' dir='ltr'>est</span> <span class='ocrx_word' id='word_1_254' title='bbox 496 3277 617 3356; x_wconf 75' lang='lat' dir='ltr'>ingenii</span> <span class='ocrx_word' id='word_1_255' title='bbox 608 3276 689 3336; x_wconf 91' lang='lat' dir='ltr'>hac</span> <span class='ocrx_word' id='word_1_256' title='bbox 701 3275 858 3335; x_wconf 88' lang='lat' dir='ltr'>sententia</span> <span class='ocrx_word' id='word_1_257' title='bbox 873 3291 941 3334; x_wconf 87' lang='lat' dir='ltr'>esse</span> <span class='ocrx_word' id='word_1_258' title='bbox 955 3278 1143 3335; x_wconf 90' lang='lat' dir='ltr'>contentum</span> <span class='ocrx_word' id='word_1_259' title='bbox 1159 3298 1188 3333; x_wconf 87' lang='lat'>»</span> 
     </span>
    </p>
   </div>
   <div class='ocr_carea' id='block_1_8' title="bbox 358 3442 1688 5041">
    <p class='ocr_par' dir='ltr' id='par_1_8' title="bbox 358 3442 1688 5041">
     <span class='ocr_line' id='line_1_27' title="bbox 404 3442 1685 3535; baseline 0.001 -20"><span class='ocrx_word' id='word_1_260' title='bbox 404 3448 472 3516; x_wconf 88' lang='lat' dir='ltr'>lllis</span> <span class='ocrx_word' id='word_1_261' title='bbox 485 3448 601 3535; x_wconf 88' lang='lat' dir='ltr'>itaque</span> <span class='ocrx_word' id='word_1_262' title='bbox 614 3442 821 3511; x_wconf 89' lang='lat' dir='ltr'>abeuntibus</span> <span class='ocrx_word' id='word_1_263' title='bbox 834 3442 999 3508; x_wconf 83' lang='lat' dir='ltr'>remansit</span> <span class='ocrx_word' id='word_1_264' title='bbox 1011 3442 1101 3509; x_wconf 82' lang='lat' dir='ltr'>solus</span> <span class='ocrx_word' id='word_1_265' title='bbox 1115 3444 1208 3510; x_wconf 83' lang='lat' dir='ltr'>Iesus</span> <span class='ocrx_word' id='word_1_266' title='bbox 1221 3443 1387 3512; x_wconf 66' lang='lat' dir='ltr'>cemelici·</span> <span class='ocrx_word' id='word_1_267' title='bbox 1396 3445 1434 3512; x_wconf 84' lang='lat' dir='ltr'>in</span> <span class='ocrx_word' id='word_1_268' title='bbox 1441 3444 1554 3514; x_wconf 85' lang='lat' dir='ltr'>medio</span> <span class='ocrx_word' id='word_1_269' title='bbox 1570 3461 1685 3529; x_wconf 59' lang='lat' dir='ltr'>stom</span> 
     </span>
     <span class='ocr_line' id='line_1_28' title="bbox 361 3547 1687 3647; baseline 0.004 -28"><span class='ocrx_word' id='word_1_270' title='bbox 361 3554 504 3623; x_wconf 87' lang='lat' dir='ltr'>«relicti</span> <span class='ocrx_word' id='word_1_271' title='bbox 528 3557 607 3618; x_wconf 90' lang='lat' dir='ltr'>sunt</span> <span class='ocrx_word' id='word_1_272' title='bbox 628 3551 697 3617; x_wconf 92' lang='lat' dir='ltr'>duo</span> <span class='ocrx_word' id='word_1_273' title='bbox 726 3570 735 3617; x_wconf 79' lang='lat' dir='ltr'>t</span> <span class='ocrx_word' id='word_1_274' title='bbox 758 3547 885 3615; x_wconf 90' lang='lat' dir='ltr'>misera</span> <span class='ocrx_word' id='word_1_275' title='bbox 912 3554 946 3615; x_wconf 93' lang='lat' dir='ltr'>et</span> <span class='ocrx_word' id='word_1_276' title='bbox 969 3548 1237 3617; x_wconf 88' lang='lat' dir='ltr'>misericordia»</span> <span class='ocrx_word' id='word_1_277' title='bbox 1258 3549 1398 3641; x_wconf 75' lang='lat' dir='ltr'>(Auq.);</span> <span class='ocrx_word' id='word_1_278' title='bbox 1418 3551 1510 3620; x_wconf 83' lang='lat' dir='ltr'>solus</span> <span class='ocrx_word' id='word_1_279' title='bbox 1528 3575 1600 3622; x_wconf 92' lang='lat' dir='ltr'>non</span> <span class='ocrx_word' id='word_1_280' title='bbox 1623 3579 1687 3647; x_wconf 89' lang='lat' dir='ltr'>per</span> 
     </span>
     <span class='ocr_line' id='line_1_29' title="bbox 359 3654 1688 3752; baseline -0.002 -19"><span class='ocrx_word' id='word_1_281' title='bbox 359 3661 588 3733; x_wconf 78' lang='lat' dir='ltr'>exclusionem</span> <span class='ocrx_word' id='word_1_282' title='bbox 603 3654 875 3746; x_wconf 87' lang='lat' dir='ltr'>discipulorum,</span> <span class='ocrx_word' id='word_1_283' title='bbox 890 3654 950 3722; x_wconf 90' lang='lat' dir='ltr'>sed</span> <span class='ocrx_word' id='word_1_284' title='bbox 962 3654 1167 3724; x_wconf 81' lang='lat' dir='ltr'>tentantium</span> <span class='ocrx_word' id='word_1_285' title='bbox 1183 3655 1308 3747; x_wconf 58' lang='lat' dir='ltr'>(scip</span> <span class='ocrx_word' id='word_1_286' title='bbox 1327 3657 1467 3750; x_wconf 86' lang='lat' dir='ltr'>insuper</span> <span class='ocrx_word' id='word_1_287' title='bbox 1478 3683 1590 3752; x_wconf 88' lang='lat' dir='ltr'>neque</span> <span class='ocrx_word' id='word_1_288' title='bbox 1608 3684 1688 3731; x_wconf 87' lang='lat' dir='ltr'>con·</span> 
     </span>
     <span class='ocr_line' id='line_1_30' title="bbox 359 3760 1688 3858; baseline -0.002 -18"><span class='ocrx_word' id='word_1_289' title='bbox 359 3773 412 3840; x_wconf 91' lang='lat' dir='ltr'>cio</span> <span class='ocrx_word' id='word_1_290' title='bbox 432 3790 520 3858; x_wconf 86' lang='lat' dir='ltr'>quac</span> <span class='ocrx_word' id='word_1_291' title='bbox 534 3766 696 3853; x_wconf 84' lang='lat' dir='ltr'>frequens</span> <span class='ocrx_word' id='word_1_292' title='bbox 713 3761 835 3829; x_wconf 87' lang='lat' dir='ltr'>aderat</span> <span class='ocrx_word' id='word_1_293' title='bbox 846 3767 880 3829; x_wconf 90' lang='lat' dir='ltr'>et</span> <span class='ocrx_word' id='word_1_294' title='bbox 895 3760 939 3829; x_wconf 90' lang='lat' dir='ltr'>ad</span> <span class='ocrx_word' id='word_1_295' title='bbox 951 3783 1056 3851; x_wconf 92' lang='lat' dir='ltr'>quam</span> <span class='ocrx_word' id='word_1_296' title='bbox 1069 3762 1244 3852; x_wconf 90' lang='lat' dir='ltr'>responsio</span> <span class='ocrx_word' id='word_1_297' title='bbox 1257 3763 1383 3832; x_wconf 88' lang='lat' dir='ltr'>Christi</span> <span class='ocrx_word' id='word_1_298' title='bbox 1392 3786 1463 3833; x_wconf 91' lang='lat' dir='ltr'>non</span> <span class='ocrx_word' id='word_1_299' title='bbox 1474 3767 1688 3857; x_wconf 88' lang='lat' dir='ltr'>pertinebat,</span> 
     </span>
     <span class='ocr_line' id='line_1_31' title="bbox 358 3868 1684 3965; baseline -0.003 -18"><span class='ocrx_word' id='word_1_300' title='bbox 358 3877 419 3947; x_wconf 90' lang='lat' dir='ltr'>sed</span> <span class='ocrx_word' id='word_1_301' title='bbox 437 3872 501 3943; x_wconf 88' lang='lat' dir='ltr'>soli</span> <span class='ocrx_word' id='word_1_302' title='bbox 514 3870 647 3940; x_wconf 88' lang='lat' dir='ltr'>scribae</span> <span class='ocrx_word' id='word_1_303' title='bbox 663 3874 696 3937; x_wconf 85' lang='lat' dir='ltr'>ct</span> <span class='ocrx_word' id='word_1_304' title='bbox 710 3868 883 3958; x_wconf 89' lang='lat' dir='ltr'>pharisaei</span> <span class='ocrx_word' id='word_1_305' title='bbox 896 3868 1057 3935; x_wconf 89' lang='lat' dir='ltr'>dicuntur</span> <span class='ocrx_word' id='word_1_306' title='bbox 1069 3869 1157 3936; x_wconf 91' lang='lat' dir='ltr'>alius</span> <span class='ocrx_word' id='word_1_307' title='bbox 1175 3874 1251 3958; x_wconf 91' lang='lat' dir='ltr'>post</span> <span class='ocrx_word' id='word_1_308' title='bbox 1265 3868 1373 3938; x_wconf 91' lang='lat' dir='ltr'>alium</span> <span class='ocrx_word' id='word_1_309' title='bbox 1390 3873 1507 3942; x_wconf 80' lang='lat' dir='ltr'>exiisse</span> <span class='ocrx_word' id='word_1_310' title='bbox 1523 3872 1684 3965; x_wconf 84' lang='lat' dir='ltr'>(Meld.);</span> 
     </span>
     <span class='ocr_line' id='line_1_32' title="bbox 359 3972 1685 4070; baseline -0.002 -16"><span class='ocrx_word' id='word_1_311' title='bbox 359 4010 392 4054; x_wconf 89' lang='lat' dir='ltr'>v.</span> <span class='ocrx_word' id='word_1_312' title='bbox 413 3991 453 4051; x_wconf 90' lang='lat'>10</span> <span class='ocrx_word' id='word_1_313' title='bbox 469 3979 603 4069; x_wconf 70' lang='lat' dir='ltr'>eriperis</span> <span class='ocrx_word' id='word_1_314' title='bbox 617 3989 733 4042; x_wconf 77' lang='lat' dir='ltr'>aretem</span> <span class='ocrx_word' id='word_1_315' title='bbox 749 3996 783 4041; x_wconf 88' lang='lat' dir='ltr'>se</span> <span class='ocrx_word' id='word_1_316' title='bbox 803 3976 898 4041; x_wconf 81' lang='lat' dir='ltr'>Iesus</span> <span class='ocrx_word' id='word_1_317' title='bbox 916 3972 1008 4041; x_wconf 77' lang='lat' dir='ltr'>dicit</span> <span class='ocrx_word' id='word_1_318' title='bbox 1028 3975 1061 4042; x_wconf 88' lang='lat' dir='ltr'>ei</span> <span class='ocrx_word' id='word_1_319' title='bbox 1079 3996 1092 4040; x_wconf 89' lang='lat'>.·</span> <span class='ocrx_word' id='word_1_320' title='bbox 1111 3975 1236 4042; x_wconf 81' lang='lat' dir='ltr'>mulier</span> <span class='ocrx_word' id='word_1_321' title='bbox 1254 3976 1315 4043; x_wconf 82' lang='lat' dir='ltr'>ubi</span> <span class='ocrx_word' id='word_1_322' title='bbox 1327 3989 1406 4054; x_wconf 78' lang='lat' dir='ltr'>sunt</span> <span class='ocrx_word' id='word_1_323' title='bbox 1419 3979 1480 4070; x_wconf 84' lang='lat' dir='ltr'>qui</span> <span class='ocrx_word' id='word_1_324' title='bbox 1496 3993 1529 4048; x_wconf 85' lang='lat' dir='ltr'>te</span> <span class='ocrx_word' id='word_1_325' title='bbox 1545 4005 1685 4052; x_wconf 81' lang='lat' dir='ltr'>accusa-</span> 
     </span>
     <span class='ocr_line' id='line_1_33' title="bbox 361 4080 1687 4171; baseline -0.002 -10"><span class='ocrx_word' id='word_1_326' title='bbox 361 4093 467 4161; x_wconf 84' lang='lat' dir='ltr'>bant?</span> <span class='ocrx_word' id='word_1_327' title='bbox 482 4080 580 4154; x_wconf 73' lang='lat' dir='ltr'>nenio</span> <span class='ocrx_word' id='word_1_328' title='bbox 604 4095 635 4150; x_wconf 85' lang='lat' dir='ltr'>te</span> <span class='ocrx_word' id='word_1_329' title='bbox 650 4081 915 4149; x_wconf 79' lang='lat' dir='ltr'>condemnavit?</span> <span class='ocrx_word' id='word_1_330' title='bbox 928 4103 961 4147; x_wconf 88' lang='lat' dir='ltr'>v.</span> <span class='ocrx_word' id='word_1_331' title='bbox 985 4087 1023 4147; x_wconf 88' lang='lat'>11</span> <span class='ocrx_word' id='word_1_332' title='bbox 1052 4104 1141 4171; x_wconf 85' lang='lat' dir='ltr'>quac</span> <span class='ocrx_word' id='word_1_333' title='bbox 1155 4082 1248 4150; x_wconf 71' lang='lat' dir='ltr'>discit</span> <span class='ocrx_word' id='word_1_334' title='bbox 1261 4105 1274 4149; x_wconf 92' lang='lat'>.·</span> <span class='ocrx_word' id='word_1_335' title='bbox 1289 4106 1399 4168; x_wconf 82' lang='lat' dir='ltr'>nemo,</span> <span class='ocrx_word' id='word_1_336' title='bbox 1416 4088 1573 4156; x_wconf 83' lang='lat' dir='ltr'>Domine.</span> <span class='ocrx_word' id='word_1_337' title='bbox 1589 4090 1687 4158; x_wconf 77' lang='lat' dir='ltr'>Dicit</span> 
     </span>
     <span class='ocr_line' id='line_1_34' title="bbox 359 4187 1683 4286; baseline -0.002 -18"><span class='ocrx_word' id='word_1_338' title='bbox 359 4213 473 4268; x_wconf 74' lang='lat' dir='ltr'>aretem</span> <span class='ocrx_word' id='word_1_339' title='bbox 488 4197 579 4262; x_wconf 80' lang='lat' dir='ltr'>lesus</span> <span class='ocrx_word' id='word_1_340' title='bbox 592 4212 604 4255; x_wconf 91' lang='lat'><em>:</em></span> <span class='ocrx_word' id='word_1_341' title='bbox 619 4211 680 4256; x_wconf 88' lang='lat' dir='ltr'>nec</span> <span class='ocrx_word' id='word_1_342' title='bbox 691 4211 753 4279; x_wconf 79' lang='lat' dir='ltr'>eqo</span> <span class='ocrx_word' id='word_1_343' title='bbox 769 4201 802 4256; x_wconf 86' lang='lat' dir='ltr'>te</span> <span class='ocrx_word' id='word_1_344' title='bbox 821 4187 1062 4271; x_wconf 84' lang='lat' dir='ltr'>condemnabo,</span> <span class='ocrx_word' id='word_1_345' title='bbox 1080 4189 1141 4277; x_wconf 93' lang='lat' dir='ltr'>qui</span> <span class='ocrx_word' id='word_1_346' title='bbox 1155 4189 1247 4257; x_wconf 92' lang='lat' dir='ltr'>solus</span> <span class='ocrx_word' id='word_1_347' title='bbox 1258 4191 1330 4260; x_wconf 90' lang='lat' dir='ltr'>scil.</span> <span class='ocrx_word' id='word_1_348' title='bbox 1348 4214 1423 4260; x_wconf 89' lang='lat' dir='ltr'>sum</span> <span class='ocrx_word' id='word_1_349' title='bbox 1435 4194 1508 4261; x_wconf 87' lang='lat' dir='ltr'>sine</span> <span class='ocrx_word' id='word_1_350' title='bbox 1523 4203 1683 4286; x_wconf 87' lang='lat' dir='ltr'>peecato;</span> 
     </span>
     <span class='ocr_line' id='line_1_35' title="bbox 362 4296 1687 4397; baseline 0.003 -27"><span class='ocrx_word' id='word_1_351' title='bbox 362 4337 377 4370; x_wconf 75' lang='lat' dir='ltr'>a</span> <span class='ocrx_word' id='word_1_352' title='bbox 400 4303 484 4397; x_wconf 91' lang='lat' dir='ltr'>quid</span> <span class='ocrx_word' id='word_1_353' title='bbox 500 4308 564 4380; x_wconf 85' lang='lat' dir='ltr'>est,</span> <span class='ocrx_word' id='word_1_354' title='bbox 589 4297 755 4364; x_wconf 82' lang='lat' dir='ltr'>Domine?</span> <span class='ocrx_word' id='word_1_355' title='bbox 768 4297 861 4363; x_wconf 85' lang='lat' dir='ltr'>faves</span> <span class='ocrx_word' id='word_1_356' title='bbox 875 4317 960 4383; x_wconf 85' lang='lat' dir='ltr'>ergo</span> <span class='ocrx_word' id='word_1_357' title='bbox 975 4296 1143 4386; x_wconf 86' lang='lat' dir='ltr'>peccatis?</span> <span class='ocrx_word' id='word_1_358' title='bbox 1158 4318 1227 4364; x_wconf 91' lang='lat' dir='ltr'>non</span> <span class='ocrx_word' id='word_1_359' title='bbox 1241 4299 1345 4388; x_wconf 90' lang='lat' dir='ltr'>plane</span> <span class='ocrx_word' id='word_1_360' title='bbox 1359 4300 1424 4382; x_wconf 90' lang='lat' dir='ltr'>ita;</span> <span class='ocrx_word' id='word_1_361' title='bbox 1442 4302 1582 4371; x_wconf 86' lang='lat' dir='ltr'>attende</span> <span class='ocrx_word' id='word_1_362' title='bbox 1592 4307 1687 4394; x_wconf 90' lang='lat' dir='ltr'>quod</span> 
     </span>
     <span class='ocr_line' id='line_1_36' title="bbox 359 4402 1686 4504; baseline -0.001 -22"><span class='ocrx_word' id='word_1_363' title='bbox 359 4413 539 4504; x_wconf 90' lang='lat' dir='ltr'>sequitur:</span> <span class='ocrx_word' id='word_1_364' title='bbox 557 4402 643 4472; x_wconf 85' lang='lat' dir='ltr'>eade</span> <span class='ocrx_word' id='word_1_365' title='bbox 660 4415 693 4470; x_wconf 85' lang='lat' dir='ltr'>et</span> <span class='ocrx_word' id='word_1_366' title='bbox 708 4403 779 4469; x_wconf 84' lang='lat' dir='ltr'>iam</span> <span class='ocrx_word' id='word_1_367' title='bbox 791 4402 941 4493; x_wconf 79' lang='lat' dir='ltr'>amplius</span> <span class='ocrx_word' id='word_1_368' title='bbox 953 4402 1027 4469; x_wconf 86' lang='lat' dir='ltr'>noli</span> <span class='ocrx_word' id='word_1_369' title='bbox 1034 4424 1201 4493; x_wconf 60' lang='lat' dir='ltr'>peccare,</span> <span class='ocrx_word' id='word_1_370' title='bbox 1214 4427 1300 4494; x_wconf 82' lang='lat' dir='ltr'>ergo</span> <span class='ocrx_word' id='word_1_371' title='bbox 1318 4410 1352 4472; x_wconf 91' lang='lat' dir='ltr'>et</span> <span class='ocrx_word' id='word_1_372' title='bbox 1362 4407 1524 4477; x_wconf 87' lang='lat' dir='ltr'>Domrnns</span> <span class='ocrx_word' id='word_1_373' title='bbox 1541 4410 1686 4482; x_wconf 90' lang='lat' dir='ltr'>damna·</span> 
     </span>
     <span class='ocr_line' id='line_1_37' title="bbox 360 4509 1685 4610; baseline 0 -24"><span class='ocrx_word' id='word_1_374' title='bbox 360 4520 425 4600; x_wconf 86' lang='lat' dir='ltr'>vit,</span> <span class='ocrx_word' id='word_1_375' title='bbox 439 4517 500 4585; x_wconf 89' lang='lat' dir='ltr'>sed</span> <span class='ocrx_word' id='word_1_376' title='bbox 514 4517 710 4606; x_wconf 80' lang='lat' dir='ltr'>peceatum,</span> <span class='ocrx_word' id='word_1_377' title='bbox 727 4531 798 4577; x_wconf 89' lang='lat' dir='ltr'>non</span> <span class='ocrx_word' id='word_1_378' title='bbox 821 4509 999 4577; x_wconf 90' lang='lat' dir='ltr'>hominem</span> <span class='ocrx_word' id='word_1_379' title='bbox 1020 4538 1035 4568; x_wconf 73' lang='lat' dir='ltr'>a</span> <span class='ocrx_word' id='word_1_380' title='bbox 1061 4510 1165 4601; x_wconf 79' lang='lat' dir='ltr'>(Aaq.</span> <span class='ocrx_word' id='word_1_381' title='bbox 1169 4513 1196 4597; x_wconf 90' lang='grc'>);</span> <span class='ocrx_word' id='word_1_382' title='bbox 1216 4513 1345 4580; x_wconf 88' lang='lat' dir='ltr'>idcireo</span> <span class='ocrx_word' id='word_1_383' title='bbox 1359 4512 1525 4584; x_wconf 89' lang='lat' dir='ltr'>iudicium</span> <span class='ocrx_word' id='word_1_384' title='bbox 1541 4540 1685 4610; x_wconf 91' lang='lat' dir='ltr'>suspen-</span> 
     </span>
     <span class='ocr_line' id='line_1_38' title="bbox 363 4617 1682 4714; baseline 0.002 -22"><span class='ocrx_word' id='word_1_385' title='bbox 363 4626 431 4706; x_wconf 92' lang='lat' dir='ltr'>dit,</span> <span class='ocrx_word' id='word_1_386' title='bbox 448 4631 486 4691; x_wconf 90' lang='lat' dir='ltr'>ut</span> <span class='ocrx_word' id='word_1_387' title='bbox 512 4627 610 4689; x_wconf 84' lang='lat' dir='ltr'>vecct</span> <span class='ocrx_word' id='word_1_388' title='bbox 629 4617 799 4710; x_wconf 85' lang='lat' dir='ltr'>peccatori</span> <span class='ocrx_word' id='word_1_389' title='bbox 822 4639 900 4682; x_wconf 89' lang='lat' dir='ltr'>cum</span> <span class='ocrx_word' id='word_1_390' title='bbox 926 4618 1037 4684; x_wconf 78' lang='lat' dir='ltr'>fructu</span> <span class='ocrx_word' id='word_1_391' title='bbox 1061 4621 1292 4706; x_wconf 87' lang='lat' dir='ltr'>poenitentiae</span> <span class='ocrx_word' id='word_1_392' title='bbox 1311 4620 1682 4714; x_wconf 82' lang='lat' dir='ltr'>recedereapeecatis3</span> 
     </span>
     <span class='ocr_line' id='line_1_39' title="bbox 362 4724 1686 4822; baseline 0.002 -22"><span class='ocrx_word' id='word_1_393' title='bbox 362 4732 448 4801; x_wconf 85' lang='lat' dir='ltr'>cade</span> <span class='ocrx_word' id='word_1_394' title='bbox 468 4727 721 4796; x_wconf 88' lang='lat' dir='ltr'>misericordiae</span> <span class='ocrx_word' id='word_1_395' title='bbox 746 4730 813 4802; x_wconf 88' lang='lat' dir='ltr'>est,</span> <span class='ocrx_word' id='word_1_396' title='bbox 839 4724 914 4791; x_wconf 84' lang='lat' dir='ltr'>ooli</span> <span class='ocrx_word' id='word_1_397' title='bbox 931 4746 1072 4815; x_wconf 83' lang='lat' dir='ltr'>peccare</span> <span class='ocrx_word' id='word_1_398' title='bbox 1093 4728 1246 4793; x_wconf 84' lang='lat' dir='ltr'>veritatis</span> <span class='ocrx_word' id='word_1_399' title='bbox 1269 4732 1303 4792; x_wconf 92' lang='lat' dir='ltr'>et</span> <span class='ocrx_word' id='word_1_400' title='bbox 1325 4727 1474 4798; x_wconf 90' lang='lat' dir='ltr'>iustitiae</span> <span class='ocrx_word' id='word_1_401' title='bbox 1490 4733 1627 4822; x_wconf 68' lang='lat' dir='ltr'>(nup),</span> <span class='ocrx_word' id='word_1_402' title='bbox 1649 4743 1686 4803; x_wconf 93' lang='lat' dir='ltr'>ut</span> 
     </span>
     <span class='ocr_line' id='line_1_40' title="bbox 360 4830 1686 4929; baseline 0.001 -20"><span class='ocrx_word' id='word_1_403' title='bbox 360 4844 408 4909; x_wconf 93' lang='lat' dir='ltr'>sic</span> <span class='ocrx_word' id='word_1_404' title='bbox 425 4842 591 4929; x_wconf 89' lang='lat' dir='ltr'>appareat</span> <span class='ocrx_word' id='word_1_405' title='bbox 605 4855 708 4925; x_wconf 92' lang='lat' dir='ltr'>quam</span> <span class='ocrx_word' id='word_1_406' title='bbox 729 4830 841 4900; x_wconf 92' lang='lat' dir='ltr'>dulcis</span> <span class='ocrx_word' id='word_1_407' title='bbox 864 4836 915 4898; x_wconf 91' lang='lat' dir='ltr'>est</span> <span class='ocrx_word' id='word_1_408' title='bbox 935 4832 1095 4900; x_wconf 83' lang='lat' dir='ltr'>Dominus</span> <span class='ocrx_word' id='word_1_409' title='bbox 1117 4855 1180 4924; x_wconf 90' lang='lat' dir='ltr'>per</span> <span class='ocrx_word' id='word_1_410' title='bbox 1199 4836 1498 4903; x_wconf 87' lang='lat' dir='ltr'>mansuetudinem</span> <span class='ocrx_word' id='word_1_411' title='bbox 1522 4844 1556 4905; x_wconf 87' lang='lat' dir='ltr'>et</span> <span class='ocrx_word' id='word_1_412' title='bbox 1574 4847 1686 4910; x_wconf 90' lang='lat' dir='ltr'>rectus</span> 
     </span>
     <span class='ocr_line' id='line_1_41' title="bbox 362 4938 1685 5041; baseline 0.003 -27"><span class='ocrx_word' id='word_1_413' title='bbox 362 4971 425 5041; x_wconf 86' lang='lat' dir='ltr'>per</span> <span class='ocrx_word' id='word_1_414' title='bbox 451 4942 630 5011; x_wconf 85' lang='lat' dir='ltr'>veritatem</span> <span class='ocrx_word' id='word_1_415' title='bbox 661 4939 822 5030; x_wconf 70' lang='lat' dir='ltr'>(Tim).</span> <span class='ocrx_word' id='word_1_416' title='bbox 853 4943 967 5030; x_wconf 90' lang='lat' dir='ltr'>Neque</span> <span class='ocrx_word' id='word_1_417' title='bbox 998 4938 1090 5006; x_wconf 87' lang='lat' dir='ltr'>enim</span> <span class='ocrx_word' id='word_1_418' title='bbox 1111 4941 1184 5031; x_wconf 90' lang='lat' dir='ltr'>ipse</span> <span class='ocrx_word' id='word_1_419' title='bbox 1212 4940 1363 5010; x_wconf 79' lang='lat' dir='ltr'>officium</span> <span class='ocrx_word' id='word_1_420' title='bbox 1391 4943 1514 5011; x_wconf 89' lang='lat' dir='ltr'>iudicis</span> <span class='ocrx_word' id='word_1_421' title='bbox 1552 4949 1685 5037; x_wconf 90' lang='lat' dir='ltr'>publici</span> 
     </span>
    </p>
   </div>
   <div class='ocr_carea' id='block_1_9' title="bbox 0 0 2066 5648">
    <p class='ocr_par' dir='ltr' id='par_1_9' title="bbox 0 0 2066 5648">
     <span class='ocr_line' id='line_1_42' title="bbox 0 0 2066 5648; baseline 0 0"><span class='ocrx_word' id='word_1_422' title='bbox 0 0 2066 5648; x_wconf 95' lang='lat' dir='ltr'> </span> 
     </span>
    </p>
   </div>
  </div>
 </body>
</html>
