4050 5648
364 668 458 736 venit
472 702 488 729 ‚.
508 672 634 761 {Cyan
655 663 858 737 ambulabat
874 670 920 737 ob
938 672 1090 758 trigustr
1104 677 1146 752 τῷ
1159 675 1247 754 ἱερῷ,
1268 687 1338 756 qna
1356 670 1588 759 appellatione
1600 668 1689 734 atria

365 781 401 841 et
413 780 565 868 porticus
577 770 826 857 significantur,
851 776 936 843 etin
952 798 1021 865 qua
1042 778 1139 865 parte
1156 790 1208 841 res
1228 784 1308 861 tepeo
1324 782 1477 844 moratus
1492 776 1537 843 sit
1550 774 1689 842 additur

364 882 400 949 in
418 883 555 974 porticu
577 878 782 962 Salomonis,
803 903 907 971 quam
927 883 1132 970 plerumque
1150 884 1275 968 putant
1296 901 1368 946 esse
1383 885 1556 970 porticum
1570 882 1689 950 orien-

363 990 486 1065 talem,
501 985 545 1050 de
566 1006 637 1073 qua
662 986 821 1077 Iosephus
838 987 956 1052 scribit
973 990 1073 1056 :erat
1090 987 1240 1074 porticus
1256 985 1430 1054 exterioris
1447 988 1586 1079 templi,
1607 1010 1690 1080 pro·

364 1093 491 1161 laudae
521 1091 604 1158 valli
630 1092 829 1173 imminens,
854 1093 999 1181 proinde
1034 1089 1182 1159 subnixa
1214 1093 1319 1161 muris
1347 1093 1685 1182 quadringentorum

361 1196 556 1267 cubitorum
565 1201 690 1267 etsaxis
704 1198 880 1290 quadratis
892 1205 1085 1267 constructa
1093 1198 1414 1279 valdecandidis...,
1430 1221 1519 1289 opus
1532 1201 1690 1269 Salomo-

360 1303 413 1371 nis
434 1305 527 1392 ncgis
550 1336 567 1367 »
594 1306 724 1396 (antiq.
748 1304 891 1393 20‚9‚7).
916 1306 998 1374 lude
1019 1327 1156 1396 quoque
1170 1306 1260 1374 ratio
1274 1303 1424 1374 nominis
1436 1305 1545 1395 petita
1558 1312 1611 1374 est
1624 1308 1684 1396 (cl.

359 1414 557 1502 rtet.3,11).
584 1413 650 1480 Alii
671 1419 789 1478 tamen
805 1411 938 1480 malunt
956 1411 1151 1498 intelligere
1173 1413 1306 1501 regiam
1326 1412 1498 1503 porb'cum
1514 1434 1605 1502 quae
1623 1415 1687 1479 tri·
1800 1442 1806 1449 ·

358 1517 438 1608 plex
454 1527 529 1588 erat
542 1527 577 1587 et
590 1518 809 1605 longitudine
824 1519 870 1585 ab
882 1518 1041 1587 orientali
1059 1519 1146 1587 valle
1157 1520 1202 1587 ad
1215 1519 1461 1588 occidentalem
1478 1541 1586 1610 usque
1603 1541 1684 1609 per·

357 1627 494 1694 tinebat
514 1627 569 1712 (cl.
588 1625 704 1713 antiq.
721 1626 891 1711 15,1t,5).

399 1840 511 1902 Solum
530 1839 595 1900 duo
608 1839 687 1900 anni
704 1843 850 1918 tempora
868 1840 903 1899 in
918 1857 945 1899 s.
965 1840 1083 1901 litteris
1101 1839 1345 1920 distinguuntur
1369 1855 1377 1898 :
1401 1843 1506 1900 aestas
1533 1846 1567 1901 et
1583 1839 1691 1901 bienm

357 1936 479 2015 (aestus
490 1941 523 1997 et
536 1935 647 2015 lrigns)
667 1941 743 2029 ‘1er
764 1952 824 2028 pap
842 1936 918 1997 Gen.
935 1939 1018 2008 832,
1034 1939 1086 1997 Ps.
1107 1939 1197 2010 ml
1214 1936 1280 2015 (ubi
1296 1936 1330 1997 in
1348 1936 1434 2017 vulg.
1448 1940 1556 2022 aestas
1577 1941 1611 1997 et
1634 1955 1692 2006 ver

358 2042 486 2121 legitur)
502 2044 541 2103 ls.
566 2045 653 2114 18,6;
676 2027 769 2104 Zach.
790 2046 878 2116 tl,8;
890 2045 1044 2105 sementis
1066 2044 1261 2106 adscribitur
1274 2044 1374 2104 hiemi
1390 2047 1425 2105 et
1443 2042 1557 2105 messis
1571 2045 1689 2111 aestati

359 2140 437 2201 Gen.
454 2142 539 2213 832.

399 2237 520 2299 Alesto
538 2239 818 2301 tabernaculomm
836 2256 940 2318 usque
957 2239 998 2300 ad
1011 2241 1165 2301 encaenia
1178 2241 1243 2302 duo
1262 2239 1422 2301 llnxerunt
1440 2256 1580 2301 menses.
1596 2239 1684 2300 Nihil

358 2336 399 2398 de
420 2354 458 2398 eo
473 2338 629 2415 temporis
643 2338 749 2416 spatio
761 2338 854 2399 nobis
867 2337 963 2399 relert
981 2338 1124 2398 loannes.
1138 2339 1258 2399 Verum
1275 2338 1355 2416 quid
1374 2339 1465 2399 lesus
1478 2355 1519 2399 eo
1536 2341 1685 2417 tempore

355 2436 473 2514 egerit,
489 2436 595 2514 colligi
610 2440 717 2513 potest
728 2453 767 2496 ex
781 2436 821 2495 iis
838 2453 921 2514 quae
938 2437 1012 2495 Luc.
1029 2437 1207 2507 lla-lm
1226 2441 1397 2498 narrantur
1412 2435 1494 2515 (vide
1515 2454 1599 2516 quae
1613 2436 1680 2498 dixi

359 2527 394 2594 in
407 2531 584 2596 comment
599 2536 673 2596 Luc.
685 2551 717 2613 p.
734 2535 784 2595 21.
794 2536 877 2595 atet
889 2532 930 2595 cl.
949 2530 1095 2615 Comely,
1108 2534 1226 2595 lutrod.
1244 2535 1286 2595 111
1299 2536 1320 2595 2
1332 2534 1384 2597 ed.
1398 2551 1431 2614 p.
1447 2533 1529 2615 293).
1547 2536 1591 2596 Eo
1607 2540 1689 2596 tem-

359 2649 436 2709 pore
448 2632 574 2693 ridetur
588 2631 731 2695 Christus
752 2633 786 2692 in
806 2631 921 2692 ludaea
940 2638 1081 2693 moratus
1092 2649 1162 2694 esse
1182 2638 1214 2693 et
1228 2630 1361 2694 tortasse
1381 2632 1481 2694 etiam
1501 2632 1536 2693 in
1550 2633 1686 2704 Peraea3

358 2746 434 2789 nam
448 2730 534 2808 quod
555 2730 647 2801 litto
660 2729 779 2791 dicitur
794 2748 802 2789 ε
824 2734 856 2790 et
872 2730 953 2790 abiit
965 2729 1078 2789 iterum
1091 2731 1123 2790 in
1137 2731 1288 2791 Peraeam
1303 2731 1326 2790 i.
1340 2747 1369 2790 e.
1391 2734 1481 2791 trans
1503 2729 1689 2798 lordanem,

359 2826 488 2888 videtur
496 2828 698 2889 commodius
711 2826 821 2888 reterri
834 2827 874 2888 ad
886 2829 1187 2900 commorationem,
1199 2845 1264 2888 non
1277 2827 1366 2888 illam
1376 2827 1480 2888 tribus
1493 2828 1586 2889 annis
1594 2831 1689 2888 autea

361 2924 492 2999 lacum,
506 2925 545 2986 de
558 2943 620 3003 qua
634 2927 717 2997 138,
734 2924 789 2985 sed
804 2924 843 2985 ad
858 2925 1043 3004 propiorem
1057 2924 1109 2998 (ct.
1126 2922 1211 2986 Corl.
1226 2925 1266 2986 ad
1281 2926 1399 3005 ¹030).

403 3121 515 3189 Etiam
533 3121 570 3188 in
588 3122 713 3188 animis
733 3121 937 3188 ludaeorum
958 3120 1169 3207 friguserat‚
1186 3123 1409 3211 nequeenim
1428 3121 1608 3188 veritatem
1627 3121 1691 3188 de-

359 3228 574 3311 siderabant,
589 3227 649 3295 sed
661 3227 868 3294 calumniam
883 3227 1137 3317 praeparabant
1151 3228 1257 3318 (Auq.
1275 3226 1374 3315 Brut.)
1392 3249 1426 3294 v.
1443 3233 1486 3294 tt
1500 3227 1690 3295 circumde-

361 3334 486 3402 derunt
504 3357 584 3425 erqo
601 3357 679 3400 eum
698 3333 832 3418 ludos,
857 3363 873 3394 a
898 3332 1006 3401 veluti
1024 3356 1064 3400 ex
1084 3334 1243 3401 condicto
1262 3336 1506 3402 convenientes
1523 3334 1688 3402 &versus

363 3464 443 3509 eum
466 3441 777 3509 circumcinxerunt
793 3461 890 3521 eum,
912 3462 957 3507 ue
975 3441 1049 3506 scil.
1071 3439 1164 3507 elabi
1181 3447 1214 3506 et
1231 3440 1383 3528 effugere
1396 3448 1526 3530 posset,
1540 3441 1579 3508 ni
1590 3441 1688 3532 prius

359 3569 480 3614 eorum
496 3547 666 3614 voluntati
683 3546 899 3613 satisfecisset
917 3576 933 3607 a
950 3547 1090 3636 (lans.);
1107 3554 1141 3613 et
1154 3547 1333 3614 commode
1355 3551 1442 3638 Rup.
1464 3546 1574 3614 Muld.
1600 3546 1689 3614 illud

351 3639 659 3720 commemorant:
675 3651 974 3719 circumdederunt
985 3653 1145 3720 mevituli
1158 3653 1269 3734 multi,
1287 3656 1377 3720 tauri
1387 3654 1536 3744 pingues
1545 3654 1690 3722 obsede-

362 3766 444 3826 runt
468 3782 521 3825 me
542 3760 607 3848 (Ps.
631 3760 748 3847 mit)
769 3771 802 3826 et
815 3757 973 3826 dicebant
989 3760 1048 3825 ei:
1063 3782 1237 3850 quousque
1251 3759 1408 3828 animuin
1422 3773 1576 3827 nostrum
1595 3760 1690 3827 tollis

363 3875 472 3954 αἴρεις
484 3866 624 3946 excitas,
635 3887 844 3947 commoves,
862 3868 964 3954 proin
986 3889 993 3934 :
1011 3867 1164 3933 animam
1178 3875 1331 3935 nostram
1349 3866 1533 3958 suspendis
1549 3867 1687 3955 (lane),

363 3996 428 4041 nos
451 3995 633 4062 suspensos
670 3973 882 4062 incertosque
908 3974 1074 4063 relinquis
1102 3973 1223 4061 (Tol.);
1250 3974 1343 4041 situ
1368 3996 1403 4040 es
1428 3974 1601 4055 Christro,
1631 3973 1688 4041 die

363 4080 460 4146 nobis
473 4078 617 4170 palam!
633 4090 800 4173 παρρησίᾳ,
817 4081 840 4146 i.
858 4103 888 4147 θ.
905 4092 1055 4167 φανερῶς,
1073 4084 1334 4167 &separabimus
1353 4080 1505 4169 (Ereti),
1521 4083 1595 4148 sine
1614 4103 1691 4147 am-

364 4186 529 4274 bagibus,
550 4192 684 4276 aperte,
707 4187 823 4254 libere.
844 4192 934 4254 lasus
955 4185 1094 4275 quidem
1113 4208 1148 4252 se
1166 4209 1238 4255 esse
1252 4187 1421 4255 Christum
1439 4188 1527 4255 dixit
1553 4188 1689 4255 mulieri

362 4295 614 4374 Samaritanae,
635 4297 674 4358 ut
694 4294 829 4360 llessias
852 4315 872 4360 a
895 4294 964 4360 suis
989 4315 1126 4382 quoque
1149 4293 1325 4382 discipulis
1345 4301 1396 4362 est
1414 4295 1553 4382 agnitus
1574 4296 1687 4383 (t,tt;

362 4402 478 4468 llattb.
498 4406 609 4487 16,16)
622 4422 630 4482 ;
647 4410 683 4465 at
696 4400 810 4488 palam
827 4422 940 4466 coram
955 4397 1056 4489 plebe
1069 4400 1133 4466 hac
1148 4423 1231 4467 voce
1245 4402 1319 4491 ipsa
1332 4424 1367 4469 se
1382 4425 1452 4468 non
1471 4401 1685 4488 designavit,

233 4537 237 4542 ⁴
362 4509 470 4574 immo
488 4506 665 4597 praecepit
675 4506 866 4594 discipulis,
884 4514 921 4573 ut
933 4507 1063 4573 nemini
1076 4507 1228 4574 dicerent
1237 4531 1272 4575 se
1285 4532 1355 4576 esse
1368 4510 1538 4576 Christum
1554 4509 1683 4597 (llatth.

364 4620 493 4703 1630).
510 4617 595 4693 Quia
613 4615 704 4680 enim
719 4611 860 4679 nomine
878 4614 1259 4701 llessiaeintelligebant
1272 4622 1305 4681 et
1316 4615 1559 4706 exspectabant
1568 4637 1688 4702 regem

361 4720 423 4808 qui
437 4721 585 4811 expulsis
608 4720 771 4789 Romanis
793 4741 936 4806 reguum
956 4720 1151 4788 davidicum
1169 4723 1361 4789 restitueret
1378 4729 1413 4788 et
1432 4728 1554 4809 gentes
1575 4720 1686 4788 domi-

361 4828 493 4894 nationi
505 4827 661 4896 iudaicae
672 4826 866 4908 subiiceret,
881 4829 1034 4917 prolecto
1050 4835 1135 4910 erat,
1154 4830 1293 4896 curbae
1308 4829 1384 4919 ipsa
1395 4851 1477 4895 voce
1491 4829 1579 4896 adeo
1595 4827 1686 4896 male

359 4932 535 5002 intellecta
550 4939 640 5003 lesus
657 4933 795 5026 publioe
816 4955 851 4999 se
867 4935 974 5003 nollet
989 4934 1188 5021 designare,
1204 4960 1247 5005 ne
1260 4957 1385 5004 vanam
1397 4936 1496 5003 illam
1510 4943 1685 5026 exspecta·
