4050 5648
349 520 441 591 quae
462 494 507 561 sit
531 514 591 570 sua
608 497 646 566 in
664 503 775 566 lesum
793 493 930 567 fervens
952 482 1108 575 dilectio,
1126 495 1228 585 quale
1243 495 1348 586 ipsius
1371 494 1530 563 consortii
1549 497 1680 569 deside-

347 606 456 684 rium,
472 601 589 672 nativa
611 598 831 691 simplicitate
852 602 1021 684 declama
1041 623 1074 668 v.
1102 608 1142 669 10
1157 601 1243 669 dicit
1258 603 1291 668 ei
1304 604 1395 669 lesus
1412 626 1426 671 .·
1440 601 1505 694 paci
1525 601 1615 669 lotus
1629 619 1678 671 est

346 730 416 777 non
429 704 694 800 inciperemus
709 706 814 798 pedes
828 709 935 792 lavet,
953 705 1014 776 sed
1027 719 1077 774 est
1092 706 1241 775 mundas
1259 719 1365 789 totus,
1389 709 1574 800 respondet
1586 713 1675 777 lesus

347 814 502 905 exemplo
525 838 567 886 ex
592 813 664 881 vita
686 811 867 906 desumpto
894 839 902 886 :
925 814 986 906 qui
1007 812 1098 882 lotus
1123 821 1173 882 est
1196 825 1211 882 ὁ
1232 821 1434 898 λελουμένος,
1460 815 1521 904 qui
1539 821 1676 906 sumpto

346 919 477 999 balneo¹
487 920 628 992 domum
643 941 741 990 snam
757 920 951 1004 revertitur,
973 941 1045 988 non
1058 920 1204 1006 indiget,
1222 919 1288 987 nisi
1299 924 1338 986 ut
1358 919 1462 1010 pedes
1475 921 1581 1003 lavet,
1596 922 1674 1012 qui-

345 1025 412 1093 hus
424 1026 589 1118 perviam
600 1026 763 1095 nonnihil
779 1026 933 1117 pulveris
946 1024 1175 1108 adhaerebat;
1197 1025 1337 1092 domum
1353 1047 1509 1094 reversus
1527 1048 1597 1095 non
1609 1030 1672 1095 ite-

345 1153 422 1201 rum
431 1134 559 1203 balneo
570 1131 674 1218 lavat,
689 1133 749 1202 sed
762 1131 808 1200 ad
818 1153 991 1201 summum
1007 1134 1111 1222 pedes
1124 1132 1228 1214 lavat,
1242 1138 1277 1199 et
1290 1138 1341 1199 est
1352 1133 1494 1201 omnino
1510 1133 1671 1211 mundus,

343 1243 414 1308 toto
434 1259 580 1329 corpore
604 1239 766 1309 mundus.
789 1243 861 1320 lum
883 1239 950 1308 hoe
971 1239 1127 1329 exemplo
1148 1260 1184 1306 se
1207 1238 1293 1306 velle
1316 1237 1492 1307 declarare
1511 1239 1596 1330 quid
1613 1262 1675 1308 sua

343 1344 472 1415 lotione
491 1344 618 1414 alliciat
635 1344 785 1414 ostendit
799 1345 928 1414 addens
953 1366 961 1414 :
980 1357 1014 1413 et
1030 1367 1090 1413 vos
1106 1343 1233 1412 mundi
1251 1344 1341 1432 estis,
1367 1345 1429 1412 sed
1447 1367 1519 1412 non
1541 1367 1676 1430 amaea·

341 1451 366 1520 i.
383 1475 414 1535 e.
436 1450 558 1519 mundi
582 1457 678 1539 sunt,
696 1440 856 1519 similiter
875 1451 963 1520 siem
978 1453 1007 1520 is
1030 1450 1178 1519 mundus
1201 1458 1251 1519 est
1265 1473 1408 1542 corpore
1431 1453 1491 1542 qui
1512 1474 1530 1519 e
1550 1453 1673 1520 balneo

342 1555 530 1646 egreditur,
547 1559 598 1627 ita
617 1557 670 1626 illi
688 1557 810 1625 mnndi
830 1557 966 1644 animis,
989 1564 1171 1650 a'peccato
1192 1557 1329 1626 mortali
1349 1559 1537 1642 immunem
1554 1581 1672 1637 verum

341 1662 546 1752 indigentnt
556 1655 661 1755 pedes
671 1664 804 1743 lavent3
822 1686 884 1755 per
896 1663 986 1732 viam
999 1664 1112 1757 pulvis
1123 1665 1335 1733 adhaerebat
1348 1665 1511 1756 pedihns;
1527 1667 1601 1734 sine
1613 1665 1672 1733 de-

341 1768 486 1839 lectibus
503 1768 743 1839 et'levioribus
757 1770 905 1862 pereatis
920 1793 991 1840 non
1011 1771 1154 1852 viritem
1169 1772 1287 1862 itaque
1311 1777 1348 1838 ut
1371 1771 1567 1840 efficiantur
1577 1793 1674 1863 pror·

341 1898 398 1943 sus
421 1876 562 1961 mundi,
581 1877 741 1973 Christus
753 1877 818 1945 hac
837 1898 899 1945 sua
917 1879 1051 1952 actione
1065 1877 1107 1946 iis
1122 1885 1271 1947 meretur
1289 1886 1323 1946 et
1342 1879 1494 1958 conlert,·
1509 1878 1551 1945 iis
1565 1900 1673 1946 mere-

340 1983 657 2075 turetimpetratut
670 1983 784 2072 gratia
798 1983 916 2052 divina
930 1984 1071 2054 adiutis
1088 1985 1255 2054 munditie
1266 1985 1460 2053 necessaria
1471 1986 1507 2053 in
1520 1987 1674 2054 muneris

341 2089 533 2158 ministerio
549 2112 617 2158 non
634 2090 792 2158 excidant
801 2097 835 2158 et
850 2090 894 2159 ad
909 2090 1116 2160 munditiem
1129 2092 1318 2182 perlectam
1329 2090 1469 2159 tandem
1482 2093 1673 2159 evehantur

344 2195 398 2264 vel
417 2195 463 2264 ad
477 2217 554 2263 eam
568 2196 725 2265 redeant.
740 2201 851 2288 Atque
870 2198 1041 2288 Christum
1054 2196 1169 2265 dicere
1187 2220 1243 2265 eos
1257 2220 1327 2266 esse
1345 2196 1492 2266 mundos
1505 2197 1670 2266 munditie

340 2303 401 2370 illa
416 2301 589 2393 spirituali
607 2302 814 2387 necessaria,
832 2309 926 2394 patet
944 2326 984 2371 ex
998 2326 1040 2372 eo
1055 2302 1149 2394 quod
1164 2304 1262 2372 addit
1277 2328 1285 2375 :
1302 2303 1365 2372 sed
1380 2327 1450 2371 oon
1467 2324 1604 2389 omncs;
1612 2327 1670 2373 eos

341 2408 535 2477 evehendus
558 2430 629 2477 esse
651 2409 696 2477 ad
706 2409 901 2502 perfectam
923 2410 1144 2492 munditiem,
1171 2411 1301 2478 indicat
1325 2411 1482 2500 exemplo
1498 2411 1602 2479 allato
1626 2410 1668 2478 de

340 2515 469 2585 lotione
481 2515 622 2607 pedum,
638 2521 677 2584 ut
700 2516 778 2607 quis
793 2516 838 2584 sit
859 2518 999 2585 omnino
1011 2539 1123 2608 purus
1140 2518 1253 2608 quoad
1269 2519 1397 2585 omnia.
1416 2516 1593 2584 Pulverem
1608 2540 1668 2608 pe-

339 2622 424 2690 dum
445 2644 517 2691 esse
540 2622 729 2692 venialium
752 2629 972 2714 peccatorum
1001 2623 1136 2705 sordes,
1162 2645 1248 2714 ques
1276 2646 1376 2691 nemo
1398 2623 1473 2690 sine
1501 2623 1669 2711 singulari

340 2751 478 2819 prorsus
499 2729 617 2797 divino
643 2729 771 2799 auxilio
796 2735 963 2821 perpetuo
991 2730 1100 2798 vitare
1122 2732 1240 2821 possit,
1264 2730 1364 2797 facile
1385 2736 1481 2821 patet
1507 2731 1560 2816 (ci.
1577 2734 1668 2820 Aup.

339 2839 427 2926 dap.
443 2835 514 2904 Tol.
534 2838 629 2904 lans.
650 2839 730 2904 Bar.
749 2839 835 2927 Lep.
858 2839 953 2905 Patr.
971 2836 1061 2905 Gorl.
1080 2837 1179 2905 Selia.
1200 2836 1334 2925 Weiss).

383 2946 474 3009 lesus
485 2944 545 3033 qui
557 2943 600 3010 de
615 2943 852 3011 excaecatione
866 2941 963 3011 urbis
986 2942 1170 3011 Ierusalem
1184 2944 1324 3009 fleverat
1343 2943 1436 3031 (huo.
1462 2944 1572 3029 19,11)
1585 2964 1664 3033 pro·

339 3048 427 3115 leoto
442 3048 546 3116 etiam
558 3070 637 3116 cum
649 3070 776 3136 magno
791 3049 898 3117 animi
914 3048 1033 3117 dolore
1046 3049 1181 3118 addidit
1193 3048 1276 3116 illud
1289 3048 1429 3116 sednon
1446 3070 1580 3133 omnes‚·
1598 3071 1666 3116 non

339 3154 498 3242 designat
512 3159 629 3246 aperte
640 3154 867 3246 proditorem,
885 3161 922 3223 nt
935 3154 968 3223 ei
981 3161 1117 3246 parcat,
1135 3161 1171 3224 at
1189 3162 1301 3223 tamen
1319 3157 1350 3223 ei
1369 3156 1538 3223 occultam
1552 3162 1587 3223 et
1602 3157 1669 3223 uti-

340 3261 409 3329 lem
422 3261 724 3352 reprehensionem
737 3261 860 3329 tribuit
878 3261 1059 3331 ostendens
1071 3284 1107 3329 se
1127 3263 1267 3329 omnino
1285 3263 1440 3329 animum
1453 3263 1526 3329 eius
1541 3262 1668 3331 habere

340 3372 573 3458 perspectum
606 3397 622 3430 a
648 3370 794 3436 obscuro
811 3369 929 3459 itaque
953 3390 1110 3437 sermone
1136 3391 1215 3437 usus
1243 3374 1277 3436 et
1295 3369 1525 3437 conscientiae
1553 3391 1666 3436 aerem

341 3473 645 3565 reprehensionem
662 3474 863 3564 relinquens
874 3475 1182 3566 incomparabilem
1194 3498 1274 3542 suae
1293 3474 1480 3566 patientiae
1497 3476 1668 3562 magnitu-

339 3579 457 3647 dinem
472 3579 660 3648 declaravit
676 3607 693 3643 »
719 3580 846 3671 (Gya).
865 3580 969 3648 Addit
983 3580 1193 3669 evangelista
1211 3604 1241 3647 v.
1261 3590 1298 3649 11
1318 3581 1444 3649 sciebat
1465 3582 1555 3648 emin
1574 3581 1668 3671 qais-

340 3707 422 3754 ncm
432 3699 517 3754 esset
531 3687 595 3776 qui
609 3685 759 3755 traderet
773 3707 871 3774 eam;
879 3699 1064 3778 propterea
1078 3686 1171 3755 discit
1187 3710 1198 3755 :
1213 3711 1283 3755 noa
1298 3689 1376 3755 estis
1398 3687 1521 3755 meandi
1536 3708 1668 3769 omnem·

339 3809 420 3861 sane
436 3793 597 3861 miranda
609 3814 830 3883 summopere
841 3793 965 3861 Christi
976 3793 1161 3862 elementia
1170 3796 1229 3885 qui
1244 3794 1345 3884 pedes
1358 3794 1542 3884 proditoris
1553 3794 1666 3861 lavare

340 3922 411 3967 non
423 3898 642 3987 dedignatur,
657 3899 717 3967 sed
731 3900 833 3968 simul
847 3900 1154 3984 considerandum,
1171 3902 1214 3968 ad
1229 3908 1394 3991 quantam
1405 3902 1667 3969 obstinationem

341 4014 376 4075 et
396 4005 624 4097 pervicaciam
645 4008 825 4098 pervenire
840 4007 945 4098 possit
959 4007 1020 4097 qui
1033 4007 1133 4076 malis
1148 4008 1253 4076 animi
1272 4007 1515 4101 cupiditatibus
1530 4030 1598 4075 non
1614 4030 1667 4075 re-

341 4113 444 4197 sistit,
466 4112 548 4204 quia
567 4114 667 4181 ludas
687 4113 750 4182 tali
769 4113 897 4182 amoris
919 4120 953 4181 et
976 4114 1232 4183 benevolentiae
1255 4123 1289 4182 et
1311 4115 1514 4181 humilitatis
1533 4114 1666 4181 exhibi-

341 4222 434 4288 tione
448 4220 644 4288 nullatenus
656 4220 823 4311 tangitur,
844 4242 964 4288 verum
978 4221 1084 4311 pedes
1097 4221 1207 4289 lavari
1227 4244 1288 4312 per
1305 4222 1484 4288 Dominum
1503 4221 1616 4287 sinens
1631 4222 1664 4288 in

340 4350 402 4396 sua
420 4327 642 4418 perversitate
655 4327 818 4396 immotus
831 4334 1021 4419 permanet.

386 4440 457 4502 lam
476 4434 622 4502 alterum
638 4433 793 4503 declarat
805 4433 901 4525 quod
911 4435 1042 4503 actione
1056 4457 1118 4503 sua
1132 4434 1363 4523 significatum
1374 4433 1480 4502 voluit
1492 4441 1525 4500 et
1545 4435 1665 4501 merito

339 4562 421 4608 suae
427 4541 680 4609 actionisetium
688 4541 829 4631 prosuis
836 4540 999 4632 apostolis
1008 4542 1242 4632 impetravitv.
1256 4549 1295 4610 12
1302 4555 1486 4632 postquam
1493 4564 1573 4631 erqo
1581 4541 1651 4609 loci
1654 4555 1665 4607 ι

337 4643 441 4738 pedes
456 4669 574 4715 eoram
591 4661 625 4714 et
641 4645 774 4739 accepit
790 4648 994 4716 uestimenta
1009 4670 1086 4731 sua,
1101 4671 1180 4716 cum
1195 4649 1399 4717 recubuisset
1415 4649 1553 4729 iterum,
1574 4646 1665 4714 (licie

340 4752 505 4821 eistscitis
517 4752 603 4842 quid
613 4754 758 4846 fecerim
770 4753 888 4822 vobis?
900 4784 916 4818 «
929 4757 1200 4844 interrogatione
1213 4757 1334 4824 excitat
1346 4763 1382 4824 ut
1390 4763 1535 4823 attentos
1546 4755 1667 4822 reddat
