4116 5648
829 377 915 421 roan.
939 363 1056 437 litati.
1546 361 1602 419 511

279 515 474 584 cecidemnt
501 512 540 578 in
564 524 712 600 terram,·
733 511 928 580 ceciderunt
950 511 976 579 ii
1000 532 1086 602 quos
1108 511 1383 596 interrogaverat
1410 511 1444 574 et
1470 511 1529 599 qui
1555 532 1607 577 ro-
1706 502 1708 506 ’
1737 496 1747 501 '¹

233 607 235 611 ’
275 623 505 715 sponderunt3
522 618 570 688 ita
590 644 630 689 ex
643 644 674 688 v.
695 624 767 696 t-6;
790 618 888 709 proin
907 640 976 685 non
994 638 1130 696 omnes,
1147 616 1207 682 sed
1231 617 1290 706 qui
1311 615 1441 706 priores
1460 637 1605 684 accesso·

277 735 370 807 rant,
388 748 468 792 nam
484 726 577 795 idad
591 747 710 795 omnes
725 724 843 814 (etiam
858 724 983 793 milites
998 744 1157 792 romanos
1180 724 1239 810 qui
1261 745 1386 809 agmen
1408 721 1604 790 claudentes

277 838 311 902 in
331 854 463 900 recessu
478 841 577 902 erant
594 837 629 900 et
647 831 735 898 nihil
754 831 797 898 de
812 856 853 900 eo
868 830 1039 922 colloquio
1055 828 1253 916 audiebant)
1274 829 1471 909 extendere,
1490 850 1602 894 narra-

277 940 368 1007 tione
387 962 455 1008 uon
471 939 644 1009 suadetur.
664 939 816 1006 Christus
833 939 1038 1030 praeprimis
1062 934 1276 1024 synedristis,
1293 936 1489 1001 auctoribus
1504 936 1605 1002 seele-

276 1046 340 1130 ris,
358 1070 453 1115 suam
467 1047 541 1112 vult
554 1045 679 1111 iterum
696 1045 873 1113 ostendere
884 1050 917 1110 et
936 1043 1152 1111 manifestam
1169 1043 1280 1108 lacere
1293 1043 1492 1130 potentiam,
1511 1042 1606 1131 quod

278 1176 347 1221 non
368 1178 406 1221 ex
429 1150 666 1219 imbecillitate
686 1159 876 1242 caperetur.
908 1150 946 1217 ld
964 1150 1033 1219 iam
1055 1150 1192 1238 saepius
1204 1148 1248 1215 iis
1263 1147 1440 1238 palpabile
1456 1148 1609 1215 reddidit

280 1262 450 1348 (ct.·1‚ao;
472 1263 566 1339 830.
585 1265 644 1339 59;
665 1256 942 1347 10,39;’11,53),
962 1263 995 1324 et
1016 1278 1058 1324 ea
1076 1278 1113 1324 re
1133 1261 1229 1343 gesta
1249 1254 1467 1321 declarantur
1481 1255 1608 1345 optime

276 1367 381 1435 verba
396 1386 484 1455 quae
504 1363 600 1455 apud
613 1364 811 1456 synopticos
825 1364 1026 1453 synedristis
1040 1363 1144 1430 dicit:
1163 1361 1317 1452 quotidie
1332 1382 1426 1428 eram
1441 1361 1534 1451 apud
1549 1384 1609 1428 vos

276 1475 313 1542 in
337 1471 467 1562 templo
483 1471 610 1538 docens
632 1476 666 1538 et
686 1494 756 1538 non
778 1493 831 1538 me
853 1471 1069 1539 tenuistis-
1089 1468 1149 1536 sed
1164 1476 1201 1535 ut
1220 1468 1476 1557 adimpleantur
1493 1468 1607 1558 Scrip-

277 1587 389 1658 turae;
422 1579 506 1645 haec
537 1583 587 1645 est
610 1577 697 1645 hora
722 1583 832 1645 vestra
860 1585 894 1644 et
920 1582 1066 1667 potestas
1093 1574 1316 1642 tenebrarum
1347 1574 1460 1663 (liare.
1489 1581 1605 1658 1t,t9;

260 1692 354 1769 »Luc
377 1686 507 1768 2253).
532 1689 581 1751 lta
600 1682 650 1750 eis
669 1684 820 1754 ostendit
841 1706 876 1751 se
897 1704 966 1750 non
981 1682 1058 1772 capi
1073 1682 1225 1773 ipsorum
1241 1680 1392 1760 insidiis,
1413 1682 1532 1764 armis,
1550 1682 1607 1748 sed

277 1792 398 1859 altiore
423 1791 543 1858 divino
568 1790 726 1857 consilio.
756 1796 881 1858 lterum
908 1789 1016 1876 igitur
1039 1787 1100 1855 illa
1129 1789 1356 1878 prostratione
1385 1788 1433 1854 eis
1460 1789 1607 1874 gratiam

278 1898 385 1966 offert.

322 2011 363 2071 at
385 2003 436 2070 illi
459 2003 497 2070 in
517 2024 580 2070 sua
601 2003 831 2071 obstinatione
859 2007 1081 2093 permanent3
1104 2001 1198 2091 quod
1219 2000 1349 2067 abeunt
1373 2009 1558 2068 retrorsum
1574 2009 1608 2069 et

278 2111 405 2179 cadunt
422 2109 622 2190 interram,
650 2110 772 2177 referri
787 2109 891 2176 debet
909 2108 954 2177 ad
969 2108 1197 2176 ostensionem
1217 2107 1392 2197 potentiae
1408 2107 1550 2190 Christi;
1572 2108 1606 2174 id

279 2218 448 2307 explicare
464 2239 505 2283 ex
518 2215 669 2306 quodam
690 2221 821 2283 terrore
837 2215 985 2284 naturali
1003 2220 1146 2305 propter
1158 2215 1394 2303 quaestionem
1413 2237 1452 2281 ac
1467 2237 1606 2304 respon·

278 2327 408 2392 sionem
425 2320 656 2412 inopinatam,
680 2344 807 2390 vanum
830 2328 879 2390 est
899 2327 932 2389 et
948 2320 1146 2390 ridiculum.
1164 2326 1337 2388 Venerunt
1351 2322 1443 2388 enim
1463 2323 1506 2388 ad
1527 2344 1605 2389 eum
1636 2351 1637 2354 ¹

279 2430 501 2522 capiendum,
518 2430 672 2497 sciebant
691 2451 769 2496 eum
791 2451 862 2497 esse
881 2435 1117 2519 praesentem,
1133 2428 1233 2495 ludas
1246 2427 1386 2512 signum
1404 2427 1609 2517 proditionis

278 2538 438 2620 dederat;
461 2535 636 2627 quomodo
655 2537 772 2627 itaque
793 2535 1009 2627 apparitores
1027 2540 1098 2601 tam
1121 2534 1234 2600 subito
1255 2555 1452 2623 magnoque
1480 2542 1608 2602 terrore

278 2668 360 2712 voce
379 2643 438 2711 illa
450 2665 513 2733 epo
529 2666 606 2709 sum
625 2643 753 2732 corripi
770 2642 973 2733 potuissent,
992 2641 1058 2708 nisi
1069 2640 1227 2707 voluntas
1245 2645 1318 2707 lesu
1338 2663 1396 2706 eos
1414 2641 1609 2708 deiecisset‘.l

280 2781 296 2813 «
319 2773 383 2838 ego
402 2770 494 2830 sum,
515 2749 616 2830 dicit,
637 2754 673 2815 et
693 2747 819 2838 impios
837 2748 969 2830 deiioit;
992 2746 1075 2839 quid
1097 2746 1313 2813 iudicaturus
1326 2747 1430 2814 faciet
1445 2750 1504 2837 qui
1520 2748 1608 2815 iudi-

278 2856 408 2925 candus
425 2856 490 2923 hoc
505 2855 608 2922 fecit?
629 2854 715 2945 quid
733 2859 939 2941 regnaturus
952 2855 1095 2945 poterit,
1114 2854 1174 2943 qui
1186 2853 1371 2921 moriturus
1386 2854 1451 2921 hoc
1464 2857 1574 2944 potuit
1591 2886 1604 2913 υ

188 2979 190 2981 ’
281 2965 425 3054 (dupli
445 2968 483 3029 ln
509 2985 550 3029 ea
569 2961 797 3052 prostratione
820 2966 966 3029 cernunt
983 2960 1184 3028 adumbrari
1204 2982 1319 3026 casum
1333 2966 1366 3026 et
1381 2963 1515 3027 ruinam
1532 2962 1607 3027 uni-

280 3070 444 3137 versalem
464 3068 576 3157 gentis
589 3067 747 3136 iudaicae
763 3068 821 3156 (cl.
843 3067 988 3157 Theoph.
1015 3069 1096 3157 Cpr.
1128 3066 1271 3150 Thone),
1294 3089 1326 3132 v.
1349 3075 1368 3130 7
1389 3067 1511 3133 iterum
1527 3092 1607 3156 erpo

279 3175 503 3265 intenoqaoit
525 3198 581 3243 eos
597 3198 609 3242 :
623 3197 725 3266 quem
745 3174 937 3266 quaeritis?
955 3174 1011 3241 illi
1028 3186 1144 3242 autem
1162 3173 1325 3240 discertent
1344 3195 1357 3237 .·
1373 3176 1482 3241 [esrem
1496 3178 1607 3241 Naza-

280 3307 414 3364 renum,
441 3306 471 3354 v.
498 3288 518 3349 8
543 3281 719 3373 respondit
743 3283 834 3349 lesus
849 3280 953 3349 :disci
975 3281 1068 3348 vobis
1092 3281 1178 3370 quia
1201 3302 1264 3369 eqo
1288 3303 1384 3366 surm
1406 3282 1438 3347 si
1461 3305 1540 3372 erqo
1557 3307 1607 3347 mr

280 3390 456 3480 quaeritas,
474 3389 574 3456 sinite
589 3388 648 3455 hos
663 3388 777 3475 obire,·
795 3417 811 3450 «
829 3410 937 3478 usque
952 3389 995 3454 ad
1009 3387 1170 3456 ultimam
1183 3388 1303 3454 horam
1318 3409 1414 3454 suam
1429 3411 1513 3475 erga
1530 3413 1608 3456 suos

281 3496 529 3584 benignitatem
549 3495 690 3563 exhibet
711 3523 727 3569 υ
743 3494 864 3585 (cte).
886 3499 929 3561 Ex
946 3495 1165 3562 hisceverbis
1180 3501 1264 3561 etex
1284 3518 1313 3559 v.
1334 3502 1352 3561 9
1369 3495 1442 3562 erui
1460 3496 1606 3565 videtur.

280 3603 477 3692 synedristis
488 3603 524 3668 in
537 3602 653 3670 animo
666 3603 768 3669 luisse
784 3604 888 3669 etiam
909 3603 944 3668 in
960 3601 1146 3692 discipulos
1156 3601 1442 3669 animadvertere.
1461 3604 1610 3670 Christus

282 3711 372 3776 erum
392 3709 576 3799 praecipit,
593 3716 632 3776 ut
655 3731 724 3776 non
745 3709 884 3799 capiant
903 3708 1106 3799 discipuloS,
1127 3709 1187 3775 sed
1206 3713 1243 3773 ut
1260 3730 1316 3774 eos
1331 3708 1501 3776 immunes
1515 3711 1609 3778 abire

281 3816 410 3895 sinant3
427 3815 604 3905 discipulis
625 3821 741 3882 autem
762 3815 949 3898 indicatur,
967 3837 1038 3882 non
1053 3815 1222 3882 beneficio
1243 3814 1447 3896 satellitum,
1466 3816 1522 3882 sed
1540 3823 1610 3883 lesu

282 3922 456 3989 voluntate
477 3944 513 3989 se
543 3943 639 4012 posse
662 3921 771 3988 libere
792 3923 888 3990 abire
920 3922 977 4012 (ol.
1003 3922 1096 4010 Gai.)
1116 3945 1148 3989 v.
1174 3929 1193 3988 9
1218 3934 1255 3986 ut
1280 3921 1479 4011 irupleretur
1502 3945 1609 3990 sermo

282 4050 382 4118 quem
402 4028 519 4095 dizit:
538 4029 624 4118 quia
649 4051 734 4118 quos
749 4026 877 4095 dedisti
898 4028 984 4095 miti
1010 4051 1081 4095 non
1100 4026 1243 4118 perdidi
1263 4051 1304 4094 ea
1324 4031 1369 4095 eis
1385 4052 1610 4118 paremquorm

283 4137 325 4202 cl.
350 4141 468 4218 17,12;
483 4134 562 4202 vide
579 4139 655 4225 post
675 4134 848 4201 tantillum
867 4134 1040 4201 scribendi
1061 4135 1278 4202 intervallum
1298 4136 1542 4222 evangelistam
1559 4144 1610 4203 ta·

284 4265 361 4309 men
383 4265 451 4308 non
475 4243 682 4309 verbotenus
700 4262 895 4309 sermonem
919 4240 1043 4307 Christi
1068 4242 1211 4321 reserre3
1230 4241 1317 4306 nihil
1339 4242 1446 4328 igitur
1460 4243 1606 4309 admira·

283 4349 383 4418 tionis
408 4347 626 4438 relinquitur,
650 4349 678 4415 si
704 4348 781 4415 aliis
805 4368 943 4438 quoque
969 4347 1007 4414 in
1027 4347 1112 4414 locis
1135 4348 1241 4414 verba
1267 4355 1418 4415 veterum
1444 4350 1607 4416 librorum

283 4478 457 4524 sacrorum
471 4478 540 4521 non
554 4455 675 4523 eadem
691 4457 893 4524 afferuntur.
911 4458 950 4521 ln
963 4476 1045 4521 cura
1060 4461 1094 4521 et
1105 4455 1333 4522 sollieitudine
1347 4479 1415 4545 qua
1431 4461 1517 4521 lesus
1533 4479 1608 4522 suos

286 4563 340 4629 hio
361 4565 531 4629 immunes
554 4562 670 4629 reddit
695 4563 740 4629 ab
760 4562 840 4629 odio
864 4562 1134 4651 synedristarum
1159 4584 1237 4628 eum
1261 4562 1371 4628 cernit
1397 4563 1607 4649 evangelista

285 4669 390 4735 animi
403 4670 564 4737 affectum
578 4690 772 4760 expressum
795 4691 900 4759 quem
920 4669 1071 4736 Christus
1092 4674 1191 4750 tm
1209 4667 1400 4757 pandebat,
1418 4676 1451 4735 et
1468 4671 1606 4739 merito2

284 4797 364 4843 nam
380 4798 498 4844 revera
520 4798 575 4844 eos
595 4775 744 4844 custodit
764 4775 895 4866 (tint)
912 4798 933 4843 a
955 4775 1109 4866 periculo
1123 4782 1156 4843 et
1176 4776 1427 4865 persecutione,
1443 4776 1607 4843 damnum
