4050 5648
366 697 439 760 est:
459 695 563 763 verba
578 697 658 762 sunt
669 687 881 778 spiritualia;
899 715 1031 781 neque,
1044 673 1138 782 quod
1153 687 1213 754 alii
1233 690 1513 777 interpretantur,
1535 689 1697 780 spiritua-

365 798 446 868 liter
458 810 538 870 sunt
552 793 762 885 accipienda.
780 798 866 874 Quid
878 798 969 865 enim
993 800 1058 866 sibi
1080 794 1184 861 vellet
1200 796 1288 862 eain
1307 800 1503 886 acceptione
1520 797 1616 864 vito?
1636 816 1697 860 ne-

366 931 434 998 que
454 908 635 989 creditatest
653 901 744 968 idem
758 905 849 994 quod
861 913 1077 987 πνευματικὸς,
1099 915 1304 985 πνευματικῶς
1320 901 1482 994 (011169.
1499 904 1580 972 Bed.
1601 906 1692 970 lans.

364 1017 449 1105 Lep.
476 1014 557 1078 Nat.
578 1008 715 1097 Culta).

409 1124 476 1185 Cur
490 1114 691 1183 scandalum
712 1141 753 1185 ex
775 1117 888 1184 verbis
908 1119 1060 1207 capiant,
1077 1117 1165 1180 ratio
1180 1124 1229 1184 est
1242 1116 1324 1205 quia
1343 1136 1412 1180 non
1427 1115 1571 1184 credunt
1586 1124 1696 1185 lesum

363 1245 434 1292 esse
449 1221 615 1290 divinitus
629 1225 769 1291 missum
784 1247 815 1290 v.
835 1229 875 1288 65
896 1221 1047 1291 sedeunt
1062 1220 1201 1310 quidam
1213 1245 1255 1289 66
1267 1221 1360 1290 uobis
1375 1221 1437 1312 qui
1447 1244 1517 1288 666
1532 1224 1691 1310 credunt,

365 1327 491 1418 quibus
520 1329 638 1420 itaque
661 1330 765 1397 etiam
785 1327 965 1416 explicatio
981 1333 1017 1395 in
1032 1351 1066 1392 v.
1095 1334 1148 1394 63.
1176 1334 1218 1394 ct
1243 1330 1419 1419 proposita
1433 1328 1520 1394 nihil
1534 1328 1691 1418 prodest;

362 1434 489 1502 sciebat
503 1437 595 1503 enim
615 1440 657 1502 66
674 1435 772 1501 initio
784 1435 875 1500 lesus
892 1436 1073 1523 quiessent
1096 1456 1166 1501 non
1188 1435 1353 1502 credituri
1366 1447 1399 1502 et
1413 1436 1488 1525 quis
1504 1433 1696 1503 truditums

363 1555 448 1610 esset
461 1565 559 1626 eum;
574 1544 616 1609 ci.
639 1546 731 1624 626.
750 1547 809 1620 25;
827 1561 904 1606 cum
924 1563 1037 1609 sermo
1052 1541 1111 1607 fiat
1127 1541 1170 1607 de
1185 1543 1327 1609 scientia
1340 1545 1433 1628 Iesu,
1450 1547 1482 1624 ἐξ
1504 1545 1603 1630 ἀρχῆς
1622 1563 1695 1609 666

362 1655 412 1717 est
425 1650 469 1717 ab
482 1656 639 1729 aeterno,
656 1647 700 1712 ab
720 1646 817 1712 initio
833 1647 953 1715 mundi
969 1646 1129 1738 (Theoplt.
1156 1648 1271 1716 Ttom.
1293 1649 1415 1737 lurp),
1432 1648 1490 1715 sed
1512 1649 1565 1715 vel
1579 1670 1601 1715 a
1612 1669 1694 1714 con-

361 1758 520 1846 ceptione
537 1753 626 1841 1661,
646 1752 732 1842 Tol.)
746 1752 800 1819 vel
820 1754 865 1819 ab
885 1754 983 1821 initio
1007 1755 1209 1832 vocationis,
1225 1755 1489 1822 conversationis
1501 1776 1580 1821 cum
1593 1754 1694 1821 disci·
1739 1776 1741 1780 ·

361 1862 470 1953 pulis,
494 1859 670 1927 electionis
699 1862 800 1944 (lans.
826 1861 911 1949 lap.
943 1859 1033 1929 Cori.
1063 1860 1179 1949 Sctz.)
1203 1859 1257 1927 vel
1281 1867 1360 1927 ante
1384 1863 1694 1928 murmurationem

364 1966 518 2057 (Mala).
543 1972 668 2034 lterum
693 1965 852 2056 exprimit
871 1988 1009 2034 causam
1032 1988 1094 2034 cur
1119 1989 1187 2033 non
1208 1966 1352 2034 credant
1371 1967 1475 2057 (Auo.
1502 1965 1582 2033 Bed.
1604 1970 1691 2058 Bup.

362 2074 465 2163 Bon.)
483 2098 514 2141 v.
533 2081 575 2140 66
595 2087 629 2140 et
647 2073 781 2141 dicebat
799 2095 812 2138 .·
824 2087 1011 2164 propterea
1030 2073 1228 2159 discinctis,
1246 2076 1329 2164 quia
1346 2096 1445 2142 nemo
1452 2087 1565 2165 potest
1580 2076 1695 2142 venire
1759 2073 1760 2077 ’

365 2180 413 2248 cd
427 2203 497 2263 me,
522 2181 592 2247 nisi
608 2181 720 2269 fecerit
736 2180 770 2247 ei
783 2179 903 2247 datum
926 2204 948 2247 6
961 2184 1065 2248 Putre
1083 2203 1178 2267 meo‚·
1191 2182 1235 2250 ci.
1256 2205 1287 2247 v.
1306 2188 1366 2263 tt;
1384 2182 1509 2272 quibus
1519 2183 1633 2249 verbis
1647 2181 1695 2248 si-

361 2290 434 2355 mul
449 2288 615 2356 docentur
629 2287 734 2354 fidem
753 2310 773 2353 6
789 2292 854 2355 Deo
876 2309 947 2355 esse
961 2287 1145 2377 petendam
1164 2296 1198 2354 et
1213 2287 1436 2378 expetendam
1454 2296 1488 2355 et
1502 2288 1694 2356 admonen-

360 2402 429 2478 tur,
448 2403 486 2463 ut
499 2416 575 2462 eam
591 2395 795 2482 efflagitent;
811 2395 932 2484 quodsi
953 2397 989 2461 in
1010 2416 1051 2462 ea
1066 2394 1304 2462 incredulitate
1319 2396 1569 2484 permanserint
1585 2395 1696 2463 sciant

361 2524 398 2573 sc
421 2524 443 2569 6
460 2501 589 2591 populo
609 2501 669 2567 Dei
691 2500 838 2568 excludi.
863 2505 930 2567 Hoc
948 2522 1108 2568 sermone
1124 2508 1157 2568 et
1175 2501 1236 2568 tali
1255 2501 1483 2591 postulatione
1502 2501 1583 2569 fidei
1605 2507 1694 2569 lesus

359 2615 395 2676 et
413 2608 582 2698 populum
600 2614 635 2674 et
655 2607 841 2697 discipulos
856 2609 1014 2692 tentavit,
1028 2615 1068 2676 ut
1086 2609 1145 2698 qui
1172 2631 1243 2675 non
1263 2607 1380 2675 animo
1401 2608 1533 2676 sincero
1553 2608 1695 2676 credant

358 2714 534 2781 manifesti
548 2714 733 2781 evaderent
747 2720 781 2779 et
796 2714 1012 2794 recederent3
1030 2737 1062 2780 v.
1079 2721 1120 2779 67
1136 2714 1250 2781 ector
1266 2719 1433 2804 tempore,
1451 2725 1552 2783 ἔκτοτε
1574 2714 1691 2800 (lintis.

268 2901 271 2906 ,
363 2822 454 2890 Corl.
476 2820 593 2907 Sckz.)
615 2819 718 2885 mttlti
741 2817 987 2909 discipulorum
1002 2821 1078 2886 eius
1092 2819 1252 2887 abierunt
1276 2834 1365 2888 retro
1380 2833 1413 2887 et
1433 2821 1502 2887 iam
1526 2843 1715 2888 truncum·

361 2928 421 2995 illo
435 2926 677 3009 ambulatorio
693 2955 708 2987 α
738 2926 848 2993 aversi
871 2925 1070 2993 ceciderunt
1095 2927 1209 2992 miseri
1228 2949 1298 2994 non
1319 2928 1467 3017 amplius
1481 2950 1559 2996 cum
1575 2929 1693 2996 Salva·

360 3043 433 3103 tore
453 3034 686 3115 ambulantes,
702 3032 763 3099 sed
773 3033 818 3099 ad
832 3033 916 3099 alias
931 3032 1003 3099 vias
1016 3033 1169 3100 conversi
1184 3034 1269 3100 etin
1283 3055 1362 3100 suos
1380 3034 1503 3101 retrusi
1519 3034 1659 3101 morbos
1677 3064 1693 3096 »

361 3143 458 3231 (Cyr.
480 3141 557 3206 sim.
582 3139 663 3207 Cirr.
683 3137 816 3223 Eiteia).
839 3139 934 3205 Falsa
951 3161 1013 3205 sua
1035 3141 1283 3229 exspectatione
1305 3139 1347 3206 de
1372 3140 1487 3207 Messio
1508 3140 1641 3230 decepti
1663 3148 1696 3208 et

320 3290 321 3293 =
359 3247 537 3315 obcaecati
553 3250 663 3312 lesum
677 3267 862 3332 agnoscere
877 3245 1057 3312 nolebant.
1079 3251 1169 3312 lesus
1185 3268 1241 3312 eos
1257 3268 1326 3312 non
1343 3246 1467 3313 retinet
1482 3269 1546 3313 nec
1564 3268 1695 3314 sermo-

360 3377 440 3421 nem
461 3375 561 3421 suum
581 3376 602 3420 a
626 3353 833 3441 proprietate
857 3350 1042 3418 verborum
1069 3358 1216 3419 revocat.
1243 3352 1336 3420 Unde
1365 3353 1459 3420 vides
1479 3359 1695 3444 quantopere

360 3467 490 3528 constet
513 3460 556 3526 de
572 3458 713 3548 propria
729 3457 912 3525 verborum
926 3458 1123 3547 acceptione
1136 3458 1326 3526 retinenda.

405 3575 511 3635 immo
525 3566 553 3631 si
570 3565 637 3654 ipsi
653 3564 796 3654 apostoli
816 3564 1027 3653 proprietate
1044 3563 1228 3631 verborum
1246 3564 1366 3632 offensi
1380 3565 1535 3648 abirent,
1552 3588 1610 3633 eos
1622 3587 1695 3633 non

359 3676 533 3741 retineret.
549 3670 615 3739 Sed
630 3670 673 3736 de
688 3671 755 3736 illis
780 3669 902 3737 melius
921 3670 1136 3738 sentiendum
1151 3693 1223 3737 esse
1237 3671 1331 3738 haud
1348 3670 1487 3757 ignorat
1501 3695 1531 3739 v.
1549 3671 1698 3740 6861611

361 3803 443 3870 erqo
463 3781 556 3846 lesus
568 3777 617 3845 ad
635 3775 815 3844 duodecim
830 3798 843 3841 .·
857 3776 1032 3866 numquid
1047 3789 1080 3843 et
1091 3800 1149 3844 vos
1163 3777 1393 3845 vultisabirc?
1408 3789 1465 3862 μή,
1482 3786 1696 3868 exspectatur

360 3887 436 3954 scil.
455 3906 656 3974 responsum
674 3907 681 3951 :
696 3907 767 3951 non
781 3883 968 3965 abibimus;
991 3884 1140 3951 ostendit
1156 3891 1268 3951 tamen
1289 3907 1325 3951 se
1336 3884 1477 3966 illorum
1493 3908 1601 3975 opera
1624 3909 1694 3953 non

359 3993 517 4079 indigere
534 4013 647 4079 neque
663 3991 765 4071 velle,
786 3997 824 4057 ut
842 3991 936 4081 apud
954 4013 989 4057 se
1009 3996 1187 4070 maneant,
1205 3991 1270 4056 nisi
1283 3992 1453 4078 integram
1474 3991 1577 4059 fidem
1598 3993 1693 4059 exhi·

358 4102 480 4181 beant;
497 4118 696 4187 responsum
711 4098 902 4184 expostulat
918 4118 987 4186 quo
1003 4099 1114 4183 magis
1126 4097 1160 4163 in
1175 4097 1241 4164 fide
1257 4099 1519 4183 firmentuream
1536 4099 1694 4187 explicite

359 4208 560 4276 confitentes
581 4205 670 4288 (etr.
690 4205 769 4290 Cpr.
794 4206 880 4292 Rup.
906 4203 976 4270 Tol.
999 4201 1136 4292 Mate).
1155 4204 1205 4271 Uti
1228 4204 1322 4293 apud
1336 4206 1543 4293 synopticos‚
1565 4206 1612 4272 ita
1637 4206 1695 4274 hic

360 4336 498 4405 quoque
522 4317 639 4378 Petrus
657 4310 774 4377 indole
796 4310 1041 4377 ferventiorem
1060 4332 1094 4376 se
1115 4311 1257 4399 praebet
1276 4316 1310 4378 et
1330 4319 1367 4378 ut
1386 4313 1516 4399 primus
1537 4313 1694 4379 omnium

360 4424 503 4489 nomine
519 4418 672 4486 omnium
686 4418 824 4482 festinat
836 4417 1041 4506 respondere
1057 4439 1086 4482 v.
1106 4424 1147 4484 69
1167 4416 1341 4507 respondit
1356 4439 1437 4505 erqo
1451 4417 1483 4483 ei
1496 4419 1618 4484 Simon
1632 4422 1695 4484 Pe·

361 4543 433 4595 trus
455 4551 467 4593 .·
493 4525 657 4606 Domine,
678 4522 726 4589 ad
747 4545 849 4613 quem
869 4523 1016 4589 ibimus?
1041 4524 1183 4590 verbum
1204 4525 1321 4610 magni
1341 4523 1482 4590 allectus
1503 4524 1690 4605 indicium;

359 4635 530 4720 significat
551 4633 753 4718 magistrum
773 4626 839 4694 sibi
862 4651 933 4697 esse
952 4629 1113 4697 omnibus
1132 4630 1313 4711 cariorem,
1330 4651 1456 4719 eosque
1475 4632 1535 4719 qui
1552 4629 1596 4697 ab
1617 4632 1693 4720 ipso

360 4740 537 4807 discedant
557 4738 768 4806 nonhahere
785 4757 854 4824 quo
868 4757 903 4801 se
918 4736 1087 4826 recipiant
1111 4737 1204 4825 (Clu.
1224 4735 1344 4824 116ιή.)
1358 4744 1391 4803 et
1412 4736 1514 4804 simul
1536 4737 1691 4825 praecla-

362 4867 437 4913 ram
449 4846 519 4913 edit
538 4845 782 4913 confessionem
798 4864 805 4909 :
822 4844 921 4909 cerba
936 4845 1024 4910 vitae
1044 4857 1201 4911 aeternae
1220 4842 1339 4925 tubes,
1356 4866 1444 4933 quae
1460 4846 1565 4910 vitam
1582 4852 1692 4912 acter-

363 4973 444 5019 nam
460 4955 644 5021 concilient
657 4949 773 5039 (Ereti.
797 4951 913 5037 Eup),
931 4951 1058 5041 repetit
1071 4973 1159 5041 quae
1174 4949 1325 5018 Christus
1346 4951 1476 5018 dixerut
1496 4973 1526 5017 v.
1550 4957 1592 5020 ut
1610 4954 1694 5020 etin
