4116 5648
763 395 841 440 rom.
866 380 1021 455 tato-tt.
1343 451 1344 454 Ἴ
1494 379 1552 440 455

224 530 386 599 emittatis
401 531 571 618 palmites,
589 528 783 617 multosque
803 531 919 598 ieratis
937 528 1123 596 sanctitatis
1138 528 1266 596 fructus
1285 525 1378 615 (ctr.
1406 527 1549 618 theoph.

227 637 325 704 Erret.
344 639 461 725 llup.);
477 639 566 705 uude
582 639 702 700 notant
720 637 839 704 Filium
856 657 992 724 quoqne
1008 642 1181 724 tamquam
1198 635 1385 719 agricolam
1406 634 1553 703 describi

223 741 402 830 aequalem
426 746 528 811 Patri.
555 747 645 817 Quae
666 748 781 810 tamen
806 742 975 827 allegoria
998 743 1062 808 hoc
1083 741 1155 806 loco
1173 761 1284 828 neque
1305 741 1421 807 verbis
1441 762 1553 828 neque

222 871 257 914 re
278 848 351 937 ipsa
364 851 548 919 indicatur.

265 959 304 1022 Ut
324 980 402 1024 vcro
429 959 577 1024 fructum
608 956 697 1023 ferre
724 958 870 1046 possint,
894 978 981 1044 opus
1005 960 1055 1020 est
1079 953 1250 1028 orati0n03
1277 974 1384 1041 quare
1408 954 1552 1042 apponit

221 1062 360 1130 modum
387 1064 458 1129 fore
480 1062 709 1151 supplicando
730 1063 817 1148 (Coi.
841 1064 955 1148 Bon),
983 1072 1020 1126 ut
1043 1058 1280 1149 quodcumque
1296 1058 1465 1148 petieritis
1486 1062 1551 1126 Pa-

222 1180 306 1235 trem
322 1171 360 1236 io
374 1168 513 1234 nomine
535 1191 609 1234 meo
632 1168 689 1235 det
708 1170 818 1247 cobis,
837 1167 910 1234 scil.
936 1166 1035 1258 posui
1054 1188 1130 1248 voS,
1151 1178 1209 1248 nt,·
1225 1164 1377 1232 etiamid
1393 1165 1553 1231 beneficii

221 1275 268 1342 eis
290 1273 474 1364 promittit,
496 1275 624 1342 forent
646 1280 744 1340 Pater
768 1273 945 1340 laboribus
967 1274 1116 1362 ipsorum
1134 1292 1236 1361 quam
1260 1271 1407 1337 maxime
1422 1271 1549 1338 laveat.

220 1387 322 1449 Prout
337 1380 492 1446 membra
506 1383 622 1470 priora
638 1381 835 1446 reseruntur
850 1379 894 1446 ad
908 1379 1015 1470 posui
1035 1402 1047 1445 .·
1063 1380 1158 1467 posui
1175 1383 1211 1444 ut
1226 1379 1309 1444 eatis
1324 1384 1358 1444 et
1376 1377 1441 1467 (ut)
1458 1377 1550 1444 fruc·
1646 1430 1651 1437 .

219 1492 291 1553 tum
306 1485 455 1552 afferatis
472 1493 505 1553 et
522 1487 586 1575 (ut)
608 1487 739 1553 fructus
759 1494 912 1567 maneat,
935 1487 983 1552 ita
1004 1487 1068 1552 hoe
1088 1485 1246 1551 ultimum
1267 1507 1406 1574 quoque
1430 1484 1550 1551 eadem
1619 1529 1622 1536 ,

220 1592 351 1659 ratione
367 1614 387 1658 a
403 1593 508 1660 verbo
530 1593 696 1682 primario
709 1593 815 1683 posui
835 1592 1033 1682 dependere
1058 1590 1240 1658 dicendum
1265 1596 1331 1672 est,
1359 1590 1409 1657 uti
1435 1589 1548 1657 Ttom.

221 1698 288 1765 Tol.
315 1698 389 1766 Coi.
414 1703 492 1766 Bar.
517 1698 607 1767 Cori.
629 1698 691 1765 Fit.
717 1702 928 1789 concipiunt.
958 1704 1002 1765 lle
1023 1698 1057 1764 vi
1072 1704 1105 1764 et
1120 1697 1272 1764 citicae-ia
1289 1698 1455 1763 orationis
1473 1696 1551 1763 vide

220 1812 331 1885 tt,13.
347 1812 398 1872 lt.
412 1811 546 1893 Legunt
560 1804 636 1871 etr.
664 1805 823 1896 Theopla,
839 1806 965 1895 quibus
984 1803 1092 1871 Mald.
1111 1805 1318 1872 assentitur:
1340 1802 1417 1870 dean
1438 1803 1551 1886 vobim·

217 1912 259 1978 el.
281 1920 392 1992 talu.
419 1913 510 1979 llnlti
531 1920 646 1980 autem
672 1914 736 1979 hoe
756 1913 947 1980 membrum
968 1912 1131 2000 consequi
1151 1911 1269 1978 volunt
1290 1934 1360 1978 non
1377 1934 1416 1976 ex
1427 1911 1546 2000 paesici,

216 2018 274 2084 sed
286 2041 324 2084 ex
337 2018 537 2085 immediate
554 2017 835 2086 antecedentibus
853 2041 860 2084 :
878 2043 919 2086 eo
931 2017 1023 2108 quod
1039 2019 1189 2084 fructum
1200 2018 1338 2097 affertis,
1357 2015 1401 2083 ad
1417 2022 1547 2083 tantam

217 2124 378 2191 fiduciam
400 2126 604 2204 evehemini,
628 2133 683 2205 ut,
706 2127 948 2215 quodcumque
965 2134 1029 2192 ete.
1054 2126 1185 2213 (Cyr·.);
1202 2123 1311 2190 fructu
1330 2124 1436 2191 allato
1452 2122 1550 2190 dabit

217 2230 314 2298 vohis
325 2236 609 2321 l’atcrtamquam
625 2230 934 2300 remunerationem
950 2231 1113 2322 (Theoph.
1125 2235 1214 2320 Any.
1228 2230 1342 2319 Rom),
1356 2229 1410 2296 vel
1420 2231 1550 2297 fruetus

215 2344 282 2415 est,
305 2345 343 2403 nt
364 2339 501 2428 (dmm
526 2341 552 2404 si
573 2340 722 2406 fructum
743 2339 887 2421 affertis,
902 2346 1076 2429 sequetur,
1095 2344 1130 2405 nt
1145 2347 1209 2406 etc.
1230 2338 1327 2426 (Lep.
1344 2339 1425 2404 Nat.
1441 2335 1545 2425 Sclzq.

214 2443 342 2529 Selia).
361 2445 459 2511 Vides
474 2467 592 2511 omnes
609 2445 669 2513 hos
682 2446 771 2514 illud
782 2461 818 2512 ut
833 2446 1015 2513 adnectere
1031 2467 1099 2512 non
1115 2444 1157 2511 ad
1173 2444 1334 2511 ultimum
1351 2443 1545 2509 membrum

217 2550 359 2638 (tructus
378 2559 488 2618 vester
509 2554 676 2642 maneat),
694 2553 786 2642 quod
802 2560 917 2620 tamen
936 2551 1202 2641 exspectandum
1215 2556 1304 2629 erat,
1325 2549 1353 2616 si
1368 2551 1412 2615 ab
1426 2550 1545 2615 imme·

213 2656 305 2723 diate
316 2658 599 2725 antecedentibus
616 2658 842 2748 dependeret;
865 2660 967 2749 proin
987 2681 1026 2725 eo
1045 2658 1114 2724 iam
1135 2657 1319 2723 ostendunt
1333 2678 1404 2722 esse
1420 2658 1541 2738 satius,

212 2765 330 2831 omnia
346 2767 502 2832 membra
521 2767 710 2833 sententiae
725 2767 799 2855 pari
818 2767 952 2832 ratione
968 2766 1012 2831 ad
1026 2765 1169 2831 verbnm
1184 2764 1388 2852 primarium
1401 2763 1541 2828 reterre.

212 2874 320 2937 lionet
336 2873 450 2960 itaque
470 2872 621 2939 Christus
635 2872 805 2961 apostolos
822 2872 864 2940 de
884 2894 1023 2938 munere
1039 2871 1199 2937 obeundo
1218 2870 1239 2934 i.
1259 2893 1289 2935 e.
1307 2869 1350 2935 de
1367 2869 1542 2958 praedica-

213 2977 303 3042 tione
318 2978 491 3063 evangelii
511 2986 544 3045 et
571 2979 682 3045 fructu
709 2987 931 3068 permanente
954 2977 1145 3053 afferendo,
1167 2984 1199 3043 et
1216 2999 1259 3042 ne
1275 2976 1319 3043 oh
1340 2975 1453 3066 operis
1471 2997 1542 3041 ma·

210 3083 426 3169 gnitudinem
448 3094 482 3150 et
497 3085 735 3152 difficultatem
751 3093 956 3163 terreantur,
977 3092 1055 3174 apte
1072 3084 1139 3149 illis
1152 3083 1310 3169 suggerit
1327 3083 1448 3148 ultimo
1464 3083 1539 3148 loeo

209 3188 244 3254 id
260 3190 363 3255 etiam
381 3213 449 3256 ase
461 3213 531 3257 csse
543 3193 719 3280 provisum
740 3199 773 3259 et
788 3192 1006 3271 destinatum,
1024 3196 1166 3256 utPater
1181 3211 1301 3257 eorum
1317 3187 1541 3278 petitionibus

210 3295 358 3382 benigne
383 3305 526 3365 annuat:
559 3297 704 3386 proinde
731 3298 848 3365 omnia
871 3299 942 3364 illis
965 3304 1099 3386 praesto
1126 3320 1213 3376 esse,
1240 3296 1367 3385 quibus
1392 3295 1540 3361 maxima

208 3424 284 3468 cum
301 3402 427 3470 fiducia
447 3426 533 3492 opus
548 3404 808 3492 aggrediantur.

251 3509 479 3596 Subiungitur
492 3509 704 3594 adhortatio,
723 3534 812 3601 quae
830 3511 932 3580 simul
950 3517 999 3578 est
1021 3510 1208 3600 complexio
1221 3532 1261 3575 ac
1276 3508 1539 3598 comprehensio

208 3615 484 3682 antecedentium
510 3618 610 3707 (llnp.
639 3619 729 3685 lons.
756 3619 822 3685 Tol.
848 3617 955 3685 trata.
989 3618 1078 3685 Corl.
1107 3617 1222 3703 Sclrz.)
1250 3623 1284 3683 ct
1306 3615 1475 3704 quaedam
1496 3615 1539 3681 ad

207 3722 448 3810 subsequentia
462 3725 616 3790 transitio
639 3725 743 3814 (detq.
758 3725 834 3791 Alo.
853 3726 927 3793 Coi.
946 3726 1058 3810 Patr.)
1075 3748 1106 3791 v.
1128 3733 1165 3790 Π
1180 3724 1262 3790 hoec
1284 3721 1411 3789 orando
1430 3721 1535 3805 vobio,

209 3840 245 3892 nt
261 3826 420 3915 ‹tiltqatz's
439 3829 600 3911 inm'cmn,¹
621 3838 789 3921 quantum
815 3839 1027 3898 momentum
1052 3840 1156 3920 ponat
1183 3835 1271 3897 lesus
1296 3829 1331 3894 in
1353 3829 1418 3895 hoc
1439 3850 1539 3918 prae-

206 3943 319 4023 cepto,
339 3936 451 4002 elucet
473 3961 512 4003 ex
538 3939 683 4027 repetita
706 3939 918 4005 iniunctione
943 3939 1000 4027 (el.
1033 3943 1149 4018 13‚3t;
1172 3937 1298 4014 tanat.
1322 3935 1489 4022 Adiungit
1502 3935 1538 4002 id

207 4042 271 4107 hoe
293 4042 366 4107 loeo
390 4043 435 4109 ad
454 4065 580 4110 munus
605 4046 849 4134 apostolicum;
874 4045 965 4111 unde
989 4045 1087 4111 docet
1112 4045 1298 4134 plurimum
1325 4065 1463 4132 quoque
1493 4043 1538 4109 ad

205 4149 492 4236 propagationem
520 4151 693 4237 evangelii
722 4152 900 4232 interesse,
929 4159 966 4218 ut
989 4153 1112 4218 caritas
1143 4153 1226 4218 haec
1247 4152 1399 4216 fraterna
1417 4147 1537 4214 sedulo

207 4255 377 4337 loveatnr3
397 4283 412 4314 «
436 4256 519 4322 haec
532 4265 581 4324 est
596 4259 651 4325 via
668 4280 844 4348 perquam
861 4259 1010 4324 fructum
1028 4259 1171 4324 multum
1185 4258 1333 4324 allcrctis
1349 4254 1537 4343 etpopulos

206 4363 425 4442 convertetis,
453 4363 495 4428 ad
521 4364 613 4453 quod
644 4371 739 4431 tanta
763 4367 877 4451 gratia
905 4372 937 4431 et
962 4365 1166 4431 liberalitate
1192 4385 1266 4429 mea
1290 4361 1386 4428 electi
1413 4363 1492 4427 estis
1518 4388 1534 4423 o

207 4466 293 4553 (Tol.
305 4496 323 4535 i.
343 4469 475 4535 llandat
490 4471 595 4556 igitur
611 4474 763 4539 Christus
783 4495 821 4537 ac
844 4472 1011 4561 praecipit
1026 4478 1179 4536 mutuam
1194 4469 1413 4535 dilectionem
1428 4491 1434 4548 ;
1457 4490 1536 4557 par-

206 4573 311 4640 ticula
324 4581 371 4644 ἵνα
391 4577 510 4643 eodem
530 4579 633 4645 modo
649 4579 791 4669 ponitur
808 4602 876 4667 quo
893 4602 996 4667 snpra
1019 4602 1052 4644 v.
1072 4584 1092 4644 8
1107 4584 1140 4644 et
1156 4583 1195 4642 12
1208 4583 1241 4642 et
1257 4592 1346 4644 :2512
1371 4574 1452 4641 llaec
1469 4596 1537 4641 non

207 4678 249 4744 ad
267 4684 506 4750 antecedentia
531 4694 679 4772 spectat,
697 4685 755 4753 sed
776 4707 853 4751 cum
870 4687 1025 4775 emphasi
1043 4692 1262 4774 praeceptum
1277 4682 1471 4748 dilectionis
1487 4682 1537 4748 el·

208 4786 325 4854 fertur.
344 4793 457 4878 Neque
478 4792 585 4857 obstat
611 4793 702 4881 quod
726 4810 833 4873 ταῦτα,
861 4816 928 4860 nou
954 4810 1037 4862 τεΰτε
1061 4793 1419 4858 habetur·.Nan1·.23:2
1446 4788 1537 4856 haud
