4116 5648
375 707 489 774 Merito
504 709 648 793 carpunt
668 701 890 786 synedristas,
911 706 1080 794 principes
1097 699 1327 778 sacerdotum,
1340 704 1484 785 scribas,
1500 703 1653 771 seniores

330 814 466 903 populi,
484 811 546 900 qui
565 815 674 875 lesum
696 807 912 876 adduxerunt
931 812 1059 900 (ttattb.
1083 814 1177 883 27,st
1196 812 1292 873 nare,
1316 814 1410 887 15,1;
1432 815 1510 878 Luc,
1528 817 1650 890 22⁶⁶}

330 920 537 1008 aa‚1);nam
555 935 675 981 revera
693 936 764 983 sese
784 914 953 1005 praebent
967 915 1158 984 excolantes
1167 914 1329 994 culicem,
1346 916 1515 983 camelum
1536 924 1652 985 autem

331 1021 651 1113 glutientestllatth.
668 1022 802 1111 23‚2t);
819 1051 836 1081 a
852 1044 875 1086 o
888 1022 996 1113 impia
1015 1021 1167 1101 caecitas
1186 1020 1401 1108 alienigenae
1416 1022 1538 1089 iudicis
1551 1048 1652 1112 prae-

331 1132 417 1197 torio
430 1127 656 1195 contaminari
672 1131 794 1195 timent
809 1134 841 1194 et
856 1128 969 1196 fratris
982 1127 1170 1196 innocentis
1186 1129 1352 1214 sanguine
1364 1151 1436 1195 non
1453 1128 1622 1198 timebant
1635 1162 1651 1191 η

289 1248 295 1272 ‘
331 1234 471 1325 (Any.);
499 1263 514 1294 u
536 1233 596 1323 qui
617 1235 835 1302 decimabant
858 1237 1032 1304 mentham
1056 1242 1089 1301 et
1114 1235 1297 1315 anethum,
1315 1235 1439 1301 iniuste
1454 1236 1653 1303 occidentes

251 1415 254 1421 Δ
328 1364 365 1409 se
381 1341 609 1408 contaminari
627 1364 696 1408 non
717 1341 902 1431 putabant,
929 1348 1047 1410 contra
1071 1362 1149 1407 vero
1171 1341 1207 1406 in
1227 1342 1437 1429 praetorium
1454 1345 1652 1409 intrantes»

332 1445 427 1537 (ctu.
462 1449 571 1538 Cyru).
603 1448 734 1515 ludaeis
760 1448 960 1538 permissum
979 1458 1053 1516 erat
1071 1446 1258 1514 secundum
1281 1450 1410 1536 patrias
1432 1451 1524 1536 leges
1539 1451 1654 1516 vivore

330 1560 364 1621 et
379 1554 523 1622 Romani
542 1555 709 1621 rationem
730 1554 858 1623 habere
872 1554 1029 1622 solebant
1045 1558 1158 1641 legum
1174 1576 1213 1619 ac
1228 1556 1511 1623 consuetudinum
1533 1579 1653 1622 eorum

329 1661 492 1751 prudenti
515 1661 664 1751 quadam
688 1660 1002 1728 accommodatione
1030 1662 1086 1749 (cl.
1115 1661 1288 1749 Iosephus,
1313 1661 1429 1751 Antiq.
1459 1669 1586 1742 1623.
1615 1668 1653 1737 ἃς

331 1767 412 1835 Bell.
434 1766 506 1835 iud.
533 1766 654 1854 6,6,2).
682 1770 764 1834 Cum
797 1767 912 1858 itaque
937 1768 1148 1854 synedristae
1168 1766 1231 1832 sibi
1254 1766 1413 1852 religioni
1436 1767 1601 1834 ducerent
1621 1771 1656 1834 in

329 1874 540 1964 praetorium
563 1873 710 1956 intrare,
735 1895 870 1961 praeses
893 1874 938 1941 ad
963 1896 1082 1940 eorum
1106 1895 1141 1939 se
1157 1872 1338 1938 arbitrium
1358 1875 1587 1940 conformavit
1615 1898 1654 1941 eo

330 1981 442 2066 magis
456 1979 538 2068 quia
547 1978 740 2065 generatim
753 2002 874 2047 causae
887 1981 1037 2047 forenses
1051 1979 1188 2070 publice
1202 1980 1259 2064 agi
1276 1979 1433 2046 solebant
1448 2004 1479 2047 v.
1493 1988 1535 2048 29
1549 1982 1656 2047 eric-it

331 2107 411 2176 erqo
435 2085 571 2152 Pilatus
593 2124 638 2135 —
659 2087 864 2153 mentionem
886 2088 1067 2178 praetorii,
1097 2086 1193 2153 Pilati
1212 2085 1260 2152 ita
1284 2086 1381 2167 tacit,
1401 2092 1438 2154 ut
1462 2087 1655 2177 praesidem

330 2192 469 2260 aliunde
483 2197 602 2259 notum
631 2214 705 2259 esse
724 2200 894 2283 supponat
910 2231 954 2244 -
973 2193 1022 2259 ad
1035 2216 1089 2260 eos
1101 2196 1194 2278 (oras
1211 2205 1243 2257 et
1258 2192 1348 2258 dixit
1363 2216 1376 2258 .·
1390 2216 1495 2283 quam
1511 2218 1656 2260 accersa-

332 2299 460 2366 tionem
483 2297 616 2388 affertis
634 2297 796 2366 aduersus
815 2298 984 2366 hominem
1000 2299 1111 2367 bunc?
1128 2300 1262 2384 videtur
1279 2299 1436 2367 Pilatusa
1455 2301 1656 2388 synedristis

297 2430 303 2441 ·
331 2405 564 2496 praemonitus
585 2427 675 2489 esse,
697 2411 734 2473 ut
754 2429 811 2473 eos
834 2413 912 2473 ante
940 2413 1135 2474 consuetam
1157 2407 1277 2472 boram
1300 2409 1448 2493 (tertiam
1475 2413 1552 2497 post
1574 2408 1657 2474 solis

330 2512 457 2601 ortum)
473 2510 661 2602 exciperet3
687 2519 778 2580 certe
799 2512 867 2580 iam
885 2513 1025 2581 edoctus
1046 2520 1119 2580 erat
1134 2515 1188 2600 agi
1213 2512 1255 2579 de
1274 2514 1390 2603 aliquo
1407 2515 1532 2601 insigni
1549 2516 1655 2582 male-

331 2620 476 2699 factore,
494 2618 544 2686 uti
569 2624 664 2709 patet
686 2625 759 2687 tum
784 2643 823 2687 ex
843 2620 989 2709 eoquod
1009 2621 1132 2687 milites
1148 2620 1279 2685 romani
1295 2621 1337 2687 ad
1354 2642 1431 2687 eum
1447 2621 1654 2709 capiendum

331 2725 608 2816 requirebantur,
625 2733 698 2795 tum
721 2749 760 2793 ex
782 2750 821 2794 eo
843 2727 936 2816 quod
952 2750 1029 2795 eum
1046 2728 1152 2793 Pilato
1166 2729 1287 2792 sistunt
1306 2727 1377 2793 sine
1397 2736 1488 2793 certa
1503 2728 1655 2816 quadam

330 2831 559 2914 accusatione,
577 2841 650 2901 tum
675 2856 715 2900 ex
729 2856 845 2901 eorum
861 2857 998 2924 quoque
1012 2835 1230 2924 responsione
1247 2856 1277 2898 v.
1297 2841 1338 2900 30
1354 2835 1410 2923 (cl.
1429 2835 1517 2900 Corl.
1548 2835 1652 2924 Scbq.

329 2938 425 3028 Fit).
449 2939 575 3007 Pilatus
589 2946 704 3006 autern
716 2940 787 3007 sine
805 2947 895 3007 certa
916 2941 1112 3028 cognitione
1127 2962 1249 3006 causae
1266 2940 1434 3007 voluntati
1450 2964 1567 3008 corum
1586 2964 1656 3008 non

282 3044 285 3047 ’
329 3046 405 3113 vult
420 3046 572 3136 obsequi.
590 3051 699 3124 Quare
722 3047 873 3137 quaerit,
890 3047 972 3136 quia
995 3047 1046 3112 illi
1066 3046 1194 3113 nullam
1218 3048 1468 3113 accusationem
1496 3047 1536 3113 de
1562 3054 1656 3113 certo

330 3152 473 3220 crimine
488 3153 682 3242 proterunt3
699 3153 860 3220 volebant
878 3153 985 3240 igitur
1004 3154 1147 3220 Pilatum
1171 3153 1268 3242 quasi
1289 3174 1472 3242 occupare,
1490 3155 1656 3220 utstatim

330 3259 534 3327 sententiam
557 3259 602 3326 ad
621 3281 718 3326 suam
748 3259 901 3350 ipsorum
924 3260 1027 3326 terret
1045 3259 1224 3326 arbitrium
1248 3258 1408 3325 ulteriore
1434 3260 1656 3347 inquisitione

331 3365 466 3434 omissa.
480 3373 525 3433 De
538 3367 604 3432 hoc
622 3388 740 3433 eorum
765 3365 905 3433 consilio
929 3373 1039 3433 astuto
1058 3366 1150 3432 solus
1166 3370 1307 3431 loannes
1328 3388 1389 3431 nos
1414 3366 1522 3432 docet.
1545 3373 1655 3455 rttquc

331 3473 366 3541 id
379 3478 552 3562 assumpto
568 3472 753 3562 supercilio
766 3473 901 3563 assequi
915 3479 1083 3539 conantur
1097 3496 1129 3537 v.
1144 3479 1185 3537 30
1201 3471 1658 3561 responderantctcliarrunt

330 3579 365 3645 ei
380 3600 393 3644 .·
412 3579 443 3645 si
467 3601 537 3645 non
560 3592 643 3646 esset
667 3577 723 3645 tic
744 3577 957 3669 malefactor,
980 3601 1049 3645 non
1075 3578 1138 3644 tibi
1160 3577 1417 3645 tradidissemus
1444 3600 1541 3662 erum·
1564 3581 1656 3646 valre

329 3685 568 3772 subterfugere
592 3685 748 3768 student,
772 3709 814 3752 ne
839 3691 966 3753 certam
991 3686 1134 3752 afferant
1153 3707 1305 3761 causam;
1322 3684 1408 3750 nibil
1422 3686 1513 3750 enim
1529 3686 1657 3752 babent

330 3815 399 3882 quo
410 3792 512 3859 iudex
524 3815 686 3860 romanus
695 3794 738 3861 ad
748 3793 954 3883 supplicium
966 3792 1219 3859 decernendum
1234 3791 1418 3859 inducatur
1429 3815 1435 3872 ;
1447 3793 1546 3880 proin
1560 3815 1655 3859 suam

329 3900 507 3990 propriam
529 3899 767 3966 auctoritatem
792 3907 829 3965 ut
847 3899 1072 3966 sufficientem
1099 3899 1142 3965 ad
1163 3898 1394 3964 damnandum
1425 3903 1532 3963 lesum
1556 3899 1657 3985 inge·
1681 3883 1691 3904 ⁸

331 4013 412 4074 runt
429 4029 437 4074 ε
452 4027 514 4072 nos
529 4006 719 4095 pontifices,
734 4005 883 4072 seniores
896 4060 903 4085 ,
919 4006 1105 4094 pharisaei,
1124 4006 1318 4071 universum
1331 4005 1513 4070 concilium
1527 4006 1655 4092 (Coit.

331 4113 547 4202 expetierunt
564 4112 655 4178 enim
674 4099 902 4179 exsecutorem
927 4112 1037 4198 magis
1054 4111 1231 4192 saevitiae,
1251 4133 1354 4199 quarn
1382 4111 1551 4176 arbitrum
1577 4134 1655 4178 cau·

331 4243 389 4287 sae
407 4219 503 4308 (Leo,
522 4221 569 4286 M.
586 4218 737 4308 5t,338).

377 4332 500 4394 Verum
516 4326 565 4392 uti
582 4325 668 4392 alias
683 4326 736 4412 (cl.
761 4332 832 4392 Act.
861 4332 955 4402 17,6;
981 4331 1098 4405 18‚15;
1121 4331 1216 4399 aaa:
1238 4327 1371 4412 ml),
1388 4327 1433 4390 ita
1450 4326 1504 4392 bic
1520 4347 1656 4413 quoque

332 4432 434 4500 iudex
453 4436 615 4500 romanus
635 4432 688 4499 ius
707 4436 836 4514 servat;
858 4453 938 4498 nam
962 4454 1087 4498 nocens
1103 4432 1165 4497 nisi
1185 4438 1362 4499 accusatus
1378 4433 1480 4497 scierit
1495 4431 1656 4496 condom-

333 4541 407 4607 nari
422 4563 492 4607 non
508 4545 618 4629 potest
635 4540 765 4626 (Cicero
779 4562 840 4629 pro
856 4539 971 4606 Roscio
991 4546 1064 4606 Am.
1083 4541 1198 4620 20,.1'›6)
1221 4562 1252 4605 v.
1271 4545 1309 4604 31
1333 4540 1420 4605 dicit
1438 4562 1518 4626 erqo
1537 4538 1585 4602 cis
1604 4539 1657 4602 Pi-

334 4646 424 4713 latus
446 4667 459 4712 .·
482 4645 628 4736 accipite
649 4669 726 4713 eum
753 4669 810 4712 cos
834 4658 867 4710 et
887 4644 1073 4712 secundom
1097 4648 1204 4735 qurru
1226 4659 1368 4711 cestram
1394 4645 1544 4710 italicum
1559 4666 1658 4727 ercam

336 4782 352 4813 ιι
369 4752 473 4820 infert
490 4754 615 4820 Pilatus
630 4755 885 4842 responsionem
898 4774 1089 4838 congruam
1106 4752 1287 4840 supercilio
1308 4752 1493 4842 productae
1510 4753 1657 4818 auotori-

334 4862 412 4927 tatis
427 4861 629 4928 ludaeorum
648 4882 655 4927 :
673 4882 712 4926 ex
728 4882 795 4948 quo
815 4859 975 4927 recusatis
991 4860 1239 4927 accusationem
1252 4881 1442 4948 proponere
1455 4880 1570 4924 coram
1589 4881 1654 4933 rue,

333 4967 413 5034 nolo
433 4988 497 5054 ego
520 4969 675 5058 accipere
700 4988 776 5033 eum
804 4966 1038 5034 damnandum
1063 4996 1078 5028 »
1107 4965 1231 5053 (Catu
1259 4965 1444 5031 absurdum
1465 4967 1556 5032 enim
1586 4987 1656 5031 csso
