4050 5648
537 39 568 91 'a
621 40 689 94 tw·
754 39 822 93 *aa
937 39 1521 103 ne'casea-reversas?
1589 45 1631 94 ..v
1646 40 1714 91 ³:12·
1727 40 1859 91 εἰπε
1887 82 1889 86 .

439 102 459 133 ·-··
477 86 490 111 '·
505 94 552 133 'w'
632 72 704 153 asli*
732 114 926 153 i
947 74 1580 151 cita·*saisivit-tet'eir'·'-.⁴·ii=‘.·‘elst.stetit-'tier‘
1709 81 1861 141 *cb-*rte*
1876 86 1969 148 ‘affl-25⁴<

1863 39 1969 99 gis-24:⁴⁴³

1058 389 1138 435 ιοιιιι.
1162 371 1245 442 aaa.
1765 374 1823 435 ιιι)

398 520 400 525 ’
498 531 532 593 et
546 519 784 592 incredibilem
803 542 867 606 ego
883 521 1195 609 pronuntiaverim
1212 523 1241 589 si
1260 520 1351 586 enim
1375 543 1443 588 non
1462 521 1708 610 capitisvcrba
1726 544 1817 607 mea,

497 652 564 698 non
578 625 655 694 ideo
670 652 751 697 vera
764 648 835 694 non
848 634 943 714 suut,
957 629 1017 696 sed
1027 627 1122 715 quod
1137 651 1207 695 non
1223 627 1355 692 habetis
1370 629 1405 693 in
1422 627 1517 693 vobis
1532 628 1650 694 lumen
1663 627 1748 694 illud
1765 628 1819 694 di-

497 736 613 801 vinum
626 735 720 824 quod
731 734 958 802 necessarium
971 737 1022 800 est
1030 733 1076 800 ad
1087 732 1294 801 veniendum
1306 733 1350 800 ad
1364 754 1430 798 me.
1449 733 1594 798 Proinde
1611 735 1659 800 eis
1670 735 1820 802 insinuat

497 861 552 907 eos
570 839 694 910 debere
713 840 825 928 potius
843 840 997 908 lumena
1017 843 1082 907 beo
1099 847 1217 931 petere
1237 862 1342 928 quam
1363 859 1595 918 murmurare,
1616 846 1649 904 et
1666 840 1820 908 declarat

495 945 597 1014 fidem
615 970 687 1032 non
707 966 777 1012 esse
796 943 1057 1014 adscribendam
1080 947 1158 1013 solis
1177 946 1278 1011 liberi
1298 944 1414 1011 abitrii
1437 944 1567 1011 viribus
1586 951 1619 1011 et
1639 945 1741 1011 simul
1763 969 1819 1013 eos

495 1057 598 1122 terret
616 1053 712 1145 quasi
731 1052 910 1120 destitutos
927 1061 1073 1141 paterno
1092 1059 1126 1119 et
1149 1051 1267 1118 divino
1288 1050 1416 1117 lumine
1437 1050 1549 1138 (rot).
1574 1055 1680 1118 Causa
1703 1052 1819 1141 itaque

496 1158 772 1229 murmurationis
779 1179 896 1227 eorum
907 1164 956 1224 est
965 1159 1150 1227 infidelitas
1162 1157 1305 1245 (Thone.)
1319 1164 1353 1223 et
1363 1160 1447 1223 Bon.
1459 1158 1506 1223 ita
1516 1178 1641 1223 nexum
1653 1158 1816 1227 adstruit:

495 1269 582 1335 ratio
596 1286 703 1356 quare
719 1289 785 1333 non
803 1264 932 1332 debent
943 1286 1160 1332 murmurare
1175 1273 1225 1331 est
1240 1265 1322 1354 quia
1334 1265 1501 1330 Christum
1517 1286 1586 1331 non
1602 1265 1816 1351 intelligunt,

493 1396 565 1441 non
587 1371 787 1460 intelligunt
814 1371 896 1460 quia
920 1394 991 1438 non
1019 1373 1182 1453 eredunt,
1206 1393 1275 1437 non
1302 1371 1446 1437 eredunt
1470 1372 1552 1459 quia
1574 1393 1641 1436 nou
1662 1371 1711 1437 eis
1730 1380 1819 1438 esta

492 1483 590 1576 l’atre
607 1477 738 1546 datum.
751 1484 869 1567 ltaque
888 1478 978 1545 clare
989 1477 1031 1544 iis
1049 1478 1180 1546 indicat
1200 1479 1235 1544 in
1245 1500 1364 1544 eorum
1376 1476 1577 1543 infidelitate
1597 1478 1736 1563 agnosci
1756 1477 1817 1544 de-

492 1586 575 1653 bere
586 1582 826 1655 documentum
841 1583 935 1673 quod
950 1590 1036 1652 heus
1050 1606 1106 1652 eos
1116 1584 1250 1651 deserat
1263 1591 1297 1650 et
1314 1584 1465 1650 abiiciat.
1488 1582 1580 1664 Unde
1598 1585 1676 1670 Cpr.
1693 1585 1813 1651 infert:

394 1707 397 1714 ·
495 1717 512 1753 «
528 1690 585 1759 hic
598 1697 713 1760 autem
722 1689 917 1758 nihilaliud
929 1713 1046 1758 rursus
1055 1692 1182 1778 agebat
1194 1712 1299 1779 quam
1313 1697 1350 1757 ut
1361 1688 1578 1780 persuaderet
1590 1690 1671 1756 ssetu
1682 1697 1716 1756 et
1726 1712 1817 1757 acer·
1919 1670 1921 1673 ⁵
1952 1692 1959 1753 1

494 1796 633 1866 bissimo
647 1798 766 1866 dolore
781 1818 897 1891 eorum
919 1819 1007 1887 quae
1027 1796 1246 1886 deliquerant
1264 1798 1397 1863 veniam
1416 1817 1598 1886 quaerere,
1618 1818 1758 1883 rogare,
1782 1805 1818 1864 ut

491 1903 536 1972 ad
550 1904 695 1973 salutem
710 1926 773 1993 per
787 1904 892 1971 fidem
902 1903 939 1970 in
949 1903 1121 1971 Christum
1136 1903 1390 1993 quodammodo
1404 1902 1660 1992 pertrahantur,
1676 1903 1817 1970 consilio

490 2010 597 2078 Patris
616 2016 648 2078 et
667 2010 792 2078 auxilio
809 2010 927 2077 divino
947 2009 1013 2077 iter
1030 2010 1080 2077 eis
1099 2010 1241 2100 planum
1259 2032 1300 2076 ac
1319 2009 1417 2076 laeile
1438 2008 1617 2092 reddente,
1639 2010 1732 2098 quod
1753 2009 1815 2099 ipsi

490 2116 663 2206 peccando
677 2117 863 2184 immodice
876 2124 1161 2206 exasperaverant
1180 2146 1208 2179 a.

534 2223 649 2291 Fidem
666 2224 774 2312 igilur
791 2245 863 2290 esse
882 2223 1013 2290 donum
1031 2223 1089 2289 Dei
1109 2224 1227 2301 docet,
1248 2245 1335 2312 opus
1353 2245 1424 2290 esse
1441 2222 1554 2310 gratia
1574 2223 1724 2302 interna,
1746 2244 1816 2312 qua

490 2329 594 2397 homo
608 2331 777 2397 trahatur.
798 2329 900 2396 «Noli
914 2335 947 2396 te
966 2329 1121 2416 cogitare
1135 2330 1282 2396 invitum
1296 2331 1428 2397 trahi...
1445 2335 1495 2395 est
1509 2327 1678 2417 quaedam
1692 2328 1816 2417 volup-

488 2442 540 2504 tas
559 2436 686 2517 cordis„
706 2437 762 2504 eui
784 2437 884 2526 panis
912 2436 1024 2504 duleis
1050 2447 1100 2503 εει
1120 2436 1274 2502 coelestis
1292 2435 1361 2502 ille.
1384 2443 1487 2502 Porro
1506 2436 1535 2502 si
1562 2441 1681 2524 poetae
1701 2435 1815 2501 dicere
1905 2473 1906 2476 π
1961 2470 1966 2477 -

432 2562 434 2568 ·
488 2543 609 2611 licuit:
628 2544 732 2611 trahit
743 2565 805 2610 sua
817 2565 990 2633 quemque
1004 2545 1177 2632 voluptas,
1195 2565 1264 2609 non
1275 2544 1472 2624 necessitas,
1486 2541 1546 2608 sed
1558 2541 1729 2630 voluptas3
1746 2563 1814 2608 non
1891 2547 1893 2550 ⁴

488 2650 669 2737 obligatio,
688 2649 750 2717 sed
763 2649 962 2733 delectatio,
979 2657 1109 2738 quanto
1125 2650 1245 2716 fortius
1262 2670 1323 2715 nos
1338 2648 1451 2714 dicere
1469 2647 1633 2715 debemus
1645 2649 1734 2714 trahi
1752 2647 1814 2714 ho-

489 2757 616 2823 minem
637 2755 681 2824 ad
700 2757 887 2839 Christum,
910 2757 969 2846 qui
989 2757 1180 2823 delectatur
1195 2756 1353 2835 veritate,
1377 2756 1563 2822 delectatur
1582 2753 1811 2836 beatitudine,

488 2863 829 2946 delectaturiustitia,
842 2862 1032 2931 delectatur
1044 2864 1252 2952 sempiterna
1265 2865 1335 2928 vita
1344 2861 1436 2952 quod
1449 2869 1557 2928 lotum
1567 2860 1717 2927 Christus
1732 2869 1783 2927 est
1798 2889 1812 2920 »ι

486 2969 630 3059 (Attali
644 2974 683 3037 Et
696 2970 775 3037 ideo
790 2968 951 3038 additur:
970 2983 1003 3036 et
1017 2993 1078 3060 eqo
1091 2970 1297 3036 recrucitabo
1312 2990 1390 3034 eum
1405 2966 1635 3034 innovissimo
1651 2967 1723 3047 (lic,
1744 2989 1812 3056 quo

486 3076 611 3152 iterum
626 3075 791 3156 declarat,
806 3077 841 3141 iu
855 3075 923 3142 fide
936 3075 980 3142 ad
993 3099 1098 3165 quam
1109 3077 1221 3163 gratia
1233 3098 1320 3164 opus
1331 3082 1381 3141 est
1390 3079 1497 3141 lotam
1507 3073 1655 3141 hominis
1669 3075 1812 3140 salutem

487 3187 522 3249 et
534 3183 670 3249 beatam
685 3185 921 3250 aeternitatem
935 3182 1114 3255 collocari:
1131 3181 1275 3271 proinde
1289 3182 1353 3248 nisi
1362 3181 1463 3249 tracti
1473 3181 1599 3247 luerint
1609 3204 1631 3248 a
1645 3185 1759 3263 Patre,
1777 3188 1814 3247 ut

489 3289 675 3357 'venientad
685 3295 807 3373 lesum,
821 3289 952 3355 nullam
963 3289 1032 3355 illis
1040 3289 1189 3376 relinqui
1199 3311 1306 3378 spem.
1321 3294 1406 3354 Num
1418 3292 1534 3354 carent
1545 3288 1685 3354 forsitan
1697 3286 1810 3376 eulpa,

487 3397 649 3487 quianon
662 3396 847 3463 trahuntur
861 3395 1013 3462 alleoad
1024 3395 1149 3461 fidem?
1162 3395 1344 3484 respondet
1361 3394 1475 3461 Tlcom.
1492 3415 1505 3458 .·
1522 3420 1539 3455 «
1554 3399 1639 3461 [teus
1653 3393 1812 3460 omnibus

486 3501 532 3569 ad
545 3501 752 3570 trahendum
772 3519 913 3568 manum
933 3504 1079 3591 porrigit
1099 3509 1268 3592 quantum
1288 3503 1324 3568 in
1344 3524 1379 3569 se
1399 3509 1464 3580 est3
1486 3522 1606 3589 exque
1626 3523 1710 3586 ergo
1728 3506 1812 3568 [leus

487 3615 625 3699 paratus
639 3615 689 3676 est
704 3609 785 3676 dare
800 3608 959 3675 omnibus
971 3609 1121 3695 gratiam
1137 3615 1171 3675 et
1183 3609 1228 3676 ad
1240 3631 1274 3674 se
1288 3609 1440 3691 trahere,
1454 3630 1523 3674 non
1536 3608 1725 3697 imputatur
1738 3608 1769 3673 ei
1783 3607 1811 3674 si

487 3717 563 3805 quis
576 3738 645 3782 non
661 3715 822 3805 accipiat,
839 3715 899 3783 sed
911 3715 943 3782 ei
958 3715 1016 3804 qui
1032 3737 1102 3781 non
1116 3715 1240 3804 accipit
1255 3745 1270 3775 »ι
1289 3722 1338 3796 ει,
1357 3723 1393 3781 ut
1408 3713 1515 3780 llnld.
1534 3713 1633 3796 dicit,
1651 3736 1711 3781 cur
1724 3735 1812 3780 unus

488 3822 644 3889 trahatur
663 3821 748 3888 alius
761 3842 846 3904 non,
863 3851 878 3881 ι
893 3827 984 3888 certe
998 3821 1212 3910 probabilior
1226 3829 1260 3888 et
1276 3822 1385 3908 magis
1400 3819 1557 3909 expedita
1570 3819 1744 3907 responsio
1762 3826 1812 3886 est

489 3929 581 3997 hunc
598 3927 705 4011 trahi,
720 3927 821 3994 illum
839 3950 908 3995 non
928 3929 1035 4009 trahi,
1058 3930 1140 4017 quia
1159 3929 1214 3994 hic
1235 3928 1428 3993 trahentem
1447 3932 1551 3993 Deum
1573 3925 1808 4015 sequiminit,

487 4036 546 4102 ille
557 4033 681 4113 noluit3
695 4034 786 4123 quod
798 4033 871 4122 ipse
881 4033 913 4099 d.
927 4037 1017 4122 alep.
1034 4035 1077 4099 de
1087 4034 1237 4114 duobus,
1258 4034 1432 4100 Pharaone
1445 4032 1809 4113 etllahuchodonosor,

487 4148 623 4210 coactus
636 4145 686 4208 est
694 4139 849 4207 confiteri
866 4162 874 4207 :
890 4148 1057 4227 quantum
1068 4140 1112 4205 ad
1125 4147 1283 4206 naturam
1295 4140 1398 4205 ambo
1411 4139 1566 4204 homines
1580 4145 1694 4217 erant,
1708 4137 1810 4205 anrbo

488 4249 660 4338 captivum
679 4248 845 4337 populum
867 4246 923 4312 llei
947 4246 1177 4336 possidentes,
1197 4253 1366 4334 quantum
1392 4245 1435 4312 ad
1457 4267 1602 4335 poenam
1626 4245 1729 4310 ambo
1749 4245 1805 4312 ssa·

489 4356 588 4442 gellis
606 4355 790 4421 elementer
808 4353 983 4420 admoniti.
1004 4352 1091 4431 lluid
1110 4374 1194 4439 ergo
1215 4353 1300 4419 lines
1319 4375 1436 4419 eorum
1458 4353 1538 4417 lecit
1557 4350 1725 4417 diversos?
1746 4351 1810 4419 nisi

489 4462 577 4550 quod
594 4483 680 4528 unus
696 4482 836 4527 manum
849 4460 1059 4526 Dcisenliens
1075 4459 1110 4525 in
1126 4460 1359 4526 recordatione
1376 4456 1536 4547 propriae
1547 4456 1739 4545 iniquitatis
1757 4458 1809 4523 in·

489 4570 634 4653 gemuit;
652 4569 739 4636 aller
751 4565 859 4633 libero
871 4574 991 4633 contra
1006 4566 1357 4633 misericordissimam
1376 4565 1432 4630 llei
1447 4563 1625 4630 veritatem
1643 4565 1811 4654 pugnauit

488 4672 629 4740 arbitrio
642 4676 696 4763 (de
713 4675 877 4765 praedest.
896 4682 929 4741 et
947 4674 1058 4761 gratia
1073 4695 1148 4762 cap.
1173 4675 1239 4760 15).
1259 4678 1325 4738 Cur
1344 4694 1426 4759 ergo
1443 4673 1485 4738 dc
1501 4670 1661 4738 omnibus
1679 4692 1745 4737 non
1759 4669 1812 4736 di-

488 4802 620 4863 camus,
640 4782 732 4872 quod
745 4782 802 4848 illc
817 4781 859 4847 de
875 4780 1007 4847 duobus
1020 4779 1103 4846 dixit
1121 4785 1158 4846 n?
