4050 5648
501 614 684 690 bulationis
697 636 801 707 super
814 633 910 682 mare
927 632 991 700 pro
1005 613 1075 678 suis
1093 606 1244 704 patravit
1258 607 1453 700 discipulis3
1474 604 1510 672 id
1522 605 1630 693 igitur
1648 606 1759 673 turbis
1772 632 1834 676 no·

503 727 568 795 luit
596 721 782 812 explicare3
808 741 851 786 cn
871 716 960 784 ratio
983 742 1045 787 cur
1067 739 1137 785 non
1162 713 1207 781 ad
1233 715 1471 805 quaestionem
1495 712 1720 801 respondeat,
1740 735 1772 778 v.
1791 721 1833 781 26

502 827 674 920 respoudit
689 831 737 898 eis
751 832 844 895 Iesus
859 837 893 890 et
908 824 1019 893 discit:
1030 845 1146 906 amau,
1167 844 1270 888 umen
1284 821 1361 888 dico
1376 821 1484 904 vobis,
1500 819 1668 911 quaeritis
1683 843 1752 902 me,
1766 841 1836 884 icon

503 936 585 1027 quic
601 937 731 1005 uidistis
748 932 871 1021 siqua,
887 933 948 1000 scd
960 933 1045 1023 quia
1064 925 1298 995 manducastis
1314 926 1516 1015 cupsonibus
1531 938 1563 993 et
1575 926 1724 993 saturati
1739 925 1836 1008 cstis;

504 1045 678 1133 quomodo
693 1043 776 1120 hoc,
794 1061 872 1106 cum
890 1045 1099 1107 tamencum
1113 1036 1221 1101 secuti
1238 1034 1307 1100 sint
1321 1032 1403 1120 quia
1417 1031 1581 1099 videbant
1598 1032 1699 1119 signa
1716 1033 1761 1119 (v.
1780 1033 1836 1121 2)·2

506 1148 596 1217 bene
611 1152 709 1219 notat
722 1148 806 1212 Bon.
825 1167 839 1211 .·
854 1168 926 1214 non
945 1144 1026 1234 quia
1045 1140 1179 1208 vidistis
1200 1141 1302 1228 signa
1322 1139 1510 1229 quaeleci,
1529 1145 1568 1206 ut
1586 1160 1649 1228 per
1664 1138 1764 1226 signa
1779 1161 1836 1205 vc·
1942 1185 1945 1189 ·

504 1257 606 1325 niatis
628 1255 673 1323 ad
699 1252 820 1331 lidem;
839 1258 874 1319 et
898 1253 947 1318 ita
965 1247 1055 1316 nihil
1076 1247 1256 1339 spirituale
1280 1246 1460 1335 quaeritis,
1476 1244 1534 1311 sed
1558 1244 1711 1323 carnale3
1729 1245 1839 1313 voluit

504 1363 596 1432 enim
607 1358 758 1430 Christus
770 1358 885 1426 dicere
899 1357 937 1424 in
951 1355 1020 1424 illis
1038 1356 1120 1447 ipsis
1134 1352 1311 1421 miraculis
1321 1375 1390 1419 non
1402 1363 1566 1441 quaerere
1580 1373 1639 1419 eos
1656 1351 1750 1441 quod
1764 1354 1838 1443 spi·
1926 1363 1931 1371 '

505 1470 621 1552 ritule,
644 1466 704 1533 sed
728 1465 820 1556 quod
850 1464 990 1530 carnale
1020 1469 1110 1545 erat,
1136 1484 1207 1528 non
1239 1460 1388 1526 fructum
1414 1458 1568 1540 animae,
1598 1457 1657 1525 sed
1684 1459 1838 1549 corporis

505 1572 641 1668 (Malu.)
659 1595 715 1640 eos
728 1570 875 1664 proinde
888 1571 926 1636 in
937 1569 1045 1656 signis
1055 1592 1127 1638 non
1141 1567 1178 1634 id
1191 1587 1398 1652 cognoscere
1411 1564 1505 1657 quod
1519 1585 1726 1652 cognoscere
1736 1564 1838 1632 debe·

503 1683 599 1760 bant,
612 1678 685 1748 scil.
701 1678 834 1747 Christo
847 1674 906 1743 Dei
917 1674 1111 1763 legatoessa
1126 1672 1340 1742 credendum
1354 1673 1503 1763 ideoque
1513 1693 1593 1738 eum
1608 1693 1678 1739 esse
1694 1694 1837 1762 sequen·

504 1788 588 1855 dum
612 1791 647 1854 et
673 1783 910 1877 quaerendum
932 1781 989 1871 (cf.
1010 1781 1078 1849 Tol.
1099 1782 1190 1848 loru.
1213 1780 1345 1870 Seleu).
1364 1784 1404 1847 Et
1432 1778 1553 1846 merito
1575 1777 1614 1845 id
1631 1778 1701 1845 illis
1715 1800 1837 1868 expro-
1945 1778 1970 1824 -'·

504 1893 616 1976 brari,
630 1893 699 1960 iam
716 1913 795 1960 mox
812 1912 843 1955 v.
858 1896 900 1956 30
916 1888 1074 1978 exemplo
1091 1887 1294 1955 illustratur.

550 2003 640 2078 Quae
654 2003 855 2089 sequuntur,
879 1995 1040 2062 videntur
1053 1994 1124 2061 iam
1138 2016 1179 2061 cx
1194 2016 1353 2061 sermone
1373 2014 1444 2059 esse
1461 2014 1564 2082 quem
1580 1997 1670 2059 lesus
1684 1991 1721 2059 in
1735 2014 1837 2081 syna-

506 2127 597 2195 goga
617 2104 712 2172 urbis
726 2103 968 2193 capharnaum
986 2100 1155 2184 habebat,
1173 2101 1230 2168 cui
1246 2097 1397 2167 sermoni
1412 2098 1602 2166 intererant
1616 2104 1650 2165 et
1664 2120 1704 2165 ex
1718 2099 1759 2165 iis
1778 2098 1839 2188 qui
1947 2164 1950 2168 .

507 2210 799 2280 manducaverant
811 2231 937 2301 panem
949 2207 1048 2274 illum
1061 2206 1229 2273 miraculo
1243 2205 1363 2273 datum
1378 2211 1411 2272 et
1420 2204 1530 2295 aliqui
1545 2228 1587 2272 ex
1596 2204 1836 2285 nobilioribus,
1906 2241 1909 2247 ¹

507 2318 626 2387 scribis
644 2319 699 2384 vel
719 2316 927 2407 pharisaeis;
946 2316 1009 2384 bos
1030 2314 1124 2381 enim
1150 2312 1293 2380 ludaeos
1317 2311 1493 2403 appellare
1519 2311 1606 2379 solet
1629 2312 1840 2399 evangelista

508 2430 622 2493 noster
637 2425 694 2516 (ci.
707 2445 739 2490 v.
752 2424 821 2511 tr).
835 2427 899 2488 Per
913 2445 948 2489 se
958 2427 1053 2512 patet
1066 2443 1178 2510 neque
1194 2420 1349 2511 quinque
1365 2418 1476 2486 millia
1487 2418 1655 2486 naviculis
1668 2418 1737 2485 illis
1749 2440 1782 2486 v.
1795 2422 1837 2484 23

508 2531 739 2600 transfretasse
753 2550 869 2617 neque
882 2528 1141 2596 multitudinem
1152 2549 1228 2595 eam
1238 2548 1375 2593 omnem
1384 2526 1608 2612 insynagoga
1621 2524 1770 2591 sermoni
1784 2525 1838 2592 in·
1900 2520 1908 2543 ³

508 2638 673 2706 terfuisse.
689 2636 740 2704 Uti
755 2636 792 2703 in
807 2634 981 2725 colloquio
1000 2656 1079 2701 oum
1097 2634 1328 2710 Samaritana,
1347 2636 1436 2699 lesus
1451 2632 1744 2722 opportunitatem
1759 2654 1838 2723 cap·
1862 2633 1866 2641 '
1964 2624 1968 2632 ’

509 2751 558 2813 tat
574 2767 648 2813 rem
664 2742 861 2812 sensibilem
884 2739 1113 2809 transterendi
1132 2739 1177 2807 a'd
1204 2761 1276 2806 rem
1300 2738 1515 2828 spiritualem
1530 2760 1563 2805 v.
1582 2744 1625 2804 27
1647 2739 1838 2829 operamini
1948 2820 1951 2826 ‚

508 2857 683 2941 ἐργάζεσθε,
698 2851 776 2918 date
794 2870 935 2940 operam
956 2857 994 2914 ut
1010 2846 1271 2937 adipiscamini,
1289 2844 1442 2913 laborate
1465 2851 1502 2911 ut
1521 2845 1725 2934 comparetis
1742 2845 1839 2914 vobis

508 2958 695 3026 concitum
709 2956 771 3047 qui
782 2956 892 3045 perit,
908 2953 969 3023 sed
982 2956 1045 3045 qui
1052 2966 1233 3043 perinane!
1246 2952 1282 3018 in
1295 2953 1400 3018 tritam
1415 2964 1590 3018 aeternum
1610 2974 1711 3041 quem
1730 2951 1839 3019 Filius

508 3063 658 3131 bominis
672 3062 767 3130 dabit
786 3065 900 3149 vobcs;
918 3083 1059 3151 operam
1078 3060 1188 3147 igitur
1202 3067 1237 3126 et
1255 3059 1409 3126 laborem
1424 3058 1493 3125 huc
1507 3056 1698 3149 impendite
1713 3081 1781 3125 non
1802 3065 1840 3125 ut

508 3170 737 3260 assequamini
747 3169 865 3235 cibum
876 3174 1089 3258 pereuntem,
1103 3166 1163 3256 qui
1174 3167 1251 3255 ipsa
1262 3165 1455 3254 sumptione
1470 3163 1558 3254 perit
1574 3164 1632 3253 (cl.
1652 3164 1766 3232 llatth.
1783 3173 1837 3249 15,

512 3276 771 3360 l't.llarc.7,19)
781 3297 895 3365 neque
905 3275 1005 3341 talem
1014 3273 1293 3364 cibumquaerite
1303 3294 1358 3338 me
1367 3277 1558 3361 sequentes;
1569 3293 1687 3340 verum
1697 3293 1839 3362 operam

510 3384 661 3451 conferte
676 3384 712 3449 in
722 3383 839 3449 cibum
859 3386 1130 3471 permanentem.
1148 3379 1235 3447 Dicit
1249 3377 1453 3468 operamini,
1467 3384 1505 3445 ut
1522 3377 1565 3444 ad
1579 3377 1849 3445 similitudinem.

511 3489 580 3558 eibi
593 3488 780 3578 corporalis
791 3488 850 3578 qui
867 3485 1042 3576 operando
1058 3485 1262 3575 acquiritur,
1279 3485 1482 3575 loqueretur
1496 3483 1539 3550 de
1554 3484 1630 3552 cibo
1649 3484 1786 3552 animae
1800 3506 1840 3551 ac

510 3595 719 3684 significaret
736 3595 870 3677 labore,
889 3615 987 3672 cura,
1003 3615 1109 3681 opera
1131 3600 1249 3659 nostra
1268 3614 1354 3681 opus
1374 3613 1447 3659 esse
1469 3589 1607 3680 (laus.);
1628 3590 1711 3659 dicit
1726 3590 1837 3674 dubit,

512 3726 589 3770 curn
609 3724 668 3769 vos
682 3723 768 3790 opus
783 3722 823 3767 eo
840 3699 919 3766 cibo
937 3699 1083 3786 dignum
1098 3700 1231 3788 operati
1245 3698 1379 3765 fueritis
1395 3697 1512 3788 (Hup.)
1528 3702 1563 3763 et
1577 3719 1621 3763 ne
1640 3707 1841 3787 putaremus
1936 3704 1939 3708 ’

512 3833 573 3877 nos
591 3831 687 3900 posse
702 3829 765 3897 per
777 3805 1001 3895 nosmetipsos
1015 3805 1191 3895 operando
1206 3805 1306 3871 illum
1321 3805 1434 3872 cibum
1450 3810 1707 3894 permanentem
1721 3807 1840 3895 acqui-

513 3939 604 4000 rere,
627 3914 806 4002 subiungit
825 3913 1004 4003 proprium
1028 3935 1254 4002 possessorem
1275 3912 1446 4003 simulque
1466 3909 1664 3998 largitorem
1679 3911 1749 3978 cibi
1763 3935 1841 4002 per·

512 4023 692 4102 manentis,
705 4028 743 4088 ut
757 4020 991 4107 intelligamus
1002 4042 1073 4086 non
1084 4018 1227 4086 aliunde
1243 4041 1341 4108 posse
1357 4041 1420 4085 nos
1431 4017 1547 4085 cibum
1558 4019 1652 4086 hunc
1662 4018 1841 4108 acquirere

513 4131 579 4197 nisi
598 4152 638 4196 ex
654 4127 747 4194 dono
763 4126 839 4194 Filii
854 4126 1003 4192 hominis
1020 4127 1138 4214 (cat).
1156 4130 1228 4193 lam
1247 4126 1323 4214 quis
1338 4125 1381 4192 sit
1399 4125 1495 4192 cibus
1511 4125 1569 4193 hic
1582 4146 1787 4217 permanens
1804 4127 1841 4193 in

514 4237 618 4304 vitam
638 4240 830 4315 aeternam,
851 4231 913 4321 qui
934 4233 1043 4321 prosit
1066 4239 1100 4298 et
1121 4232 1288 4321 perducat
1310 4230 1355 4297 ad
1375 4232 1480 4298 vitam
1500 4235 1676 4299 aeternam
1697 4254 1842 4322 eamque

515 4343 641 4411 efficiat
654 4348 687 4408 et
701 4341 899 4430 perenniter
910 4339 1024 4419 satiet,
1044 4339 1137 4405 varie
1147 4338 1341 4427 concipitur
1354 4362 1361 4406 :
1375 4360 1480 4428 opera
1496 4337 1589 4406 bona
1604 4338 1728 4429 (ctu),
1740 4338 1842 4407 fidem

517 4447 896 4539 (Eutb.),ve1·buml)ei
914 4445 1003 4533 (Alb.
1028 4438 1406 4531 contemnentium
1430 4443 1587 4535 (Tltcopl.
1605 4444 1725 4535 Cori),
1749 4444 1843 4514 Chri-

516 4565 605 4625 stum
615 4555 747 4644 (Aup),
759 4576 879 4622 vorum
894 4561 927 4620 et
937 4553 1194 4639 bonumfflmss),
1204 4558 1307 4619 [teum
1323 4553 1376 4619 vel
1388 4552 1480 4618 bona
1495 4550 1688 4642 spiritualia
1700 4552 1842 4641 (Thone.)

517 4663 662 4750 intelligi
683 4662 801 4729 dicunt
820 4670 854 4728 ct
873 4682 977 4750 quarn
1003 4659 1149 4726 maxime
1169 4658 1410 4728 universaliter
1427 4656 1537 4725 Mold.
1559 4658 1706 4748 explicat
1726 4660 1768 4726 de
1788 4683 1843 4727 re·

519 4771 582 4837 bus
602 4769 759 4837 omnibus
779 4767 905 4858 quibus
929 4768 998 4833 vita
1020 4774 1158 4834 aeterna
1180 4766 1294 4855 parari
1319 4764 1434 4855 possit.
1454 4769 1570 4855 Neque
1593 4766 1692 4833 video
1713 4788 1776 4833 our
1798 4768 1843 4836 ad

519 4897 626 4944 unum
645 4875 873 4962 restringatur
892 4875 999 4943 cibus.
1018 4878 1100 4941 Nam
1122 4875 1209 4941 sicut
1233 4870 1329 4940 cibus
1346 4894 1447 4940 omne
1467 4871 1503 4938 id
1528 4870 1594 4939 dici
1615 4878 1728 4964 potest
1748 4875 1842 4965 quod
