4116 5648
1038 517 1121 562 man.
1145 505 1281 575 22225.

494 654 601 737 futuri
615 657 714 720 erant
724 654 823 743 digni
839 649 1048 719 revelatione
1064 653 1305 737 mysteriorum
1326 653 1427 739 regni
1447 654 1521 736 Dei,
1538 652 1573 718 in
1590 656 1743 739 tempore
1757 677 1819 723 suo

495 757 757 830 recordarentur
771 757 953 826 verborum
967 758 1042 826 eius
1052 761 1086 823 et
1097 759 1139 826 ad
1157 760 1396 845 cognoscenda
1411 759 1465 840 vel
1481 758 1652 826 credenda
1666 757 1756 825 facta
1770 781 1820 826 se-

420 924 422 929 ,
494 864 632 956 quentia
650 867 747 935 dictis
767 865 840 930 eius
859 863 1145 953 praecedentibus
1168 864 1417 932 adiuvarentur
1431 892 1460 929 u.
1477 869 1722 955 perspexerunt
1736 886 1819 952 ergo

495 975 625 1059 postea,
643 968 819 1063 quomodo·
834 975 924 1038 lesus
947 971 1015 1036 iam
1033 970 1077 1037 ab
1094 971 1195 1038 initio
1216 978 1342 1037 cuneta
1364 970 1455 1036 clare
1481 970 1618 1036 sciverit
1635 993 1723 1058 quae
1741 994 1821 1039 veu-

494 1084 572 1152 tura
585 1085 694 1147 essent
707 1097 809 1165 super
825 1076 937 1166 ipsum
951 1075 1078 1165 (18,t);
1096 1099 1165 1167 qua
1181 1076 1378 1161 cognitione
1398 1075 1482 1141 fides
1497 1097 1616 1142 eorum
1639 1077 1816 1160 roborata,

492 1183 708 1263 confirmata,
724 1189 825 1250 aucta
847 1191 907 1251 est.
930 1187 1006 1271 lpsa
1031 1183 1279 1251 resurrectione
1298 1184 1388 1248 facta
1410 1182 1511 1248 etiam
1528 1183 1767 1249 intellexerunt
1782 1185 1818 1248 in

493 1289 666 1380 Scriptura
680 1309 754 1354 eam
777 1290 820 1357 de
838 1288 952 1357 tfessia
972 1291 1124 1377 praedici
1146 1289 1203 1378 (cf.
1228 1293 1279 1354 Ps.
1308 1296 1421 1369 15,10.
1450 1290 1705 1376 1s.53,10-12);
1729 1290 1820 1356 undo

493 1395 701 1485 evangelista
714 1393 807 1463 idem
821 1397 885 1462 hoc
896 1394 969 1461 loco
979 1396 1112 1476 asserit,
1136 1394 1230 1484 quod
1245 1400 1322 1461 Luc.
1339 1402 1453 1476 ants.
1474 1399 1514 1460 tt
1532 1393 1714 1461 indicatur.

537 1503 650 1570 Prima
668 1500 783 1591 itaque
802 1507 873 1567 lesu
893 1522 970 1567 eum
993 1501 1204 1589 primoribus
1227 1501 1424 1587 congressio
1448 1501 1540 1566 triste
1560 1501 1702 1590 praebet
1721 1522 1819 1591 prae-

491 1610 636 1699 sagium.
654 1606 708 1675 llli
722 1607 834 1676 edocti
851 1606 1034 1697 abaptista
1056 1612 1089 1675 et
1109 1614 1289 1676 cernentes
1309 1608 1619 1674 manifestationem
1639 1607 1734 1674 illius
1754 1607 1820 1675 for-

491 1707 585 1786 tioris
603 1736 706 1804 quem
721 1712 936 1782 annuntiavit
948 1713 1034 1780 adeo
1046 1699 1278 1802 ⁴magnificam
1294 1716 1430 1780 animos
1445 1721 1570 1800 gerunt
1581 1718 1817 1796 contumaces3

490 1821 742 1911 reprehendere
757 1843 829 1887 non
852 1820 982 1887 audent
1005 1842 1078 1888 rem
1103 1820 1148 1887 ab
1169 1842 1210 1888 eo
1225 1828 1375 1906 gestam,
1394 1821 1476 1910 quie
1491 1843 1572 1887 sane
1591 1820 1743 1887 habebat
1757 1842 1820 1911 po·

490 1923 564 2016 puli
589 1926 888 2019 approbationem
912 1927 1138 1994 nihilominus
1161 1926 1416 2013 indignabundi
1440 1928 1484 1994 ab
1505 1951 1545 1994 eo
1569 1927 1760 2016 postulant,
1782 1934 1820 1993 nt

410 2119 411 2122 Ἴ
489 2033 587 2121 signo
608 2033 700 2101 edito
728 2032 794 2100 sibi
817 2035 941 2122 probet
960 2034 1199 2101 auctoritatem
1223 2032 1258 2099 id
1275 2033 1465 2123 peragendi
1484 2032 1577 2123 quod
1593 2034 1762 2124 propbeta
1776 2033 1819 2100 de

490 2141 605 2208 Massia
621 2139 800 2231 praedixit.
822 2144 892 2207 lam
903 2140 1012 2228 igitur
1029 2141 1118 2207 clare
1128 2140 1349 2229 profitentur,
1364 2163 1399 2207 se
1413 2140 1504 2207 nolle
1514 2139 1617 2207 talem
1632 2162 1819 2227 agnoscere

489 2247 648 2316 lfessiam.
678 2253 767 2315 lesus
793 2253 905 2314 autem
928 2247 1042 2314 statim
1071 2246 1186 2337 primo
1211 2269 1313 2336 quem
1341 2269 1418 2314 cum
1441 2247 1507 2314 iltis
1530 2248 1646 2314 miscet
1664 2267 1819 2314 sermone

489 2353 645 2423 enuntiat
664 2353 709 2421 ad
724 2353 816 2443 quod
836 2355 946 2421 scelus
955 2352 1095 2421 tandem
1111 2376 1151 2420 ex
1165 2354 1225 2429 tali
1246 2353 1345 2421 initio
1361 2354 1558 2444 perventuri
1571 2354 1650 2422 sint.
1669 2359 1740 2420 lam
1752 2353 1818 2420 im-

489 2459 605 2551 pletur
617 2459 703 2528 illud
718 2483 726 2529 :
741 2460 871 2550 positus
888 2467 938 2527 est
954 2461 1140 2548 insignum
1154 2461 1211 2527 eui
1227 2461 1492 2541 contradicetur,
1508 2463 1543 2527 in
1560 2461 1695 2527 ruinam
1711 2466 1745 2527 et
1764 2481 1819 2525 re-

488 2567 735 2634 surrectionem
754 2568 942 2633 multorum
963 2567 1000 2633 in
1022 2567 1125 2634 lsrael
1147 2567 1240 2656 (Luc.
1263 2571 1366 2651 wc).
1394 2568 1474 2634 [tein
1492 2568 1591 2633 effert
1603 2566 1819 2653 evangelista

489 2673 573 2764 quid
589 2673 815 2741 manifestatio
839 2678 912 2741 lesu
936 2673 1088 2741 effecerit
1100 2674 1137 2740 in
1153 2673 1282 2763 populo
1296 2697 1327 2740 v.
1344 2681 1386 2740 23
1402 2697 1481 2740 cum
1495 2686 1609 2741 cutem
1630 2687 1712 2740 essct
1727 2674 1818 2739 Iero-

489 2780 630 2872 solymis
644 2781 682 2847 in
695 2780 830 2872 pascha
844 2781 881 2847 in
895 2779 951 2848 die
961 2783 1052 2870 sesto
1067 2799 1104 2870 τῇ
1123 2791 1212 2868 ἑορτῇ
1228 2781 1251 2846 i.
1272 2803 1301 2847 e.
1322 2781 1356 2847 in
1374 2783 1448 2869 ipso
1462 2781 1618 2847 sollemni
1633 2780 1689 2848 die
1708 2786 1743 2847 et
1754 2802 1817 2870 per

487 2893 594 2955 totam
623 2887 860 2969 festivitatem,
882 2887 930 2954 ita
949 2893 1027 2972 ute,
1056 2898 1145 2976 ἑορτή
1170 2887 1342 2974 significet
1367 2886 1618 2954 hebdomadam
1639 2887 1732 2966 festi,
1755 2908 1818 2975 per

488 3013 592 3083 quam
614 3016 719 3083 panes
737 2996 849 3081 azymi
865 2999 964 3061 erant
982 2993 1184 3061 comedendi
1207 2994 1260 3078 (cf.
1285 2998 1340 3060 Ex.
1364 3000 1474 3074 ¹2¹9·
1499 2999 1574 3063 Lev.
1599 2999 1691 3076 23‚6.
1714 2998 1813 3060 Num.

488 3100 622 3187 28‚17),
650 3100 755 3168 multi
776 3099 995 3168 crediderunt
1020 3101 1057 3167 in
1079 3100 1220 3167 nomine
1240 3100 1313 3165 eius
1335 3104 1376 3179 εἰς
1398 3111 1430 3167 τὲ
1453 3107 1544 3184 irena
1568 3105 1654 3168 αὐτοῦ
1681 3101 1704 3165 i.
1724 3122 1754 3166 e.
1778 3098 1814 3166 in

489 3229 585 3297 eum,
602 3205 825 3275 erediderunt
839 3207 931 3298 quod
946 3208 1085 3274 nomine
1107 3206 1197 3287 eius,
1222 3206 1511 3289 manifestatione,
1528 3206 1634 3293 signis
1646 3207 1817 3296 praefere-

487 3312 601 3398 batur,
612 3311 765 3380 videntes
779 3312 881 3401 siqno
896 3313 971 3379 eius
985 3334 1075 3400 quae
1087 3313 1261 3400 saciebot‚·
1277 3334 1404 3398 ergose
1419 3313 1543 3402 probat
1557 3312 1661 3380 talem
1677 3312 1815 3402 qualem

487 3421 634 3511 baptista
656 3421 873 3487 annuntiavit
891 3419 1067 3486 fortiorem
1091 3420 1250 3509 baptista.
1282 3419 1347 3486 Sed
1372 3441 1450 3485 cum
1475 3420 1628 3504 generali
1642 3426 1815 3509 exspecta-

488 3526 579 3594 tione
593 3527 722 3594 lfessias
735 3526 988 3595 desideraretur
1006 3526 1067 3615 qui
1084 3547 1229 3612 regnum
1249 3527 1440 3592 restitueret
1456 3525 1650 3592 davidicum
1667 3525 1815 3616 expulsis

487 3632 705 3721 alienigenis,
720 3632 806 3699 fides
822 3653 941 3699 eorum
955 3655 1025 3698 non
1040 3640 1113 3699 erat
1129 3632 1206 3699 talis
1226 3632 1365 3722 qualem
1388 3637 1478 3698 lesus
1494 3631 1704 3721 postulabat;
1722 3632 1814 3699 unde

487 3763 519 3806 v.
536 3746 578 3809 it
594 3739 664 3831 ipse
679 3751 794 3805 autem
813 3741 904 3805 Iesus
922 3760 992 3805 non
1008 3738 1163 3806 credebat
1179 3739 1399 3828 sentatipsam
1415 3739 1462 3805 eis
1481 3741 1504 3806 i.
1528 3763 1558 3806 e.
1576 3761 1642 3805 non
1656 3738 1814 3805 commit-

487 3846 581 3914 tebat
592 3845 811 3935 semetipsum
828 3847 890 3927 eis,
910 3851 1041 3912 utrum
1064 3847 1113 3911 eis
1131 3847 1218 3911 siout
1238 3868 1314 3911 eum
1330 3844 1506 3933 discipulis
1521 3852 1712 3912 versaretur
1730 3845 1812 3930 (Tol.

488 3956 568 4021 Bar.
586 3953 687 4044 Scqu.
701 3952 791 4022 Gorl.
804 3952 937 4038 Sahal,
955 3951 1098 4041 eoquod
1109 3953 1182 4041 ipse
1192 3965 1301 4018 orasset
1316 3974 1441 4035 orienes,
1458 3952 1586 4019 sciebat
1599 3975 1655 4020 eos
1668 3974 1813 4037 regnum

488 4066 649 4151 appatere
664 4060 799 4127 carnale
816 4059 932 4149 (Καρ.)
952 4066 987 4127 et
1010 4065 1222 4148 exspectare,
1241 4066 1278 4124 ut
1300 4059 1400 4124 talem
1419 4080 1453 4124 se
1477 4059 1640 4147 praebeat
1665 4057 1813 4124 Messinm

487 4168 624 4258 qualem
639 4165 705 4233 sibi
722 4166 875 4251 fingunt;
891 4166 1012 4253 quodsi
1032 4187 1102 4231 non
1115 4165 1191 4243 siat,
1205 4163 1335 4230 sciebat
1350 4186 1487 4253 quoque
1504 4185 1561 4230 eos
1573 4186 1593 4230 a
1607 4186 1643 4231 se
1662 4185 1813 4230 recessu-

486 4296 554 4341 ros.
577 4272 630 4340 llti
649 4273 765 4362 itaque
785 4270 829 4336 ab
850 4294 890 4338 eo
911 4271 1099 4362 sperabant
1121 4294 1268 4359 regnum
1296 4271 1482 4359 temporale
1508 4271 1618 4359 potius
1639 4292 1744 4359 quam
1759 4292 1813 4336 re-

487 4379 718 4469 demptionem
732 4377 908 4468 apeccatis
923 4385 956 4445 et
969 4400 1085 4445 veram
1099 4377 1195 4444 illam
1213 4377 1375 4443 iustitiam
1392 4384 1425 4442 et
1437 4377 1580 4443 salutem
1593 4384 1627 4443 et
1636 4376 1813 4443 scientiam

487 4489 546 4555 Dei
560 4509 582 4553 a
598 4485 774 4575 prophetis
793 4484 1031 4552 annuntiatam
1052 4507 1114 4574 pro
1133 4489 1290 4571 tempore
1314 4484 1493 4549 messiano.
1520 4485 1677 4549 lntimam
1690 4484 1811 4568 cogni·

487 4594 614 4661 tionem
629 4590 824 4659 animorum
843 4612 913 4680 que
932 4594 1019 4657 lesus
1040 4590 1190 4680 pollebat
1206 4589 1328 4655 iterum
1350 4589 1448 4655 affert
1471 4587 1680 4674 evangelista
1702 4595 1735 4655 et
1758 4610 1812 4654 as-

487 4700 582 4792 serit,
605 4719 666 4765 cur
685 4699 806 4764 merito
833 4701 922 4762 lesus
945 4696 1021 4763 illos
1045 4720 1115 4764 non
1142 4698 1186 4762 ad
1221 4696 1426 4762 familiarem
1451 4698 1501 4761 sui
1528 4693 1809 4761 consuetudinem

488 4805 638 4895 potuerit
651 4802 833 4871 admittere
847 4803 954 4870 sciens
967 4824 1024 4869 eos
1039 4827 1111 4871 esse
1132 4802 1310 4870 instabiles
1331 4827 1362 4868 v.
1382 4809 1423 4867 25
1446 4814 1476 4866 e!
1495 4800 1577 4891 quic
1595 4822 1679 4890 opus
1697 4802 1731 4868 ei
1742 4824 1812 4868 non

487 4923 561 4980 erat
572 4924 609 4979 ut
626 4912 702 5001 quis
717 4909 952 4977 testimonium
964 4909 1155 4999 perhiberet
1174 4907 1215 4975 de
1232 4909 1388 4991 torinna·
1403 4908 1472 4999 ipse
1485 4908 1575 4975 enim
1589 4906 1711 4976 sciebat
1726 4907 1814 4998 quid
