4050 5648
427 491 573 562 ostendit
584 488 662 558 illos
675 495 820 561 verbum
834 490 891 557 nei
907 511 976 560 non
988 494 1117 562 habere
1137 491 1173 556 in
1190 511 1240 570 se;
1257 513 1336 559 nam
1350 505 1384 561 et
1401 493 1481 561 illae
1493 505 1571 561 sant
1591 516 1680 583 quae
1696 510 1745 562 te-

426 594 915 688 stimoniumperltibentdeme
920 599 970 685 ,·si
979 601 1096 690 itaque
1104 596 1246 664 verbum
1254 600 1314 667 Dei
1322 622 1381 666 seu
1390 603 1573 691 scripturas
1582 601 1748 668 haberent

427 709 463 773 in
475 702 598 772 animis
610 707 695 790 suis,
709 706 738 772 si
756 725 796 770 ea
815 702 971 775 doctrina
983 726 1103 774 revera
1114 712 1226 772 essent
1241 706 1383 787 imbuti,
1399 706 1500 773 etiam
1515 709 1745 776 testimonium

426 811 469 878 de
484 814 556 875 lesu
567 811 799 898 intelligerent
818 816 851 877 et
866 815 1171 903 amplecterentur3
1191 818 1263 879 tum
1282 810 1514 901 perspicerent
1532 835 1601 878 non
1618 815 1655 880 in
1670 837 1749 904 pos-

426 915 571 985 sessione
587 919 757 986 librorum
770 915 865 1002 (sicut
884 939 996 1010 neque
1013 919 1051 982 in
1069 917 1202 1005 origine
1216 916 1491 1002 abrahamitica),
1509 917 1568 985 sed
1584 919 1621 984 in
1635 922 1748 988 Messio

426 1023 545 1111 reponi
559 1030 593 1094 et
605 1023 771 1093 collocari
781 1026 887 1093 vitam
901 1029 1089 1116 aeternam.

470 1134 590 1198 Verum
602 1132 704 1221 plane
716 1113 926 1200 contrarium
938 1129 1033 1219 apud
1048 1153 1106 1199 eos
1116 1128 1269 1197 cernitur
1283 1152 1316 1199 v.
1334 1137 1376 1198 t0
1389 1142 1422 1197 et
1433 1153 1501 1198 noa
1518 1131 1622 1199 cultas
1637 1134 1751 1200 venire

426 1235 474 1303 ad
489 1261 560 1320 me,
581 1232 626 1305 ad
648 1257 754 1325 quem
775 1244 825 1305 tot
845 1235 1050 1304 testimoniis
1069 1238 1151 1304 libri
1174 1238 1260 1304 sacri
1282 1259 1342 1304 vos
1363 1238 1558 1321 remittunt,
1585 1251 1624 1305 ut
1644 1239 1749 1307 vitam

425 1343 577 1412 habeatis
595 1341 669 1409 scil.
688 1366 818 1427 veram,
834 1343 989 1426 beatam,
1007 1344 1170 1427 salutem,
1187 1364 1291 1432 quam
1311 1365 1374 1434 per
1386 1344 1534 1412 Messinm
1548 1349 1668 1432 generi
1684 1348 1749 1413 hn-

427 1471 529 1519 mano
542 1470 615 1517 esse
630 1448 837 1519 afferendam
848 1450 978 1540 pariter
989 1451 1075 1518 sacri
1092 1449 1174 1517 libri
1192 1455 1367 1518 testantur.
1385 1451 1479 1518 Unde
1496 1452 1680 1542 probatum
1701 1463 1750 1521 est

349 1608 351 1612 v
426 1557 519 1648 qnod
530 1557 565 1623 in
577 1541 610 1624 Ιν.
628 1561 670 1624 38
686 1557 813 1625 dicitur
828 1579 836 1626 :
853 1577 924 1624 non
937 1556 1070 1625 habetis
1081 1556 1225 1624 verbum
1238 1557 1296 1624 Dei
1306 1557 1345 1623 in
1355 1558 1471 1640 vobis,
1488 1559 1569 1648 quia
1582 1560 1749 1628 mihi'non

426 1663 573 1732 creditis.
590 1666 639 1730 lta
650 1662 694 1732 de
703 1664 746 1732 iis
759 1662 851 1731 valet
861 1662 951 1731 illud
961 1662 1108 1754 apostoli
1123 1685 1132 1732 :
1145 1663 1259 1731 obtusi
1269 1670 1349 1732 sunt
1361 1686 1476 1733 sensus
1485 1686 1603 1733 eorum
1617 1688 1750 1757 ;·usque

425 1772 461 1837 in
481 1769 686 1837 bodiemum
703 1770 811 1851 diem,
832 1791 912 1837 cum
930 1764 1059 1859 legitur
1076 1776 1216 1860 lloyses,
1238 1770 1396 1839 velamen
1411 1771 1559 1860 positum
1579 1779 1751 1863 estsuper

425 1899 484 1945 cor
498 1897 616 1945 eorum
631 1877 665 1966 (2
679 1881 757 1945 Cor.
775 1883 867 1961 3‚1t.
886 1878 955 1968 15).

472 2012 488 2046 a
503 1988 577 2051 Non
589 1982 634 2049 ob
647 1983 685 2050 id
694 1983 790 2051 vobis
801 1990 1034 2074 contemptum
1045 1983 1113 2052 mei
1125 1984 1161 2052 in
1173 1983 1355 2075 Scripturis
1364 1990 1434 2051 tam
1448 1990 1566 2075 aperte
1576 2008 1749 2054 commen-

425 2091 496 2159 dati
512 2090 715 2180 exprobravi
729 2089 953 2158 dicensnolle
968 2113 1028 2158 vos
1040 2089 1156 2158 venire
1171 2091 1291 2172 adme,
1307 2091 1518 2181 quodvener
1531 2093 1669 2161 laudem
1686 2094 1749 2161 hu-

426 2219 581 2277 manam,
601 2198 661 2266 sed
684 2195 778 2288 quod
795 2197 1009 2288 exploratum
1032 2197 1182 2265 habeam
1200 2197 1377 2266 destitutos
1401 2220 1463 2266 vos
1482 2222 1552 2268 esse
1569 2199 1749 2269 dilectione

344 2315 346 2318 ’
425 2304 500 2387 Dei,
516 2325 621 2394 quam
638 2303 667 2372 si
685 2304 873 2387 haberetis,
893 2304 1006 2396 obviis,
1017 2326 1072 2371 me
1090 2304 1180 2372 ulnis
1196 2304 1396 2394 exciperetis
1414 2312 1448 2372 et
1464 2305 1566 2372 simul
1585 2328 1663 2374 cum
1682 2311 1749 2374 Deo

426 2411 644 2498 diligeretis»
661 2411 772 2500 (8,t2;
789 2414 881 2479 lans.
903 2411 980 2479 sim.
1004 2409 1091 2500 rol.)
1110 2432 1144 2477 v.
1165 2417 1204 2479 t1
1228 2409 1419 2478 claritatem
1442 2417 1529 2493 δέξιν
1547 2411 1694 2500 gloriam
1708 2415 1750 2478 ab

426 2517 620 2586 hominibus
635 2539 705 2584 non
716 2517 871 2608 accepim·
884 2517 950 2585 hoc
962 2516 1047 2585 dicit
1064 2544 1080 2580 a
1098 2517 1180 2607 quia
1194 2516 1358 2585 credibile
1373 2525 1447 2585 erat
1461 2517 1586 2586 multos
1600 2521 1752 2608 suspica·

427 2630 521 2693 turos
535 2647 605 2693 esse
621 2623 714 2715 qaod
728 2624 875 2712 gloriam
889 2629 1076 2715 captaret»
1100 2623 1229 2715 (Gya.);
1247 2646 1318 2714 qua
1338 2626 1430 2692 enim
1450 2624 1515 2715 ipsi
1532 2626 1749 2713 aegritudine

381 2802 391 2815 ,
425 2732 646 2812 laborabant,
658 2732 803 2800 eandem
816 2731 997 2823 quoquein
1009 2732 1186 2800 Salvatore
1200 2732 1346 2820 reperiri
1359 2731 1529 2821 putabant
1541 2734 1657 2821 (Cyr.;
1671 2734 1747 2799 sim.

426 2842 514 2929 Itup.
534 2838 607 2907 Gai.
619 2840 741 2927 lom).
758 2845 914 2907 Eosensu
926 2829 1028 2907 facile
1041 2837 1236 2907 adnectitur
1248 2841 1417 2905 sententia
1429 2838 1707 2906 antecedentibus
1717 2848 1751 2906 et

427 2947 516 3013 viam
540 2947 638 3036 quasi
657 2946 780 3014 sternit
805 2945 850 3013 ad
872 2945 1062 3035 sequentia.
1087 2945 1195 3013 Minus
1218 2943 1400 3012 commode
1427 2945 1501 3012 fluit
1524 2946 1617 3035 quod
1640 2945 1748 3013 Mold.

426 3054 592 3143 praesent,
608 3074 679 3120 essa
690 3052 929 3143 repetitionem
941 3057 974 3119 et
985 3051 1241 3120 conclusionem
1250 3073 1313 3142 per
1324 3052 1552 3143 epiphonema
1562 3055 1750 3120 sententiae

428 3183 459 3227 v.
470 3166 529 3227 36:
540 3159 681 3250 «itaque
691 3157 1111 3248 ueramcstquoddixime
1121 3158 1249 3226 babere
1258 3159 1748 3240 testimoniummaiusloanne,

426 3266 643 3357 nequeenim
656 3266 701 3333 ab
720 3264 919 3334 hominibus
934 3264 1082 3352 gloriam
1101 3265 1232 3355 accipio
1253 3267 1283 3333 »ζ
1302 3265 1384 3333 [lein
1399 3267 1578 3333 transitum
1595 3267 1638 3333 ad
1658 3290 1690 3332 v.
1709 3274 1750 3335 tt

426 3375 474 3440 ita
495 3372 602 3440 Motd.
624 3373 791 3440 construit
809 3393 818 3442 ε
836 3393 903 3459 ego
923 3370 1066 3462 quidem
1084 3393 1140 3439 me
1162 3377 1377 3440 servatorem
1398 3394 1469 3440 esse
1490 3372 1609 3440 mnndi
1626 3374 1752 3441 divinis

428 3480 571 3569 probavi
584 3479 807 3560 testimoniis3
822 3478 891 3547 scio
906 3484 1021 3546 tamen
1036 3478 1130 3569 apud
1143 3501 1204 3545 vos
1215 3500 1259 3545 ne
1271 3477 1389 3545 divina
1403 3479 1541 3569 quidem
1556 3480 1751 3547 testimonia

428 3585 590 3667 valitura,
603 3586 683 3676 quia
694 3585 914 3653 dilectionem
923 3586 982 3653 Dei
993 3607 1061 3653 non
1070 3584 1217 3653 habetis.
1232 3584 1298 3652 Sed
1314 3586 1426 3676 aptius
1438 3592 1643 3654 connectunt
1657 3588 1749 3653 loris.

431 3691 520 3774 rot,
538 3692 586 3759 uti
598 3692 702 3759 modo
715 3698 869 3759 notatum
885 3697 950 3774 est3
966 3714 998 3760 v.
1012 3696 1055 3758 ti
1069 3690 1132 3759 sed
1139 3691 1288 3782 cognovi
1298 3714 1355 3758 vos
1366 3691 1449 3782 quia
1460 3690 1673 3759 dilectionem
1690 3693 1751 3759 Dei

429 3821 500 3866 non
519 3799 649 3866 habetis
670 3798 708 3866 ia
730 3799 844 3881 vobis;
864 3804 1019 3890 expertes
1040 3798 1133 3866 enim
1158 3820 1237 3866 cum
1260 3800 1334 3866 sitis
1357 3798 1548 3867 dilectionis
1571 3801 1606 3867 in
1628 3805 1752 3892 Derim,

430 3906 601 3995 quomodo
618 3905 781 3973 veniretis
796 3906 842 3974 ad
856 3927 911 3973 me
926 3906 1050 3973 Filium
1063 3907 1126 3974 Dei
1142 3905 1359 4001 unigenitum
1377 3906 1503 3996 (Cpr.)t

352 4067 356 4074 .
476 4019 584 4102 Atque
599 4034 655 4080 eos
668 4012 714 4080 ab
731 4034 771 4080 ea
789 4013 827 4080 in
842 4017 951 4079 Deum
966 4010 1150 4080 dilectione
1165 4013 1283 4080 abesse
1298 4016 1333 4078 et
1346 4015 1414 4080 suis
1427 4013 1561 4079 inhiare
1580 4013 1752 4102 cupidita-

431 4121 522 4187 tibus
537 4121 748 4210 terrenisque
769 4118 948 4187 desideriis
968 4118 1181 4186 demonstrat
1202 4121 1236 4185 in
1257 4117 1543 4208 subsequentibus
1565 4141 1595 4188 v.
1624 4125 1664 4186 tt
1689 4142 1750 4207 epo

431 4227 510 4294 ocni
523 4226 559 4293 in
571 4226 708 4294 nemim
720 4226 837 4293 Patria
848 4225 930 4310 mei,
950 4224 1071 4293 mbsus
1080 4229 1224 4307 aPatm,
1238 4227 1311 4292 eius
1326 4225 1525 4293 auctoritate
1542 4235 1574 4292 et
1588 4225 1751 4292 mandato

433 4334 475 4400 ad
493 4355 578 4423 opus
592 4331 838 4423 perficiendum
858 4332 953 4422 quod
967 4336 1067 4400 Pater
1083 4354 1104 4399 a
1120 4353 1176 4398 me
1193 4331 1269 4398 fieri
1286 4332 1374 4412 vult3
1393 4334 1484 4401 unde
1501 4333 1528 4398 si
1549 4337 1651 4397 Deum
1671 4331 1752 4397 dili·

432 4447 569 4528 gerent,
586 4439 690 4506 talem
704 4460 726 4505 a
740 4443 806 4505 Deo
820 4438 974 4525 legatum
992 4439 1221 4531 susciperent;
1242 4451 1275 4506 ct
1288 4462 1359 4506 non
1373 4438 1529 4529 accipitis
1543 4459 1595 4504 me
1600 4457 1615 4522 ,·
1631 4460 1749 4504 verum

433 4547 464 4614 si
481 4547 572 4614 alites
590 4546 719 4614 venem
741 4544 780 4612 in
797 4545 937 4613 nomirw
954 4567 1015 4611 suo
1035 4547 1099 4614 sibi
1123 4546 1188 4636 ipsi
1208 4568 1373 4633 arrogans
1391 4544 1627 4614 auctoritatem
1650 4543 1692 4611 ad
1712 4569 1750 4612 oa

434 4655 630 4744 peragenda
646 4676 734 4745 quae
750 4653 825 4743 ipse
844 4652 910 4720 sibi
925 4673 989 4744 pro
1007 4673 1070 4720 sua
1088 4652 1278 4744 populique
1300 4652 1461 4745 superbia
1482 4652 1672 4744 proposuit,
1693 4653 1753 4742 qui

434 4762 550 4850 itaque
568 4782 685 4830 revera
702 4783 762 4829 sao
777 4761 917 4828 nornine
930 4760 1040 4841 venit,
1058 4762 1120 4827 etsi
1136 4783 1170 4829 se
1186 4760 1350 4830 divinitus
1369 4761 1508 4827 missum
1522 4761 1637 4840 iactet,
1657 4759 1754 4826 illum

891 4887 1076 4928 satanacam
1092 4888 1119 4926 ut
1135 4889 1204 4927 roan.
1222 4905 1253 4915 -
1271 4881 1307 4927 tt.
