4050 5648
285 39 379 65 'ssa-s*
392 39 422 59 n.
469 43 493 59 μ
562 43 581 49 “·
599 40 714 67 ,τῇ-’χι-
730 40 768 59 ‚aa
785 40 821 61 ’,ί
841 40 865 67 22,
878 40 968 66 30:1¹3*
999 40 1017 59 ”a
1044 40 1050 64 ξ
1075 39 1094 49 ”
1124 51 1126 55 .
1149 39 1356 65 ‚='=.1·*·.=‡.r'=·r'··v,
1419 40 1499 65 r·'·'·.
1571 40 1639 64 ”ys
1658 39 1712 63 ·r·=·,·
1734 44 1750 56 -ι
1775 40 1812 49 ·’“
1840 39 1858 55 x*
1874 40 1876 47 ¹
1890 40 1908 57 vr

281 52 328 119 vaf-¹
347 53 378 87 ⁴²
453 75 492 90 ···
598 95 601 100 -
612 39 1916 123 ..÷·.,nze-esnss-taa::as-‘st-s·uat.;÷·.<‹⁵*matemautensem

294 144 299 152 ·
461 119 507 138 η’
699 131 741 150 *¹
810 149 812 153 Α
965 129 970 136 “
1069 122 1071 127 ”
1126 130 1185 154 ¹¹.
1321 118 1333 136 ““
1360 143 1362 146 >
1386 112 1493 163 5⁸:3⁸
1519 120 1574 166 ξ·
1656 125 1686 136 2*
1717 114 1916 179 ssatufi-fss‘thclppgt}

1292 184 1294 188 ’
1528 175 1531 179 ”
1724 175 1726 180 “
1791 172 1855 203 ''¹1.
1882 174 1916 202 tf.

1803 253 1807 258 ⁷
1827 232 1916 274 *we-{Ji

1819 274 1833 298 '.
1883 272 1903 307 ,Ι
1911 279 1916 296 Ι

1014 350 1101 397 nu.
1125 290 1262 409 are-u.
1392 411 1394 415 .
1743 336 1801 399 aee
1846 425 1848 428 y
1886 324 1916 431 ³²:³³,

470 487 646 582 guendam
665 509 785 557 eorum
810 483 978 556 malitiam
993 490 1028 552 et
1041 486 1260 567 caecitatem,
1281 486 1426 576 utquod
1442 483 1496 553 illi
1509 482 1740 554 moliebantur
1756 487 1802 556 ad
1893 463 1912 569 ’,ἶ

470 593 602 666 Domini
620 592 865 682 ignominiam,
880 591 1064 679 proficeret
1084 590 1218 661 adeius
1234 589 1384 678 gloriam
1400 592 1535 682 (Iam).
1550 588 1752 659 Redduntur
1766 596 1803 661 hi

470 699 631 785 ministri,
661 710 699 771 ut
719 703 767 769 ait
793 698 924 782 Thana,
952 698 1246 767 commendabiles
1270 696 1473 767 extribus:
1503 721 1543 767 ex
1567 696 1804 767 admirationis

349 897 353 904 ἡ
469 828 585 889 causa,
613 809 696 900 quia
714 830 784 875 non
804 809 947 895 propter
969 804 1155 891 miracula,
1174 803 1236 872 sed
1259 807 1403 892 propter
1423 801 1617 872 doctrinam
1633 803 1802 872 Ch1istum
1906 802 1916 836 ’-

468 914 696 998 mirabantur,
724 937 764 983 ex
780 911 1011 980 conversionis
1029 910 1210 993 facilitate,
1232 931 1272 976 ex
1292 909 1398 976 animi
1412 908 1610 992 securitate,
1626 911 1708 999 quia
1721 908 1803 1000 ipsis

468 1020 656 1110 pharisaeis
671 1016 877 1087 adversariis
890 1018 963 1086 scil.
978 1017 1215 1084 infensissimis
1234 1015 1318 1082 talia
1328 1015 1448 1094 dicum
1459 1014 1504 1082 de
1516 1013 1659 1082 Christo.
1674 1020 1716 1082 lt
1729 1018 1803 1085 lon·
1908 1029 1915 1053 ²

468 1126 544 1214 gius
567 1127 675 1215 aliqui
695 1122 889 1216 procedunt
911 1126 1074 1215 putantes
1097 1145 1156 1191 eos
1179 1122 1230 1189 sic
1253 1119 1428 1210 loquendo
1450 1122 1628 1210 agnovisse
1649 1121 1800 1189 divinam
1876 1174 1879 1179 .
1911 1153 1916 1175 ‹-

467 1235 590 1301 Christi
610 1238 773 1299 naturam
800 1229 927 1320 (Gya).
944 1229 1020 1296 Vim
1036 1234 1070 1296 et
1084 1228 1236 1316 gratiam
1251 1228 1420 1295 sermonis
1438 1227 1573 1295 Domini
1587 1227 1637 1296 ita
1649 1227 1801 1297 declarat
1897 1251 1899 1254 ⁴

466 1343 551 1408 Bon.
566 1360 579 1406 .·
593 1358 773 1429 nunquam
796 1337 845 1402 sic
865 1337 1024 1417 dulciter,
1043 1334 1292 1417 doctrinaliter,
1312 1334 1500 1424 sapienter,
1514 1338 1686 1424 potenter,
1706 1334 1800 1403 utili·
1897 1345 1900 1350 “

467 1454 519 1514 ter
534 1445 667 1511 locutus
680 1448 731 1511 est
744 1442 864 1510 homo.
1270 1505 1272 1509 Α
1629 1524 1632 1529 1
1798 1509 1800 1512 ,
1906 1453 1913 1463 “

512 1556 637 1618 lterum
647 1571 733 1638 ergo
744 1549 908 1617 Dominus
922 1547 1127 1616 adversariis
1138 1547 1235 1615 dedit
1248 1547 1424 1637 potentiae
1441 1568 1524 1615 suae
1537 1544 1798 1616 documentum.
1883 1594 1887 1599 -

467 1662 510 1724 lt
523 1654 576 1722 illi
590 1655 848 1744 indignabundi
868 1655 1085 1723 invehuntur
1102 1655 1140 1721 in
1156 1654 1332 1721 ministros
1347 1676 1379 1722 v.
1402 1660 1444 1720 tr
1458 1651 1706 1744 responderunt
1720 1675 1801 1744 erqo

467 1762 516 1830 cis
531 1762 709 1852 pharisaei
723 1783 737 1828 .·
751 1759 927 1851 numquid
945 1773 978 1829 ct
992 1784 1052 1829 uos
1065 1759 1198 1829 seducti
1213 1759 1317 1827 estis?
1333 1771 1373 1846 μή
1394 1758 1420 1827 i.
1446 1782 1477 1828 e.
1494 1759 1543 1828 ita
1557 1764 1745 1850 quaeruut,
1765 1765 1803 1827 ut
1906 1842 1911 1849 ι

468 1876 583 1937 tamen
596 1890 632 1936 se
650 1875 847 1959 exspectare
862 1867 1049 1947 ostendant
1067 1889 1124 1936 eos
1138 1889 1209 1935 non
1223 1888 1295 1934 esse
1311 1861 1487 1949 seductos,
1502 1866 1608 1934 simul
1621 1866 1803 1935 enuntiant
1874 1867 1880 1873 ’

467 1975 608 2066 quidde
625 1974 669 2042 iis
687 1975 838 2043 sentiant
858 1975 918 2064 qui
944 1968 1055 2042 lesum
1074 1981 1297 2058 venerantur,
1313 1960 1376 2042 'eos
1394 1995 1465 2042 esse
1483 1972 1657 2055 seductos,
1674 1977 1802 2041 erecta

466 2083 522 2150 via
544 2080 731 2166 abductos,
752 2083 789 2148 in
811 2102 945 2149 errores
975 2080 1147 2148 inductos.
1170 2085 1211 2148 Et
1235 2086 1445 2168 argumento
1464 2102 1506 2148 ex
1525 2079 1726 2149 auctoritate
1740 2079 1801 2146 de-
1877 2084 1879 2089 '

466 2195 604 2278 sumpto
622 2188 720 2255 illam
745 2187 974 2256 reverentiam
989 2186 1040 2255 eis
1056 2185 1252 2254 convellere
1272 2185 1424 2254 student.
1441 2188 1643 2254 Animorum
1661 2185 1751 2253 mam
1767 2190 1801 2253 et
1913 2238 1916 2246 .

469 2295 735 2362 commotionem
751 2294 827 2385 ipsa
841 2292 1084 2381 interrogandi
1099 2293 1212 2360 forma
1225 2293 1447 2361 manifestant
1462 2315 1494 2361 v.
1511 2297 1554 2362 ta
1575 2289 1747 2384 numquid
1759 2313 1802 2359 erc

465 2401 683 2492 principibus
703 2399 834 2491 aliquis
855 2395 1005 2468 credidit
1031 2399 1068 2467 in
1087 2422 1183 2483 eum,
1207 2410 1269 2466 out
1288 2422 1332 2466 er
1348 2398 1563 2490 pharisoer‘s?
1579 2397 1635 2466 illi
1655 2397 1802 2468 auctori·
1861 2386 1864 2390 “

430 2538 433 2546 ·
466 2515 588 2592 tatem,
609 2507 648 2574 hi
671 2507 851 2597 pietatem,
872 2507 1010 2597 utrique
1036 2505 1215 2574 scientiam
1242 2505 1376 2573 habent
1394 2505 1557 2596 opinione
1582 2504 1717 2592 vulgari
1739 2504 1798 2594 (cf.
1850 2499 1852 2502 ’
1908 2569 1911 2574 .

469 2615 584 2683 Tium.
601 2617 688 2682 Bon.
712 2613 785 2682 Coi.
808 2610 918 2681 Mold.
937 2612 1040 2701 etc.);
1060 2611 1154 2680 undo
1173 2618 1420 2698 argumentum
1444 2610 1558 2701 specie
1576 2616 1629 2679 sat
1646 2609 1798 2694 validum

466 2723 660 2812 proferunt;
675 2720 780 2811 idque
795 2743 836 2787 ex
853 2719 1010 2811 opposito
1025 2717 1233 2787 confirmant
1250 2739 1258 2786 :
1277 2719 1337 2808 qui
1351 2722 1431 2785 suut
1445 2717 1507 2809 qui
1525 2716 1687 2786 credant?
1702 2739 1734 2784 v.
1752 2722 1794 2786 ts

465 2827 527 2895 sed
536 2829 635 2895 turba
648 2827 733 2895 hacc
747 2849 836 2919 quac
851 2848 922 2894 non
935 2825 1032 2894 novit
1050 2826 1172 2916 legem,
1189 2823 1370 2892 maledicti
1382 2836 1484 2909 sunu
1497 2823 1642 2892 credunt
1652 2822 1797 2913 plebeii,
1914 2813 1916 2817 ’

467 2934 621 3001 homines
628 2934 751 3016 infimi,
764 2928 966 3020 ignorantes
974 2931 1101 3022 legem,
1114 2931 1186 2998 irae
1196 2931 1256 2998 Dei
1268 2930 1427 2998 obnoxii!
1442 2928 1591 2997 maximo
1603 2933 1798 3019 contemptu
1815 3012 1817 3015 Ι
1895 2941 1897 2944 ’

467 3039 657 3130 loquuntur
683 3039 721 3105 hi
739 3039 861 3129 populi
890 3039 996 3107 duces
1020 3045 1054 3106 et
1076 3042 1244 3128 pastores.
1265 3040 1339 3104 Non
1361 3036 1494 3105 habeut
1522 3034 1615 3127 quod
1632 3035 1799 3104 ministris

467 3151 645 3235 opponant
666 3145 733 3213 nisi
750 3167 848 3213 suam
871 3145 1027 3234 ipsorum
1050 3143 1339 3224 obstinationem,
1356 3142 1489 3211 rabiem
1510 3147 1544 3211 et
1562 3147 1798 3232 contemptum

468 3252 614 3320 aliorum
633 3253 800 3320 omnium.
819 3257 891 3319 lam
910 3273 987 3319 eam
1013 3273 1096 3341 prae
1117 3272 1152 3318 se
1172 3251 1289 3317 ferunt
1309 3248 1438 3317 indolis
1456 3249 1676 3339 superbiam,
1699 3270 1797 3318 arro-

467 3360 634 3446 gantiam,
653 3364 838 3440 tumorem,
851 3357 977 3449 quibus
991 3356 1131 3424 rabbini
1147 3356 1316 3447 populum
1325 3363 1440 3424 terrae
1453 3355 1551 3452 (vum
1568 3355 1625 3436 nr)
1637 3353 1798 3422 insectari
1902 3335 1908 3348 ’

467 3471 501 3532 et
515 3465 735 3556 proscindere
753 3464 867 3533 solent
882 3464 940 3554 (cf.
964 3464 1129 3532 Wetstein
1146 3462 1241 3533 adh.
1257 3462 1296 3546 l.,
1324 3461 1504 3554 thnsclte)
1518 3465 1694 3553 tamquam
1712 3460 1797 3530 abo-

468 3573 703 3640 minationem.

512 3684 549 3746 ln
563 3683 633 3745 tam
651 3679 825 3769 frequenti
842 3677 989 3744 concilio
1006 3682 1144 3767 praeter
1158 3697 1268 3743 unum
1280 3699 1352 3744 non
1363 3680 1414 3744 est
1428 3679 1585 3766 repertus
1598 3675 1660 3767 qui
1676 3680 1797 3743 contra

467 3782 623 3852 scelestas
637 3784 833 3852 molitiones
849 3782 1069 3851 innocentiae
1084 3790 1118 3850 et
1132 3783 1283 3851 iustitiae
1298 3782 1591 3872 patrocinaretnr3
1611 3803 1676 3872 per
1694 3802 1796 3872 quem

467 3900 584 3959 tamen
594 3890 806 3959 declaratum
823 3889 904 3958 satis
919 3892 970 3959 est
980 3888 1067 3957 falso
1082 3889 1161 3957 illos
1175 3888 1311 3972 dixisse,
1328 3889 1502 3959 neminem
1516 3889 1710 3980 principum
1725 3908 1798 3955 cre-

468 3998 550 4066 dere
563 3999 601 4065 in
614 4002 725 4065 lesum
746 3998 869 4086 (lons.)
886 4020 919 4066 v.
939 4003 982 4065 50
1004 3995 1096 4063 dicit
1115 3993 1325 4064 Nicodamus
1342 3994 1390 4064 ad
1405 4018 1461 4064 eos
1478 3993 1537 4062 itte
1556 3993 1619 4084 qui
1637 3993 1732 4061 venit
1751 3991 1800 4060 od

468 4128 546 4173 eum
562 4116 677 4188 nocte,
694 4103 739 4171 cf.
767 4110 835 4186 33,
861 4105 926 4193 qui
943 4125 1032 4170 unus
1051 4116 1125 4169 crat
1144 4124 1187 4168 ec
1209 4101 1312 4192 ipsis,
1328 4101 1537 4190 synedrista,
1555 4107 1721 4184 βουλευτής
1737 4100 1795 4189 (cf.

469 4218 546 4280 Luc.
568 4211 702 4300 2350),
717 4233 750 4277 v.
770 4216 809 4277 51
831 4208 1006 4302 numquid
1031 4208 1087 4276 lec
1108 4220 1226 4276 nostro
1246 4207 1380 4276 iudicat
1400 4208 1590 4294 dominans,
1611 4205 1682 4274 nisi
1696 4205 1798 4296 prius

469 4318 621 4387 audierit
641 4319 684 4387 ab
709 4316 781 4406 ipso
807 4328 839 4384 ct
861 4316 1059 4408 copnoverit
1081 4314 1168 4406 quid
1187 4315 1330 4403 saciat?
1354 4314 1454 4383 valde
1478 4313 1668 4406 prudenter
1680 4313 1716 4379 in
1737 4312 1798 4380 tali

470 4427 663 4494 animorum
683 4423 945 4515 perturbatione
967 4430 1001 4492 et
1023 4422 1103 4490 odio
1127 4421 1296 4512 loquitur.
1322 4421 1437 4490 Nescit
1455 4423 1548 4489 enim
1566 4440 1684 4488 eorum
1699 4420 1797 4487 furo-

469 4554 562 4613 rem,
580 4533 766 4613 malitiem;
783 4530 876 4597 unde
891 4531 1082 4621 prudenter
1093 4550 1162 4596 non
1176 4535 1296 4620 aperte
1312 4535 1386 4596 lesu
1399 4525 1627 4618 patrocinium
1641 4525 1793 4616 suscipit,

469 4661 538 4706 non
558 4640 631 4707 eius
652 4639 889 4719 defensionem
912 4637 1134 4724 aggreditur3
1150 4658 1260 4704 unum
1284 4635 1433 4726 postulat
1451 4633 1545 4726 quod
1562 4631 1639 4725 ipsa
1656 4634 1707 4702 lex
1723 4632 1795 4700 fieri

470 4745 580 4825 iubet3
602 4746 675 4813 zelo
693 4746 783 4834 legis
796 4768 838 4813 ea
857 4742 970 4812 solum
985 4742 1139 4834 loquitur
1153 4766 1217 4833 pro
1227 4749 1300 4812 lesu
1314 4764 1403 4833 quae
1416 4765 1479 4833 pro
1498 4740 1645 4832 pessimo
1658 4761 1796 4832 quoque
