4116 5648
850 405 932 450 ron.
958 389 1060 463 isso.
1180 387 1181 390 ‘
1562 387 1628 454 sis,

288 565 364 609 6666
377 566 455 634 erqo
471 540 656 630 accepisset
671 544 762 610 Iesos
783 551 933 623 acetum,
955 540 1047 608 (lixit
1070 562 1083 605 .·
1101 553 1381 608 consummatum
1402 539 1623 626 666669611-

287 650 450 717 lationem
469 670 506 713 ex
521 648 806 715 antecedentibus
820 646 967 726 indicat3
985 655 1162 713 astantem
1177 647 1363 713 verborum
1380 645 1622 732 consequentia

287 758 371 826 haec
391 779 398 824 :
420 754 549 821 sciebat
565 755 681 822 omnia
699 762 937 823 consummata
957 776 1030 821 esse
1049 761 1192 842 praeter
1211 775 1318 818 unum
1339 775 1463 842 nempe
1481 748 1621 817 manile·
1688 729 1696 755 ⁸

285 865 469 930 stationem
493 854 663 930 cruciatus
689 859 762 926 sitis
787 862 851 950 (Ps.
874 861 1009 947 21‚16);
1036 883 1077 927 ea
1104 882 1186 946 ergo
1208 858 1379 947 completa
1400 859 1484 924 dixit
1507 881 1514 926 :
1540 877 1620 924 coa-

284 981 494 1036 summatum
516 982 577 1052 est,
602 989 689 1055 opus
710 969 802 1058 quod
828 968 1008 1036 mandavit
1028 971 1129 1034 Pater
1151 970 1424 1033 consummatum
1445 972 1507 1045 est,
1535 986 1620 1055 opus
1744 961 1745 965 ’

285 1075 530 1165 redemptionis
549 1078 600 1141 est
616 1073 827 1154 absolutum
849 1074 945 1165 quod
965 1075 1120 1141 Christus
1140 1071 1341 1159 ingrediens
1355 1069 1521 1137 mundum
1542 1088 1624 1160 spo-·

284 1181 484 1269 ponderat:
516 1202 593 1246 6666
618 1181 737 1262 venio,
764 1183 800 1248 in
831 1180 1008 1248 volumine
1036 1180 1118 1247 libri
1147 1179 1390 1269 scriptumest
1416 1176 1459 1243 de
1484 1198 1555 1258 me,
1583 1183 1620 1243 ut

283 1287 407 1355 taciem
423 1293 508 1355 Deus
527 1285 740 1354 voluntatem
759 1295 855 1355 tuam
877 1288 993 1376 (tlebr.
1018 1289 1129 1375 loa),
1153 1308 1257 1376 opere
1277 1283 1478 1373 complevit3
1496 1290 1618 1350 cuncta

283 1417 372 1485 quae
385 1395 574 1485 prophetae
589 1392 631 1460 de
648 1394 762 1461 1166616
775 1395 926 1483 patiente
940 1395 1188 1484 praedixerant
1197 1393 1340 1483 impleta
1355 1396 1450 1471 sunt;
1468 1389 1617 1481 passioni

282 1502 356 1568 eius
372 1500 449 1566 finis
460 1500 716 1589 estimpositus3
734 1500 887 1569 Christus
903 1501 1018 1570 lactus
1033 1508 1084 1568 est
1097 1499 1263 1568 obediens
1279 1522 1385 1589 usque
1398 1498 1443 1564 ad
1455 1504 1613 1565 mortem.

284 1611 426 1674 1166666
445 1605 643 1673 obedientia
662 1606 880 1674 commendat
900 1608 1061 1698 spiritum
1083 1608 1241 1674 suumin
1260 1627 1382 1672 manus
1400 1604 1508 1672 Patris
1520 1605 1613 1694 (Luc.

283 1719 339 1796 23,
358 1714 414 1801 lb)
429 1726 463 1778 ct
478 1712 643 1780 inclinato
658 1712 771 1802 capite
786 1712 935 1779 tradidit
949 1714 1126 1804 spiritum,
1145 1742 1160 1775 «
1179 1713 1258 1802 quis
1272 1711 1321 1778 ita
1335 1710 1462 1777 dormit
1476 1711 1615 1802 quando

283 1819 441 1900 voluerit,
459 1821 547 1886 sicut
566 1826 657 1887 lesus
673 1826 827 1886 mortuus
842 1826 891 1888 est
913 1821 1055 1911 quando
1072 1821 1202 1889 voluit?
1217 1821 1294 1911 quis
1313 1819 1363 1887 ita
1378 1823 1503 1885 vestem
1519 1817 1615 1908 ponit

281 1926 421 2016 quando
445 1925 610 2010 voluerit,
631 1926 719 1992 sicut
743 1949 778 1993 se
804 1949 906 1994 carne
926 1929 1036 2009 exuit,
1058 1927 1203 2018 quando
1225 1924 1351 1995 voluit?
1370 1925 1448 2017 quis
1466 1925 1515 1993 itu
1536 1946 1613 1992 cum

282 2033 427 2100 voluerit
451 2033 541 2114 abit,
572 2032 746 2123 quomodo
771 2055 850 2099 cum
877 2034 987 2102 voluit
1011 2034 1118 2101 obiit?
1143 2039 1280 2125 quanta
1302 2033 1472 2122 speranda
1496 2031 1548 2098 vel
1572 2031 1615 2097 ti-

282 2139 407 2206 menda
424 2147 573 2229 potestas
593 2147 645 2207 est
665 2139 864 2222 iudicantis,
890 2142 918 2207 si
936 2141 1100 2231 apparuit
1124 2147 1219 2206 tanta
1240 2138 1449 2205 morientis»
1471 2137 1615 2226 (Asyli

283 2276 298 2306 «
326 2268 393 2313 non
415 2253 595 2335 postquam
621 2246 804 2336 exspiravit
831 2253 936 2337 capnt
954 2247 1148 2328 inclinavit,
1164 2252 1203 2314 nt
1223 2245 1316 2336 apud
1338 2267 1397 2312 nos
1415 2244 1491 2311 lieri
1510 2245 1610 2323 solet,

279 2351 339 2419 sed
363 2359 543 2442 postquam
571 2352 796 2420 inclinaverat
824 2355 1033 2444 exspiravit3
1065 2355 1197 2444 quibus
1232 2351 1394 2420 omnibus
1425 2350 1614 2420 declaravit

278 2460 489 2547 evangelista
504 2459 616 2550 ipsum
633 2460 870 2528 universorum
886 2484 958 2529 esse
977 2462 1161 2529 Dominum
1182 2490 1197 2520 n
1216 2460 1344 2549 (Cha).

323 2565 444 2656 lmplet
460 2569 495 2633 in
509 2590 544 2633 se
561 2566 654 2656 quod
670 2566 803 2634 dixerat
821 2590 828 2636 :
852 2568 964 2635 bonus
976 2574 1095 2656 pastor
1108 2567 1264 2634 animam
1279 2588 1375 2632 suam
1392 2565 1450 2632 dat
1462 2588 1525 2654 pro
1541 2567 1611 2632 ovi-

278 2671 343 2739 bus
361 2674 429 2739 suis
443 2675 590 2761 (10‚11);
611 2674 706 2740 venit
723 2674 826 2741 Filius
840 2674 993 2741 hominis
1012 2674 1097 2740 dare
1118 2674 1271 2740 animam
1289 2694 1386 2739 suam
1402 2672 1611 2762 redemptio·

278 2800 357 2846 nem
376 2802 438 2868 pro
456 2781 572 2845 multis
598 2781 725 2869 (tlatth.
756 2782 886 2869 2038).
907 2780 1003 2848 Unde
1028 2779 1220 2870 apostolus,
1243 2781 1349 2869 empti
1365 2778 1460 2861 estis,
1483 2777 1608 2868 inquit,

276 2887 387 2975 pretio
407 2908 530 2973 magno
555 2886 586 2974 (1
608 2889 683 2953 Cor.
707 2892 803 2969 o‚20;
830 2888 945 2976 723),
976 2910 1044 2953 uon
1063 2885 1353 2975 corruptibilibus
1374 2907 1458 2952 auro
1481 2885 1536 2952 vel
1555 2906 1610 2951 ar-

277 2999 397 3081 gento,
415 2993 474 3059 sed
495 2992 644 3082 pretioso
659 2993 831 3081 sanguine
846 2994 944 3084 quasi
965 2996 1050 3081 agni
1066 2993 1280 3060 immaculati
1301 2992 1426 3060 Christi
1440 2999 1473 3058 et
1494 2992 1610 3059 incon·

277 3099 475 3187 taminati(l
494 3103 580 3166 Petr.
600 3100 777 3188 1‚18.19);
798 3100 1002 3167 sanctificati
1015 3123 1136 3168 sumus
1149 3123 1213 3190 per
1227 3099 1436 3167 oblationem
1456 3098 1610 3188 corporis

277 3205 399 3272 Christi
423 3206 546 3286 semel,
579 3228 650 3273 una
677 3208 770 3273 enim
802 3207 979 3273 oblatione
1013 3209 1271 3274 consummavit
1301 3206 1336 3270 in
1362 3205 1608 3295 sempiternum

276 3312 504 3379 sanctificatos
520 3312 634 3401 (hebr.
657 3320 768 3395 10‚10.
793 3314 847 3402 lt)
869 3319 908 3380 Et
922 3336 986 3403 pro
1002 3313 1169 3380 omnibus
1194 3319 1414 3407 mortuusest
1437 3312 1607 3394 Christus,

277 3425 313 3486 nt
328 3426 361 3485 et
376 3419 436 3508 qni
456 3419 574 3485 vivunt
589 3419 658 3486 iam
678 3441 748 3486 666
766 3419 832 3486 sibi
848 3419 982 3502 vivant,
1004 3420 1065 3487 sed
1081 3421 1113 3487 ei
1134 3421 1272 3510 qnipro
1288 3419 1372 3509 ipsis
1387 3424 1540 3487 mortuus
1560 3427 1610 3486 est

277 3525 312 3614 (2
332 3529 406 3591 Cor.
429 3527 536 3614 5,15).
562 3530 657 3592 Nunc
679 3549 817 3616 quoque
842 3527 1024 3616 impletum
1045 3534 1095 3593 est
1119 3526 1215 3616 quod
1239 3525 1371 3593 dixerat
1395 3532 1492 3608 1231
1519 3548 1610 3593 6666

274 3633 434 3721 princeps
447 3632 548 3697 huius
566 3632 686 3698 mnndi
701 3633 857 3700 eiicietur
873 3634 983 3715 loras;
1000 3656 1082 3702 nam
1099 3656 1160 3723 per
1183 3640 1331 3700 mortem
1346 3632 1511 3701 destruxit
1529 3655 1609 3700 eum

276 3739 336 3828 qui
352 3738 505 3805 habebat
521 3738 640 3806 mortis
655 3739 857 3829 imperium,
876 3740 912 3806 id
929 3747 990 3823 est,
1007 3740 1192 3809 diabolum
1209 3738 1324 3829 (Hebr.
1342 3744 1450 3825 2,lt);
1468 3739 1610 3808 abstulit

277 3845 511 3925 maledictum,
536 3867 597 3911 nos
619 3845 763 3913 redemit
781 3845 823 3913 de
844 3846 1029 3913 maledicto
1042 3847 1144 3935 legis,
1171 3848 1282 3914 lactus
1299 3868 1363 3936 pro
1384 3846 1483 3913 nobis
1506 3846 1610 3914 male-

277 3952 418 4030 dictum,
445 3955 528 4041 quia
552 3952 718 4041 scripturn
743 3958 792 4020 est
818 3974 826 4019 :
857 3954 1060 4020 maledictus
1085 3953 1198 4021 omnis
1227 3953 1288 4043 qui
1311 3952 1434 4044 pendet
1456 3955 1490 4018 in
1513 3953 1609 4040 ligno

276 4058 361 4146 (Cal.
383 4061 489 4145 3,13).
508 4059 631 4126 Christi
652 4067 760 4127 morte
778 4066 874 4127 vetus
890 4059 1016 4128 foedus
1030 4060 1073 4127 de
1093 4061 1169 4129 iure
1185 4068 1235 4127 est
1255 4060 1439 4141 abolitum,
1462 4060 1498 4126 id
1515 4060 1608 4150 quod

276 4167 350 4231 velo
371 4166 488 4254 templi
512 4166 613 4231 scisso
636 4166 895 4247 declarabatnr;
916 4189 1008 4234 nunc
1025 4168 1119 4234 enim
1135 4168 1303 4235 habemus
1320 4166 1480 4233 fiduciam
1497 4168 1532 4232 in
1556 4168 1609 4233 16-

277 4273 380 4338 troitu
395 4279 589 4338 sanctorum
601 4273 635 4337 in
645 4273 815 4360 sanguine
830 4274 967 4355 Christi,
983 4297 1089 4363 quam
1103 4274 1254 4341 initiavit
1270 4274 1368 4340 nobis
1381 4275 1472 4339 viam
1485 4294 1607 4340 novam

276 4385 309 4444 et
329 4380 499 4445 viventem
523 4401 583 4467 per
607 4378 781 4462 velamen,
811 4380 847 4446 id
871 4387 940 4461 est,
965 4403 1108 4448 carnem
1127 4403 1225 4448 snam
1250 4381 1365 4468 (liebr.
1396 4385 1507 4460 10‚19.
1536 4384 1605 4466 20).

277 4484 369 4551 Unde
385 4486 544 4552 omuibus
560 4491 654 4574 patet
668 4485 781 4552 aditus
800 4487 844 4554 ad
857 4495 974 4554 sancta
990 4494 1198 4568 sanctorum,
1221 4485 1264 4553 ad
1279 4487 1514 4553 sanctuarinm
1532 4508 1608 4553 coe-

276 4589 368 4672 leste,
384 4600 417 4658 et
434 4595 491 4682 qui
513 4591 698 4681 aliquando
715 4600 814 4659 erant
833 4594 938 4682 longe
961 4594 1041 4662 lacti
1063 4601 1144 4662 sunt
1163 4618 1274 4684 prope
1294 4593 1330 4659 in
1352 4593 1519 4680 sanguine
1537 4594 1608 4660 eius

278 4698 377 4786 (Eph.
396 4699 657 4780 6166111666.
677 4706 768 4781 335.
788 4704 853 4786 26).
