4116 5648
225 544 319 775 t*

413 644 527 725 dedit,
555 660 625 705 non
654 643 735 732 quia
758 643 831 732 ipse
858 639 955 706 illam
975 639 1109 728 primus
1133 637 1306 727 praecepit
1320 646 1355 706 et
1371 639 1408 707 in
1427 657 1559 705 morem
1577 636 1730 721 induxit,

413 752 474 821 sed
487 744 570 837 quia
579 745 840 840 iamatempore
851 743 1129 834 patriarcharum
1146 743 1183 810 in
1198 764 1260 811 usu
1275 752 1349 813 erat
1362 753 1396 813 et
1409 768 1430 813 a
1444 751 1509 813 Deo
1523 742 1731 836 praescripta

246 906 264 919 ,.
290 923 293 929 Δ
413 853 639 940 circumcisi03
654 861 834 946 tamquam
856 849 997 939 signum
1020 850 1114 944 pacti
1136 848 1206 917 iam
1225 850 1400 919 Abrabam
1422 854 1512 941 patri
1535 858 1568 918 et
1589 851 1661 919 eius
1679 850 1733 916 la-

413 959 529 1029 miliae
544 969 578 1029 et
591 962 736 1053 posteris
754 964 938 1052 praecepta
959 966 1010 1028 est
1026 963 1108 1025 Gen.
1128 964 1245 1040 17,10;
1263 956 1300 1023 in
1316 958 1392 1045 lego
1410 959 1556 1023 mosaica
1569 956 1732 1047 praescri-

409 1064 507 1132 bitur
521 1071 598 1136 lev.
625 1074 716 1148 tas.
740 1064 838 1134 llaud
856 1067 961 1154 pauci
974 1065 1173 1150 adiungunt
1191 1067 1237 1133 διὰ
1250 1080 1336 1132 τοῦτο
1354 1062 1400 1129 ad
1413 1061 1615 1130 antecedens
1625 1064 1733 1130 mirc-

412 1170 503 1239 mini
519 1172 680 1264 (ercoplt.
696 1169 806 1242 ruald.
828 1173 925 1240 Patr.
946 1171 1051 1259 Schq.
1065 1170 1166 1238 Schz.
1183 1169 1274 1251 Keil,
1292 1170 1399 1238 Weiss
1413 1170 1506 1257 etc),
1523 1169 1583 1237 alii
1600 1169 1734 1258 aliquid

293 1321 296 1326 -
412 1280 641 1372 supplendum
668 1282 807 1350 consent
828 1285 866 1346 ut
883 1299 992 1348 nexus
1009 1276 1207 1345 adstruatur
1236 1277 1292 1365 (ci.
1317 1280 1404 1367 Καρ.
1424 1276 1511 1361 Fil.,·
1529 1277 1622 1343 varia
1638 1275 1731 1366 apud

412 1389 493 1456 Bar.
512 1386 585 1457 Gai.
600 1385 729 1478 lanam
745 1406 866 1453 verum
876 1391 988 1478 potest
996 1383 1141 1451 retineri
1154 1384 1285 1451 iunctio
1299 1383 1394 1470 vulg.
1418 1403 1425 1450 :
1443 1383 1519 1450 ideo
1533 1388 1654 1471 Moyses
1673 1383 1734 1450 de-

412 1493 465 1560 dit
478 1492 790 1572 circumcisionem,
811 1492 896 1581 quia
911 1514 952 1559 ex
973 1489 1131 1582 patribus
1151 1496 1201 1558 est
1228 1490 1284 1579 (cl.
1308 1493 1386 1580 Cyr.
1411 1493 1492 1557 Bon.
1513 1489 1582 1556 Tol.
1604 1489 1730 1573 Corl.);

412 1619 530 1668 sensus
544 1599 637 1665 enim
652 1603 754 1689 aptus
772 1603 838 1682 est,
854 1596 1107 1666 constructioin
1123 1596 1190 1664 boc
1202 1595 1292 1664 libro
1300 1598 1380 1664 satis
1392 1597 1530 1679 usitata;
1547 1596 1624 1664 vide
1639 1602 1729 1680 ato.

292 1779 293 1782 ,
414 1714 473 1789 183
493 1708 589 1789 8,l'l;
607 1710 726 1788 1o,1·1;
744 1707 858 1787 tm.
882 1710 925 1772 39
949 1707 984 1771 et
1001 1703 1271 1794 haecporticula
1283 1725 1418 1793 semper
1436 1704 1472 1770 in
1490 1703 1587 1771 initio
1600 1708 1733 1771 senten-

414 1813 497 1896 tiae,
527 1832 707 1901 nunquam
734 1810 773 1878 in
796 1811 865 1879 fine
890 1810 1063 1902 reperitur
1084 1809 1180 1899 apud
1199 1810 1444 1898 evangelistam
1466 1809 1520 1898 (ct.
1548 1810 1669 1899 Cori).
1696 1812 1731 1877 Si

413 1921 531 2007 itaque
549 1939 591 1985 eo
613 1917 690 1986 loco
712 1938 789 1986 eam
817 1914 1017 2007 reliqueris,
1039 1922 1176 2006 oportet
1196 1915 1418 2007 parenthesin
1432 1938 1477 1984 ne
1490 1915 1682 2000 admiseris;
1700 1928 1732 1983 et

414 2023 453 2091 in
472 2025 610 2092 sabbato
632 2023 879 2094 circumciditis
897 2021 1170 2110 leominem;iam
1193 2022 1366 2092 Abraham
1385 2023 1513 2090 dictum
1529 2029 1578 2091 est
1598 2045 1605 2090 :
1622 2023 1735 2090 inians

411 2135 490 2227 vocto
511 2123 648 2200 dierum
667 2130 936 2201 circumcidetur
959 2130 997 2198 in
1019 2129 1132 2213 vobis;
1148 2130 1331 2198 item-lev.
1356 2136 1432 2212 123
1455 2135 1518 2197 :et
1539 2129 1595 2197 die
1613 2137 1733 2196 octavo

413 2238 695 2320 circumcidetur,
711 2260 820 2330 quare
841 2259 973 2306 morem
992 2260 1014 2306 a
1029 2236 1188 2328 patribus
1206 2236 1370 2305 traditum
1384 2244 1419 2304 et
1432 2237 1508 2324 lege
1523 2237 1640 2326 Moysis
1657 2258 1734 2304 san-

415 2344 523 2412 citum
538 2344 723 2413 servabant
744 2350 779 2413 et
796 2344 826 2412 si
847 2343 903 2412 dic
927 2351 1067 2413 octavus
1083 2349 1157 2412 crat
1173 2343 1374 2428 sabbatum,
1391 2343 1603 2411 circumcisio
1622 2343 1734 2411 codic

415 2451 523 2519 fiebat
541 2474 655 2542 nequo
673 2451 902 2542 reputabatur
914 2450 1054 2519 violatio
1072 2449 1225 2533 sabbati,
1244 2451 1326 2540 quia
1342 2454 1416 2518 erat
1438 2471 1532 2518 sacer
1545 2450 1629 2518 ritus
1642 2473 1663 2517 a
1678 2473 1735 2541 pa·

252 2502 277 2626 ι,
317 2566 320 2571 “
415 2557 526 2626 tribus
548 2564 628 2626 ante
647 2558 764 2647 legam
783 2559 903 2646 lloysis
922 2557 1072 2627 traditus
1092 2561 1127 2625 et
1150 2560 1242 2625 corto
1262 2556 1332 2624 diei
1347 2556 1465 2624 divino
1478 2563 1661 2647 praecepto
1678 2557 1738 2625 ad-

416 2685 532 2733 nexus.

460 2771 553 2840 Unde
569 2772 723 2840 Christus
737 2773 855 2861 arguit
870 2793 903 2840 v.
928 2777 971 2840 23
990 2771 1022 2838 si
1040 2770 1335 2847 circumcisionem
1354 2770 1479 2861 occipit
1497 2770 1595 2837 domo
1611 2769 1648 2836 in
1660 2771 1738 2836 sab·

417 2876 513 2964 boto,
534 2890 574 2946 ut
587 2901 657 2947 non
671 2878 827 2947 soluatur
840 2878 898 2946 lex
913 2877 1044 2969 Moysi,
1062 2883 1110 2947 isc
1131 2888 1190 2964 μή,
1208 2899 1251 2944 nc
1266 2877 1339 2945 scil.
1356 2877 1409 2946 lex
1424 2877 1525 2965 Moysi
1542 2877 1633 2966 (Lev.
1649 2877 1738 2963 ¹23)

415 2984 460 3052 de
468 2985 726 3054 circumcisione
733 2979 900 3070 solvatur,
913 2985 1115 3074 negligatur
1126 2985 1190 3075 (ita
1199 2982 1551 3075 Theophrastum.
1569 2981 1650 3051 Bed.
1662 2982 1736 3052 Coi.

414 3093 508 3158 lans.
533 3090 642 3159 Mald.
657 3094 739 3160 Ber.
754 3095 851 3161 Patr.
867 3090 972 3182 Scdp.
985 3089 1087 3159 Sclrz.
1107 3089 1172 3158 Fil.
1198 3090 1317 3174 Weiss,
1333 3089 1413 3158 Keil
1428 3091 1456 3180 ),
1475 3089 1740 3178 milri'indiqno·

415 3197 519 3280 mini,
536 3197 621 3288 quio
636 3209 747 3265 totum
761 3197 934 3266 hominem
950 3219 1076 3265 sanum
1085 3196 1162 3287 seri
1179 3197 1217 3263 in
1229 3196 1391 3265 sabbato?
1408 3196 1546 3284 dignior
1562 3199 1654 3264 enim
1663 3197 1741 3264 sab-

415 3303 496 3371 bato
505 3303 718 3373 circumcisio
730 3310 823 3386 erat;
836 3326 902 3392 ego
911 3326 992 3372 vero
1000 3325 1075 3370 rem
1083 3302 1280 3390 digniorem
1294 3303 1538 3392 melioremque
1553 3303 1617 3370 feci
1632 3326 1737 3393 quam

416 3410 460 3477 sit
482 3409 694 3496 circumcisio
719 3409 850 3502 (Chr.);
873 3409 976 3502 proin
1001 3409 1098 3478 nulla
1118 3413 1169 3478 ost
1187 3411 1274 3478 ratio
1306 3433 1368 3478 cur
1382 3410 1468 3477 mihi
1488 3410 1736 3498 indignemini!

417 3519 500 3584 Cum
523 3517 657 3585 dicatur
677 3530 788 3586 totum
810 3518 990 3585 hominem
1009 3538 1133 3585 sanum
1157 3517 1238 3598 teci,
1258 3515 1394 3585 videtur
1408 3518 1553 3606 requiri,
1572 3524 1609 3585 ut
1624 3517 1661 3583 in
1677 3517 1740 3584 cir·

417 3622 624 3693 cumcisione
639 3646 720 3715 pars
732 3625 852 3715 aliqua
862 3631 1020 3704 sanetur;
1031 3624 1082 3691 ita
1095 3624 1169 3692 scil.
1184 3623 1334 3692 habetur
1348 3622 1517 3713 oppositio
1532 3631 1564 3692 et
1578 3645 1739 3713 progres-

417 3750 474 3797 sus
487 3733 521 3796 et
533 3716 787 3818 argumentatio
802 3753 824 3800 a
841 3732 976 3799 minore
986 3729 1031 3798 ad
1041 3732 1166 3798 maius.
1180 3729 1331 3798 Christus
1345 3729 1497 3819 loquitur
1510 3729 1553 3796 de
1565 3731 1739 3798 sanatione

418 3835 472 3903 vel
492 3836 603 3903 saluto
623 3836 813 3928 corporali,
836 3837 928 3904 undo
946 3837 984 3903 in
1005 3837 1262 3905 circumcisione
1285 3859 1355 3903 non
1380 3835 1498 3904 licebit
1522 3837 1671 3924 cogitare
1695 3836 1738 3902 de

417 3941 597 4031 signaculo
610 3943 730 4010 salutis
745 3942 836 4033 (cum
851 3945 941 4033 Auq.
963 3941 1046 4011 Bed.
1065 3941 1183 4009 Tlom.
1202 3943 1321 4032 llup.),
1337 3942 1392 4008 vix
1406 3943 1551 4009 sufficiet
1569 3945 1738 4031 inceptam

418 4049 571 4117 vulneris
584 4052 816 4131 sanationem,
831 4048 1013 4138 sanguinis
1027 4047 1271 4115 cohibitionem
1287 4049 1380 4139 (Cpr.
1400 4048 1517 4138 Schq.)
1532 4048 1669 4129 efferre,
1684 4049 1735 4115 vel

418 4177 492 4222 rem
517 4179 538 4223 a
561 4157 732 4224 contrario
755 4157 928 4225 illustrare
948 4177 957 4225 t
982 4157 1012 4224 si
1031 4153 1177 4223 sabbato
1202 4155 1283 4222 licet
1307 4157 1560 4223 circumcisione
1585 4155 1739 4223 dolorem

417 4261 563 4346 inferre,
579 4285 601 4331 a
618 4263 759 4331 fortioro
773 4262 854 4330 licet
870 4285 993 4332 sanum
1007 4262 1122 4330 iacere
1141 4261 1321 4352 (Theoph.)
1337 4261 1391 4329 vel
1405 4263 1595 4350 generatim
1604 4262 1737 4330 dicere:

420 4359 632 4438 circumcisio
648 4376 698 4438 est
721 4391 808 4460 opus
826 4369 964 4454 nobile,
984 4370 1062 4437 ideo
1086 4390 1159 4437 non
1179 4368 1278 4437 solvit
1292 4368 1490 4450 sabbatum;
1511 4369 1570 4435 sed
1588 4369 1678 4435 salus
1692 4372 1741 4433 to-

419 4477 487 4543 tius
501 4475 658 4544 hominis·
666 4498 754 4567 opus
770 4479 821 4544 cst
832 4476 986 4544 nobilius
1004 4475 1132 4566 (Bam).
1149 4475 1255 4542 [tebet
1271 4477 1388 4565 itaqua
1404 4475 1615 4542 circumcisio
1630 4475 1741 4541 consi-

422 4581 538 4649 derari
549 4586 587 4649 ut
600 4584 733 4652 sanatio
749 4583 899 4651 hominis
918 4582 1093 4672 partialis,
1110 4582 1242 4649 sanatio
1254 4582 1292 4648 in
1311 4587 1408 4670 parte
1421 4581 1607 4670 eorporis¹;
1626 4581 1741 4670 itaque

424 4689 511 4757 haec
529 4711 648 4757 revera
661 4697 729 4770 est;
755 4713 838 4759 nam
854 4689 926 4757 sine
946 4689 1008 4757 illa
1025 4689 1095 4757 tale
1117 4688 1237 4756 vitium
1258 4693 1308 4755 est
1327 4690 1364 4755 in
1379 4711 1536 4778 corpore,
1554 4694 1592 4754 ut
1603 4695 1743 4777 propter

461 4935 484 4981 ι.
498 4931 667 4998 Ρηοριιιῑιιιιι
677 4929 822 4984 calvitium
837 4931 865 4984 iu
879 4940 1000 4995 corpore,
1015 4927 1052 4981 ita
1064 4929 1093 4982 tn
1107 4927 1236 4982 itidrasch
1250 4928 1384 4981 Bamldber
1396 4929 1473 4982 rabba
1485 4928 1676 4992 (Holtzmoaa).

875 5030 1102 5073 :aerumnosam
1118 5031 1187 5072 rom.
1203 5045 1235 5057 -
1253 5023 1290 5071 17.
