4116 5648
514 662 646 724 Interea
656 649 816 745 discipuli
826 648 941 718 cibum
951 653 1107 739 emptum
1117 651 1249 720 Christo
1256 657 1506 739 apposuerunt.
1519 651 1671 720 Christus
1682 638 1798 724 autem
1936 736 1940 743 ,

465 763 582 829 haeret
596 757 866 827 meditabundus
880 760 914 821 et
928 756 1025 844 quasi
1039 753 1143 822 aliam
1157 758 1195 826 in
1211 777 1284 824 rem
1307 779 1397 845 quae
1415 760 1528 848 magis
1539 757 1607 828 sibi
1623 779 1730 849 qnam
1749 763 1798 827 ci·

464 869 528 934 bus
540 868 628 931 esset
649 869 767 933 animo
790 861 921 928 defixus
937 859 1093 951 (Matag
1116 870 1209 931 totus
1228 861 1321 929 enim
1336 863 1373 929 in
1387 866 1532 933 salutem
1547 866 1735 934 electorum
1748 865 1801 932 in·
1911 880 1934 947 ζ,

461 969 625 1038 cumbens
644 967 821 1041 nutriendi
848 969 1002 1059 corporis
1023 988 1143 1036 curam
1161 970 1294 1038 nullam
1312 967 1418 1035 habet
1437 969 1561 1059 (Cpr.)
1579 963 1664 1039 Cum
1683 973 1801 1063 itaque
1927 976 1944 1067 ᾗ·

460 1075 573 1144 cibum
590 1080 790 1170 appositum
805 1096 875 1142 non
889 1081 1063 1163 tangeret,
1081 1097 1114 1142 v
1132 1082 1173 1144 31
1190 1078 1324 1142 interea
1339 1077 1513 1166 rogabunt
1527 1098 1606 1144 eum
1620 1074 1798 1170 discipuli,
1919 1068 1943 1097 ³²

414 1179 586 1270 ἠρώτων
611 1194 737 1255 ἐνταῦθα
766 1191 995 1271 παρέκαλουν
985 1187 1064 1263 εστὶ,
1091 1201 1127 1272 τῇ
1159 1188 1350 1271 ἐγχωρίῳ
1320 1193 1415 1252 αυτῶν
1437 1201 1517 1273 φωνῇ
1542 1181 1618 1272 (Cb.
1650 1180 1799 1274 Theopb.

464 1291 596 1382 Eorta
623 1291 807 1359 dicentes:
830 1288 944 1374 rabbi,
969 1286 1165 1356 manduca!
1151 1291 1219 1355 !.v
1247 1294 1290 1355 32
1311 1288 1372 1357 illc
1389 1301 1510 1356 autem
1535 1288 1672 1358 dicit·
1638 1312 1721 1357 eas.
1717 1311 1804 1380 eqo

466 1397 577 1466 cibum
589 1399 693 1464 babeo
711 1395 921 1464 mandamare
936 1416 1040 1485 quem
1051 1416 1108 1462 vos
1121 1393 1276 1479 nescitis,
1298 1395 1410 1486 qualis
1419 1395 1464 1462 sit
1475 1395 1591 1479 cibus,
1606 1395 1805 1465 declaratur
1906 1444 1909 1461 ;

465 1527 496 1570 ν.
520 1511 580 1586 33ς
598 1523 678 1571 cum
693 1502 834 1570 animus
843 1500 1101 1570 vehementiore
1116 1501 1269 1592 quodam
1283 1502 1406 1570 affectu
1423 1507 1616 1584 moveatur,
1630 1503 1700 1570 iam
1712 1502 1802 1570 nihil

464 1611 507 1678 de
526 1611 603 1679 cibo
621 1608 754 1695 cogitat
771 1609 957 1699 corporali.
982 1611 1032 1674 Ita
1055 1612 1147 1675 lesus
1162 1630 1299 1699 quoque
1314 1608 1412 1699 operi
1434 1608 1602 1677 messiano
1622 1607 1803 1678 intendens

463 1716 614 1790 attidem
631 1713 928 1783 Samaritanorum
943 1736 1023 1782 cum
1037 1715 1168 1807 gaudio
1185 1721 1385 1804 exspectans
1402 1716 1452 1783 ita
1465 1715 1583 1784 animo
1597 1721 1800 1806 occupatur,
1879 1733 1881 1738 ·

464 1832 498 1889 et
509 1821 713 1903 oblectatur,
733 1827 772 1888 ut
789 1822 995 1889 alimentum
1009 1821 1167 1911 corporis
1186 1828 1327 1905 renuat;
1343 1822 1505 1890 ciborum
1520 1820 1642 1890 loco-ei
1658 1827 1709 1890 est
1722 1844 1803 1912 per-

367 2009 368 2012 ,
463 1929 614 1996 ditorum
628 1927 671 1994 ad
687 1929 832 1996 satutem
848 1929 997 1996 reversio
1016 1934 1049 1996 et
1070 1927 1248 2018 discipulis
1261 1927 1445 2016 significat,
1464 1929 1495 1996 si
1517 1929 1642 1997 scirent
1659 1928 1730 1997 iam
1745 1927 1804 2017 agi
1925 1918 1964 2019 ἧς·

464 2035 507 2103 de
523 2035 820 2104 Samaritanorum
836 2034 1076 2116 conversione,
1093 2037 1185 2118 sore,
1201 2041 1240 2102 ut
1252 2035 1296 2103 de
1310 2035 1371 2102 illo
1386 2035 1465 2103 cibo
1487 2035 1598 2124 magis
1612 2037 1805 2123 cogitarent
1899 2023 1902 2026 ⁴
1923 2046 1927 2055 '
1948 2020 1955 2047 ²

465 2164 570 2232 quam
584 2141 627 2208 de
640 2141 813 2232 corporali
827 2141 1045 2209 consulerent
1057 2141 1186 2231 (,Cyr.);
1201 2141 1305 2209 simul
1322 2141 1440 2212 innuit
1451 2141 1665 2232 corporalem
1681 2141 1800 2209 cibum

465 2251 522 2316 Dei
537 2249 703 2315 voluntati
719 2256 754 2315 et
768 2248 950 2316 hominum
963 2249 1068 2316 saluti
1080 2270 1152 2316 csse
1164 2247 1443 2338 postponendum
1460 2256 1495 2317 et
1511 2248 1559 2316 ad
1568 2247 1607 2315 id
1604 2248 1805 2346 discipulos

467 2356 617 2423 suaviter
629 2354 771 2423 adducit
786 2354 1022 2443 (Ammonius,
1037 2360 1104 2424 cat.
1122 2356 1202 2443 Cr..)

509 2459 591 2539 Quid
609 2462 753 2545 mirum,
770 2462 801 2528 si
820 2462 945 2529 mulier
959 2462 1022 2530 illa
1039 2484 1111 2529 non
1133 2461 1353 2551 intelligebat
1376 2463 1523 2551 aquam?
1541 2484 1620 2530 ecce
1642 2412 1800 2550 discipuli

464 2567 619 2634 nondum
642 2515 887 2656 intelligebant
908 2590 1021 2635 escam
1042 2568 1143 2657 (Aug.
1163 2567 1245 2636 Bcd.
1268 2571 1355 2658 Hup.
1361 2566 1444 2657 );v
1471 2574 1512 2635 33
1535 2567 1696 2635 dicebant
1718 2589 1799 2657 erqo

464 2673 629 2764 discipuli
638 2675 686 2740 od
695 2675 862 2742 invicem:
876 2672 1051 2763 numquid
1063 2673 1194 2764 aliquis
1208 2672 1326 2741 attulit
1339 2672 1372 2740 ei
1381 2672 1615 2743 manducare?
1625 2673 1796 2756 dubitant,

464 2781 547 2848 dum
566 2781 701 2848 doctori
722 2781 953 2848 reverentiam
973 2788 1007 2847 et
1029 2781 1196 2848 bonorem
1218 2803 1281 2870 pro
1307 2802 1401 2848 more
1425 2779 1590 2849 exhibent
1609 2803 1650 2848 ac
1677 2787 1797 2848 mutuo

463 2887 709 2976 colloquuntur
729 2909 844 2977 neque
868 2886 999 2955 audent
1022 2889 1066 2955 ab
1092 2887 1154 2954 illo
1174 2887 1340 2955 sciscitari
1362 2885 1486 2976 (cta).
1508 2885 1719 2955 Proditurin
1743 2885 1798 2952 bis

464 2993 580 3060 nativa
590 2995 743 3062 veritatis
756 2993 959 3083 simplicitas
973 3000 1007 3061 et
1020 2994 1170 3083 scriptor
1180 2994 1282 3061 facile
1295 2995 1494 3080 agnoscitur
1504 3015 1547 3060 ea
1559 3015 1704 3061 narrans
1719 2992 1798 3084 qui·
1879 3013 1881 3017 ·

464 3099 527 3166 bus
540 3121 700 3188 praesens
719 3100 878 3167 adfuerat
893 3100 1032 3188 (Pata).
1054 3101 1248 3166 attentione
1263 3099 1514 3189 discipulorum
1530 3099 1675 3167 excitata
1689 3099 1796 3166 etiam
1901 3166 1907 3179 ,
1963 3094 1984 3181 js

463 3205 506 3272 ad
522 3227 641 3273 eorum
660 3204 856 3273 doctrinam
871 3213 905 3272 et
926 3205 1176 3272 institutionem
1195 3206 1264 3296 qui
1279 3205 1389 3273 futuri
1403 3211 1502 3273 eraut
1515 3205 1610 3273 orbis
1629 3203 1798 3273 terrarum

463 3312 618 3399 magistri
638 3311 792 3380 declarat
814 3311 966 3380 Christus
980 3334 1013 3378 v.
1042 3318 1083 3379 33
1105 3311 1191 3379 dicit
1213 3313 1261 3379 eis
1281 3313 1375 3379 lesco
1393 3334 1407 3377 .·
1420 3335 1516 3378 meus
1530 3312 1625 3379 cibus
1648 3323 1712 3393 cst,
1729 3333 1799 3402 quo

461 3440 559 3485 suum
574 3420 723 3508 explicat
735 3418 960 3500 desiderium,
976 3419 1284 3501 oblectamentum,
1300 3419 1479 3508 alsaciam
1495 3419 1709 3486 voluntatem
1724 3419 1796 3485 cius

460 3525 523 3614 qui
542 3525 635 3592 misit
654 3548 724 3608 rae,
748 3537 787 3591 ut
807 3526 882 3615 (καὶ)
898 3524 1082 3616 perficiam
1097 3547 1182 3615 opus
1197 3525 1289 3609 eiua,
1307 3531 1371 3609 ἵνα,
1390 3548 1459 3615 qua
1471 3525 1642 3615 particula
1656 3524 1794 3593 deside·

378 3664 383 3668 -
463 3631 551 3699 rium
567 3632 960 3722 connotatur,'quamvis
972 3631 1095 3717 etiam,
1115 3632 1165 3700 uti
1179 3632 1216 3699 in
1232 3632 1419 3719 graecitate
1433 3631 1638 3722 posteriore,
1656 3654 1719 3723 pro
1739 3634 1794 3698 in-

463 3738 593 3804 finitivo
612 3738 838 3820 adhibentur3
861 3746 1008 3826 utraque
1028 3739 1213 3828 explicatio
1232 3739 1299 3807 hoc
1319 3739 1396 3807 loco
1412 3761 1491 3808 suos
1505 3739 1611 3807 habet
1633 3745 1795 3830 patronos

463 3846 520 3930 (cf.
534 3845 646 3929 Solia.)
662 3868 669 3926 ;
686 3856 761 3913 ποιῶ
775 3845 848 3912 scil.
871 3851 910 3912 ut
923 3844 1087 3912 continuo
1106 3868 1147 3912 ac
1162 3852 1357 3914 constanter
1368 3846 1508 3928 faciam;
1519 3849 1668 3915 τελειώσω
1684 3852 1722 3912 ut
1734 3845 1795 3912 de-

463 3951 565 4039 nique
580 3957 735 4040 tempore
744 3952 863 4018 futuro
878 3973 963 4041 opus
976 3950 1034 4019 Dei
1046 3951 1091 4018 ad
1102 3952 1351 4043 perlectionem
1364 3951 1535 4020 adducam
1550 3959 1584 4018 ct
1595 3952 1792 4034 absolvam;

464 4080 549 4146 opus
562 4058 633 4125 scil.
655 4057 886 4147 quodDeusa
905 4079 958 4126 me
977 4058 1100 4149 peragi
1123 4060 1212 4140 vult,
1234 4081 1321 4149 opus
1340 4060 1562 4142 messianum,
1583 4058 1794 4149 redemptio-

463 4185 543 4230 nem
557 4166 694 4252 generis
714 4165 856 4231 humani
875 4171 910 4232 et
921 4165 1200 4233 constitutionem
1217 4167 1317 4253 regni
1339 4167 1410 4234 Dei.
1431 4167 1526 4233 Hisce
1539 4187 1575 4232 se
1594 4166 1706 4257 pasci,
1724 4187 1794 4232 sus·

463 4271 602 4351 tentari,
626 4273 710 4338 haec
728 4278 890 4361 appetere
909 4271 1057 4354 indicat;
1073 4273 1159 4340 haec
1175 4273 1246 4339 iam
1261 4273 1453 4340 enuntiavit
1467 4295 1554 4363 puer
1566 4270 1761 4340 duodennis
1785 4294 1794 4336 ι

461 4377 498 4444 in
517 4376 669 4466 hisquae
683 4379 791 4445 Patris
811 4379 879 4444 mei
894 4385 972 4446 sunt
986 4384 1123 4469 oportet
1140 4400 1196 4446 me
1209 4399 1282 4445 esse
1301 4381 1392 4466 (Luc.
1410 4379 1522 4468 2,t9);
1540 4379 1662 4444 haeca
1679 4398 1715 4444 se
1733 4376 1798 4444 im·

463 4484 555 4574 pleta
571 4505 641 4550 csse
656 4485 762 4552 edixit
777 4491 866 4566 17,t.

506 4595 574 4658 lam
584 4590 627 4658 ad
641 4592 787 4659 eandem
803 4613 918 4660 secum
929 4592 1036 4658 animi
1049 4591 1267 4660 allectionem
1283 4592 1469 4682 discipulos
1483 4591 1654 4659 adducere
1666 4590 1790 4665 studet.

462 4700 677 4765 Occasionem
697 4698 806 4786 capit,
826 4700 874 4766 uti
892 4697 996 4765 modo
1016 4722 1056 4766 ex
1079 4697 1156 4766 cibo
1173 4700 1362 4790 praesenti,
1379 4689 1428 4765 ita
1443 4720 1535 4765 nunc
1550 4720 1589 4765 ex
1605 4695 1686 4762 anni
1705 4704 1792 4765 tcm-

463 4826 543 4892 pore
562 4807 605 4871 de
626 4827 695 4894 quo
716 4804 769 4871 illi
789 4806 999 4874 mentionem
1019 4806 1137 4874 fecisse
1152 4807 1312 4875 videntur
1328 4826 1361 4874 v.
1386 4812 1429 4874 35
1448 4827 1560 4872 contre
1574 4825 1632 4870 vos
1654 4802 1788 4887 dicitis,

463 4910 558 5000 quod
568 4911 680 4979 adlicer
694 4924 844 5002 quatuor
854 4935 984 4981 merasce
1002 4926 1084 4979 sunt
1099 4924 1132 4979 et
1146 4914 1264 4982 messis
1277 4912 1392 4980 venit?
1406 4914 1429 4981 i.
1450 4937 1480 4982 e.
1498 4910 1612 4979 messis
1624 4933 1789 4999 agrorum
