4050 5648
156 1292 185 1361 rr?

156 1232 186 1311 -ιῖε-
156 1110 180 1221 ‡.·--:-
156 900 181 1081 --÷,:.-..—-
169 876 173 883 -
156 747 180 859 ,τήν

179 1338 204 1471 ›33ae<—
183 1290 196 1311 ,f
185 1232 195 1253 -,
184 1110 186 1115 «
183 1006 192 1043 .-.
179 966 182 971 -
182 926 185 933 -
198 880 200 884 ⁴
195 840 199 848 -
179 682 194 724 ⁴—-

156 2202 170 2253 “”“”
156 2148 176 2181 ”-“
156 2070 185 2135 'ff-2·
156 1364 188 2049 τῑῗὲξέἱῖᾞςξεξζςξπςξῖξ-ἳπξςᾞῂ

201 2212 211 2221 .
186 2090 196 2107 ··
190 2014 194 2021 -
184 1632 208 1959 ·-··’-·;-.,··.
183 1483 206 1599 ’-·-»,

252 589 255 593 .
306 624 378 689 cem
393 622 467 710 dat,
484 623 681 710 neutiquam
696 619 882 691 turbationi
900 629 960 692 aut
980 618 1096 689 timori
1115 619 1207 687 locus
1227 641 1297 688 esse
1318 622 1460 707 poterit.
1483 618 1617 707 Repetit

188 750 204 797 ῑ·
304 730 437 822 itaque,
461 735 638 822 postquam
658 731 708 794 tot
729 730 878 798 rationes
892 725 1134 811 consolationis
1148 727 1191 795 iis
1209 725 1387 817 proposuit
1402 748 1410 793 :
1425 750 1495 794 non
1512 726 1623 791 turbe·
1711 796 1713 801 ¹

305 850 363 906 tur
381 862 439 907 cor
451 846 595 903 vestrum
611 832 668 922 (ci.
684 859 717 903 v.
737 837 769 925 1)
790 859 898 927 neque
914 830 1094 923 formidet,
1119 855 1161 903 ne
1179 835 1360 902 turbentur
1373 832 1417 898 oh
1432 844 1624 901 moerorem
1717 830 1722 837 “

213 1002 220 1010 ,
302 945 350 1043 de
364 945 460 1013 abitu
476 939 622 1025 Domini,
640 965 726 1010 neve
744 943 809 1010 sibi
824 945 967 1008 timeant
979 938 1025 1005 oh
1043 940 1115 1008 eius
1129 941 1261 1008 abitum
1280 937 1378 1031 quasi
1397 947 1507 1006 essent
1522 939 1567 1007 ab
1580 959 1621 1005 eo

305 1045 484 1118 deserendi
502 1052 536 1112 et
555 1049 658 1116 variis
678 1048 839 1138 periculis
864 1045 1013 1113 obnoxii.
1041 1051 1146 1114 lmmo
1169 1046 1280 1136 potius
1307 1047 1375 1113 illis
1396 1044 1620 1131 gaudendum

306 1176 379 1225 csse
394 1152 542 1221 affirmat
559 1156 601 1222 de
616 1177 676 1222 suo
691 1154 788 1221 abitu
807 1175 839 1218 v.
863 1158 905 1220 28
924 1152 1071 1221 audistis
1086 1155 1169 1242 quia
1185 1175 1245 1242 eqo
1265 1153 1341 1219 dici
1355 1152 1447 1220 vobis
1461 1173 1474 1216 .·
1488 1154 1574 1221 vado
1589 1164 1622 1218 et

305 1259 404 1328 venio
419 1258 468 1327 ad
477 1284 534 1329 vos
550 1265 592 1348 (r.
609 1259 719 1348 a,1a);
740 1259 770 1326 si
788 1258 979 1349 diliperetis
999 1282 1053 1327 me
1066 1258 1264 1349 panderetis
1283 1261 1420 1350 utique,
1436 1261 1519 1351 quic
1533 1257 1621 1326 uado

237 1354 240 1441 s
305 1364 354 1434 od
366 1369 520 1449 Pam,
536 1366 620 1459 quic
634 1369 739 1434 Pater
757 1366 869 1433 maior
883 1390 936 1434 me
951 1379 1019 1452 est,·
1033 1387 1156 1433 novam
1172 1387 1316 1456 eamque
1336 1367 1487 1435 validam
1507 1386 1624 1434 conso·

305 1473 444 1542 lationis
457 1474 624 1542 rationem
638 1472 768 1540 indicat
783 1496 969 1562 provocans
982 1472 1025 1541 ad
1039 1494 1156 1540 eorum
1172 1474 1209 1539 in
1225 1495 1260 1539 se
1276 1472 1496 1541 dilectionem
1516 1472 1624 1539 hanc-

183 1602 204 1635 2·
224 1566 231 1641 J
305 1604 373 1673 que
388 1580 536 1649 excitans
553 1590 587 1649 et
611 1579 789 1648 stimulans
810 1603 817 1648 :
835 1581 863 1646 si
878 1581 964 1647 mihi
982 1581 1070 1647 hene
1086 1579 1207 1660 vultis,
1224 1600 1338 1646 meum
1359 1579 1491 1647 bonum
1505 1600 1625 1647 revera

306 1687 515 1769 desideratis,
535 1689 585 1755 uti
601 1695 650 1755 est
664 1709 743 1754 vere
754 1686 983 1772 diligentium,
1002 1685 1136 1753 debetis
1149 1685 1311 1773 gaudere,
1325 1687 1407 1776 quia
1417 1708 1513 1753 meae
1530 1714 1547 1747 «
1565 1707 1628 1753 na·

305 1800 403 1862 turae
429 1793 599 1861 humanae
621 1792 866 1881 gratulandum
886 1799 936 1860 est
956 1816 996 1861 eo
1024 1793 1115 1883 quod
1138 1795 1185 1860 sic
1205 1797 1378 1882 assumpta
1400 1798 1450 1860 est
1472 1814 1492 1859 a
1513 1794 1624 1861 Verbo

305 1901 503 1988 unigenito,
517 1905 557 1968 ut
573 1899 775 1967 immortalis
790 1900 1052 1967 constitueretur
1067 1899 1104 1966 in
1119 1899 1228 1982 coelo,
1245 1906 1348 1988 atque
1362 1901 1408 1966 ita
1427 1899 1628 1968 lieretterra

305 2005 476 2089 sublimis,
498 2012 536 2074 ut
561 2006 830 2096 incorruptibilis
854 2007 964 2097 pulvis
985 2005 1119 2083 sederet
1143 2006 1188 2072 ad
1212 2006 1386 2073 dexteram
1408 2006 1532 2087 Patris;
1562 2006 1626 2073 hoc

166 2138 180 2185 ,·
193 2152 208 2207 -3=
305 2113 399 2182 enim
419 2112 521 2180 modo
533 2134 568 2180 se
586 2114 715 2181 iturum
734 2113 819 2181 dixit
833 2113 876 2181 ad
896 2115 1028 2181 Patrem
1047 2141 1062 2175 u
1083 2113 1218 2203 (dap).
1241 2118 1280 2180 Et
1295 2113 1437 2180 dicens:
1457 2113 1486 2180 si
1497 2111 1623 2203 dilipe-

262 2269 268 2279 .
305 2220 387 2289 retis
401 2225 466 2288 etc.
479 2242 536 2287 cos
555 2220 656 2287 etiam
679 2222 828 2288 suaviter
842 2222 956 2307 arguit
969 2221 1012 2287 de
1028 2220 1176 2310 quodam
1193 2220 1387 2287 dilectionis
1401 2219 1552 2299 delectu,
1569 2218 1625 2286 di·

305 2348 386 2395 cens
400 2325 498 2417 quusi
507 2326 748 2416 conquerendo
764 2335 797 2394 et
808 2327 1056 2418 expostulando
1072 2349 1150 2394 cum
1168 2327 1216 2393 eis
1232 2327 1354 2395 :video
1370 2348 1425 2393 me
1438 2348 1506 2393 non
1524 2326 1626 2413 diligi

213 2434 216 2439 ’
306 2455 327 2501 a
340 2433 455 2516 vobis3
472 2434 624 2523 alioquin
641 2432 684 2501 de
695 2455 773 2501 mea
780 2435 891 2522 gloria
900 2457 939 2502 ac
948 2435 1113 2501 beatitate
1126 2456 1229 2524 quam
1242 2436 1393 2502 humana
1406 2455 1485 2501 mea
1496 2447 1621 2502 natura

306 2538 494 2631 possidebit
509 2539 600 2630 apud
615 2544 748 2608 Patrem
765 2540 991 2624 laetaremini,
1009 2564 1120 2632 neque
1136 2541 1178 2607 de
1199 2563 1273 2608 meo
1290 2564 1424 2608 recessu
1437 2540 1553 2608 essetis
1568 2542 1626 2607 tri·

305 2651 388 2729 stes,
407 2646 467 2715 sed
480 2647 694 2715 laetabundi!
711 2653 858 2715 Estsane
873 2649 995 2715 modus
1011 2649 1205 2738 aptissimus
1222 2648 1267 2715 ad
1281 2670 1400 2715 eorum
1423 2647 1626 2715 moestitiam

306 2752 513 2822 leniendam.
528 2753 612 2821 uicit
629 2759 748 2822 :Pater
763 2756 873 2822 maior
887 2778 941 2822 me
953 2760 1017 2836 cst,
1031 2756 1184 2846 loquitur
1196 2757 1286 2822 enim
1300 2761 1476 2844 tamquam
1491 2753 1624 2821 habens

156 2828 208 2947 ²1⁵,
306 2865 465 2929 naturam
488 2862 691 2945 humanam,
711 2868 829 2951 utpote
857 2863 933 2929 talis
956 2861 1052 2929 cadit
1070 2861 1118 2929 ud
1142 2865 1277 2929 Patrem
1303 2868 1336 2928 et
1363 2867 1400 2928 ut
1420 2861 1497 2928 talis
1519 2860 1624 2951 petit,

306 2972 494 3059 exspectat,
511 2969 634 3058 accipit
656 2968 844 3036 claritatem
867 2975 900 3036 et
922 2969 1068 3056 gloriam
1087 2976 1121 3035 et
1146 2969 1383 3035 exaltationem
1406 2991 1427 3035 a
1448 2972 1546 3034 Patre
1564 2968 1622 3056 (cf.

308 3073 408 3164 (Phil.
427 3074 511 3163 λεὶ).
530 3104 546 3137 «
568 3075 665 3143 Ratio
678 3075 796 3163 gaudii
811 3083 860 3142 est
874 3083 1022 3166 exparte
1038 3075 1194 3144 termini:
1212 3074 1299 3142 vado
1314 3075 1357 3141 ad
1378 3075 1562 3154 maiorem,
1580 3073 1627 3141 ad

306 3182 417 3249 maius
439 3181 566 3249 honum
587 3203 717 3264 meum3
739 3183 882 3272 ipsemet
903 3188 1012 3249 textus
1030 3183 1097 3249 lert
1115 3204 1227 3249 secum
1255 3181 1539 3264 declarationem,
1559 3202 1629 3270 quo

307 3310 411 3356 sensu
424 3287 688 3375 intelligendum
703 3288 746 3354 sit
762 3311 770 3356 :
787 3293 886 3356 Pater
900 3291 1009 3355 maior
1025 3310 1079 3355 me
1098 3296 1161 3370 est,
1179 3289 1262 3355 dum
1281 3288 1466 3355 assumitur
1485 3289 1551 3355 hoc
1565 3309 1630 3378 pro

306 3393 441 3462 ratione
452 3396 585 3461 itineris
600 3394 644 3462 ad
657 3400 805 3476 Patrem,
821 3418 861 3462 ex
874 3396 939 3462 hoc
953 3396 1045 3462 enim
1060 3396 1152 3462 clare
1169 3394 1409 3461 manifestatur
1421 3392 1513 3485 quod
1529 3398 1628 3460 Pater

309 3502 419 3569 maior
430 3505 479 3569 est
492 3524 546 3568 me
560 3507 662 3569 eunte
676 3501 719 3570 ad
736 3503 865 3593 ipsum,
884 3502 950 3569 hoc
964 3510 1013 3570 est
1029 3502 1216 3569 secundum
1232 3508 1394 3568 naturam
1407 3523 1476 3591 qua
1485 3500 1573 3567 vado
1586 3498 1630 3566 ad

307 3607 434 3698 ipsum.
456 3611 592 3676 Constat
613 3609 783 3698 siquidem
799 3607 893 3699 quod
906 3611 1093 3677 secundum
1111 3608 1264 3675 divinam
1278 3615 1436 3675 naturam
1453 3608 1553 3674 Filius
1567 3628 1631 3674 nec

310 3712 445 3781 exivita
463 3718 558 3782 Patre
571 3736 633 3782 nec
645 3715 740 3782 vadit
756 3715 800 3783 ad
820 3722 970 3796 Patrem,
989 3717 1048 3783 sed
1068 3716 1199 3782 ratione
1212 3717 1384 3782 humanae
1399 3720 1541 3781 naturae
1559 3713 1631 3780 exi-

309 3819 358 3886 vit
377 3825 507 3887 aPatre
520 3822 657 3888 etvadit
670 3822 715 3890 ad
729 3828 863 3889 Patrem
881 3852 896 3884 »
916 3822 1006 3911 (Cui.
1024 3822 1101 3890 sim.
1118 3826 1207 3911 itaq.
1226 3824 1312 3912 llup.
1334 3821 1448 3887 Ttom.
1467 3820 1561 3909 etc).

349 4018 434 4081 Vero
455 4019 563 4097 itaque
585 4037 678 4080 sensu
696 4021 773 4082 dicit
796 4040 802 4079 :
829 4023 919 4081 Pater
940 4022 1041 4081 maior
1054 4037 1105 4080 me
1126 4025 1184 4080 est.
1201 4020 1302 4092 Quare
1326 4019 1460 4078 minime
1480 4035 1561 4096 opus
1584 4022 1633 4078 est

309 4135 383 4181 cum
398 4116 531 4199 l'ltcoplt.
541 4116 640 4177 Eutla
652 4119 810 4197 explicare
821 4120 910 4198 quasi
921 4119 953 4179 id
964 4120 1066 4180 solum
1080 4118 1239 4179 diceretur
1248 4116 1541 4178 accommodatione
1553 4133 1631 4194 qua-

162 4232 203 4309 s·
224 4227 226 4231 ‘
310 4216 383 4277 dum
402 4215 442 4276 ad
458 4216 643 4295 opinionem
657 4216 885 4294 discipulorum
901 4219 956 4297 qui
972 4221 1086 4297 putent
1100 4219 1225 4277 Patrem
1240 4233 1309 4276 esse
1323 4215 1477 4292 maiorem
1493 4213 1627 4275 Christo

311 4316 420 4393 Neque
436 4314 551 4376 desunt
562 4315 644 4375 inter
657 4316 774 4388 Patres,
787 4317 842 4393 qui
855 4334 892 4376 eo
905 4334 1000 4377 sensu
1014 4317 1137 4376 Patrem
1154 4332 1222 4375 esse
1235 4316 1388 4374 maiorem
1402 4312 1464 4374 dici
1480 4317 1631 4374 censeant

311 4413 409 4473 etiam
437 4413 559 4474 ratione
584 4412 776 4485 divinitatis,
801 4419 833 4472 ut
857 4432 918 4473 non
942 4414 1072 4492 quidem
1100 4413 1293 4472 substantiae
1314 4412 1520 4491 inaequalitas
1544 4426 1628 4487 quae

311 4527 374 4571 una
386 4515 445 4584 est,
460 4511 515 4572 sed
525 4510 613 4590 origo
626 4510 832 4589 significetur,
845 4511 918 4588 quia
933 4511 1032 4572 Filius
1047 4515 1096 4571 est
1111 4529 1128 4570 a
1148 4512 1253 4580 Patre;
1266 4510 1392 4570 Patrem
1407 4510 1512 4586 itaque
1528 4507 1625 4567 maio-

310 4624 381 4668 rem
397 4625 466 4669 esse
484 4608 604 4669 ratione
619 4608 749 4686 originis
766 4626 822 4668 seu
838 4609 997 4688 principii,
1014 4608 1053 4669 ct.
1075 4607 1100 4667 T
1099 4607 1139 4668 ol.
1157 4605 1254 4668 lluld,
1272 4609 1326 4687 qui
1348 4624 1405 4685 pro
1421 4607 1480 4666 hac
1494 4605 1631 4684 explica-

311 4705 398 4766 tione
414 4705 552 4785 allegant
569 4707 784 4776 Athanasium,
800 4707 964 4776 Hilarium,
982 4707 1204 4786 Epiphanium‚
1221 4707 1409 4785 Gregorium
1430 4706 1503 4763 Naz.
1516 4704 1627 4765 Caesa·

311 4802 408 4876 rium,
421 4803 573 4881 Cyrillum
586 4805 664 4866 alex.
678 4806 920 4874 Damasceuum,
933 4806 1204 4884 chrysostomum,
1219 4806 1401 4874 Leontium,
1415 4819 1526 4862 verum
1540 4801 1629 4862 addit

310 4897 410 4961 Mald.
428 4918 439 4958 .·
452 4921 467 4952 «
477 4901 625 4964 sedhaud
637 4903 702 4963 scio
713 4920 752 4962 an
763 4901 1032 4981 plusadversariis
1043 4904 1258 4964 concesserint
1266 4919 1361 4979 quam
1372 4918 1510 4978 aequum
1522 4905 1589 4961 erat
1599 4921 1631 4968 a,
