4050 5648
314 639 439 709 nrriero
464 666 519 711 me
544 637 691 728 accipit;
705 635 893 725 qm'autem
914 662 967 707 me
983 634 1125 727 accipit,
1147 634 1275 727 occipit
1293 657 1370 702 eum
1384 661 1445 726 qur
1460 663 1513 708 me
1527 637 1643 724 misit;

312 747 460 819 honores
475 755 509 817 et
523 740 694 814 beneficia
710 742 830 831 legatis
848 745 973 814 collata
987 740 1184 813 redundant
1197 744 1231 810 in
1245 764 1340 825 eum,
1365 744 1460 813 cuius
1468 744 1641 836 legatione

310 855 520 946 {unguntum
538 848 615 915 vide
623 848 737 919 llattb.
756 859 868 938 10,t0.
889 853 1102 920 Demonstrat
1114 848 1276 931 Christus,
1293 850 1412 938 quanti
1428 850 1640 922 aestimanda

309 965 378 1032 sint
399 955 569 1029 beneficia
592 955 661 1024 suis
682 958 849 1049 apostolis
871 958 1010 1037 collata3
1032 976 1103 1044 qua
1121 956 1343 1046 promissione
1367 960 1460 1023 certe
1482 959 1640 1029 homines

309 1067 554 1161 provocantur,
576 1068 615 1130 ut
638 1065 800 1155 apostolis
818 1063 879 1154 qui
900 1084 921 1130 a
943 1061 1074 1129 Christo
1096 1063 1279 1132 mittuntur
1289 1068 1506 1146 succurrant3
1522 1065 1641 1157 itaque

308 1178 345 1241 in
359 1170 473 1239 verbis
491 1168 567 1238 istis
587 1172 692 1239 etiam
711 1172 905 1239 continetur
920 1166 1060 1256 qualem
1083 1190 1201 1238 eorum
1219 1191 1338 1237 curam
1356 1168 1506 1237 Christus
1522 1173 1565 1239 sit
1577 1174 1642 1241 ha-

310 1280 454 1346 biturus.
475 1276 544 1343 Sed
561 1299 631 1368 qua
649 1277 781 1344 ratione
802 1275 888 1342 haec
909 1272 1012 1340 verba
1036 1273 1221 1343 cohaerent
1243 1297 1323 1343 cum
1342 1275 1643 1356 antecedentibus?

310 1390 378 1452 Hoc
396 1383 538 1452 difficile
555 1391 605 1452 est
621 1382 734 1463 dictu,
757 1379 843 1447 adeo
866 1384 905 1447 ut
924 1379 992 1478 sint
1006 1382 1066 1471 qui
1090 1382 1202 1450 ullum
1220 1382 1338 1451 adesse
1352 1404 1477 1452 nexum
1490 1389 1639 1471 negent3

310 1511 381 1557 esse
398 1491 471 1559 scil.
494 1490 539 1559 ab
554 1486 767 1574 evangeliste
780 1510 821 1555 ea
835 1485 958 1554 omissa
971 1510 1060 1578 quae
1074 1488 1111 1556 in
1125 1489 1201 1578 ipso
1215 1510 1373 1556 sermone
1386 1489 1473 1558 haec
1489 1510 1569 1557 cum
1583 1511 1644 1558 an·

278 1667 282 1675 ,
310 1597 544 1666 teecdentibus
563 1594 618 1661 rel
638 1594 860 1683 sequentibus
878 1598 1119 1662 connecterent
1139 1592 1274 1684 (Cori).
1295 1595 1360 1662 Alii
1378 1601 1496 1664 tamen
1514 1618 1643 1665 nexum

230 1760 232 1765 .
309 1709 480 1787 statuunt,
494 1701 555 1769 sed
570 1701 664 1768 vario
680 1699 794 1769 modo.
809 1704 849 1767 Et
863 1699 1007 1791 Theoplt.
1020 1699 1180 1791 quidem:
1195 1709 1319 1789 μεγίστη
1335 1705 1447 1786 μὲνοῦν
1460 1705 1639 1788 molestia,
1758 1714 1762 1719 “

310 1811 481 1879 Christum
496 1807 626 1899 quippe
642 1808 777 1875 duobus
794 1807 907 1875 modis
920 1808 990 1874 suis
1003 1806 1125 1875 afferre
1139 1807 1406 1875 consolationem
1424 1829 1432 1876 :
1449 1830 1511 1877 suo
1530 1832 1641 1878 exem-

308 1917 385 2007 plo,
401 1915 444 1981 iis
462 1914 536 1982 scil.
567 1936 656 2005 quae
676 1935 795 2004 passus
810 1912 873 1996 sit,
890 1911 1058 2003 proditori
1071 1912 1206 1997 lecerit;
1224 1913 1304 1981 dein
1323 1913 1555 2004 praedicendo
1574 1915 1642 1984 hoc

309 2025 385 2091 loco
406 2020 569 2112 apostolis
598 2042 695 2089 suam
722 2019 971 2111 protectionem
988 2024 1022 2087 et
1044 2041 1162 2087 curam
1188 2018 1279 2109 (sim.
1300 2020 1426 2106 Selia).
1447 2020 1514 2090 Alii
1534 2022 1641 2091 verba

309 2130 393 2197 baec
408 2128 561 2211 referunt
581 2126 626 2195 ad
649 2149 683 2195 v.
709 2133 762 2194 16.
790 2133 832 2194 17
847 2126 901 2213 (cl.
916 2131 1003 2218 liup.
1029 2125 1099 2194 Tol.
1117 2129 1201 2217 Lep.
1218 2129 1313 2215 Bar.)
1330 2149 1338 2196 :
1355 2128 1512 2218 quamvis
1525 2128 1641 2198 lavare

212 2327 216 2335 ἱ
309 2235 415 2328 pedes
435 2236 527 2303 inter
548 2256 607 2302 vos
625 2234 782 2316 iubeam,
800 2233 918 2302 scitote
933 2239 1048 2301 tamen
1066 2255 1121 2300 me
1135 2255 1177 2301 eo
1190 2255 1248 2301 vos
1266 2235 1304 2301 in
1323 2235 1400 2311 loeo
1420 2233 1464 2302 ab
1482 2235 1642 2306 omnibus

312 2343 434 2411 baberi
449 2341 550 2425 velle,
568 2348 606 2409 ut
622 2342 682 2434 qui
692 2340 815 2431 recipit
825 2340 976 2430 aliquem
989 2361 1168 2431 quemego
1183 2340 1307 2408 misero
1322 2362 1376 2408 me
1392 2342 1546 2433 recipiat.
1557 2347 1642 2424 Cum

311 2449 349 2517 in
367 2472 400 2518 v.
421 2455 466 2516 10
489 2453 661 2515 asseratur
678 2447 833 2536 dignitas
852 2447 1099 2537 apostolorum,
1117 2446 1176 2514 alii
1192 2447 1240 2515 ite
1258 2447 1304 2515 ad
1324 2470 1357 2515 v.
1373 2455 1415 2517 19
1427 2447 1639 2537 adiungrmt,
1682 2481 1685 2486 ·

312 2560 351 2623 ut
365 2555 518 2624 Christus
537 2555 660 2623 innuat
679 2577 749 2622 non
771 2552 927 2622 obstante
949 2552 1144 2645 proditione
1160 2553 1261 2622 unius
1281 2576 1420 2622 manere
1436 2555 1577 2647 reliquis
1591 2556 1642 2623 in·

312 2667 438 2731 tactam
458 2661 663 2750 dignitatem
682 2661 905 2752 apostolicam
921 2659 1035 2753 (Schq.
1053 2659 1151 2750 Fit).
1173 2660 1256 2727 Vide
1274 2660 1366 2728 adv.
1387 2666 1443 2729 21.

351 2860 439 2921 Aliae
463 2877 592 2938 quoque
619 2860 758 2921 rationes
782 2858 993 2937 coniungendi
1019 2857 1213 2936 excogitatae
1235 2863 1321 2919 sunt.
1337 2857 1435 2921 Valde
1459 2862 1535 2937 apta
1559 2863 1644 2921 esset

310 2956 366 3017 illa
384 2975 482 3036 quam
508 2954 582 3037 Cyr.
600 2957 784 3037 proposuit,
801 2956 863 3017 nisi
887 2955 1048 3018 videretur
1067 2954 1217 3016 subtilior
1237 2973 1244 3015 :
1268 2978 1283 3010 a
1301 2955 1431 3029 nolens,
1448 2961 1483 3018 ut
1501 2956 1641 3033 videtur,

310 3060 420 3135 aperte
436 3055 544 3117 dicere
567 3055 652 3134 quod
668 3054 744 3117 alibi
764 3055 868 3116 dixit:
890 3054 945 3133 qui
960 3071 1024 3116 non
1039 3052 1227 3115 honorificat
1241 3053 1371 3123 Filium,
1389 3071 1494 3133 neque
1513 3056 1643 3118 Patrem

309 3153 513 3227 honorificat,
524 3153 565 3215 ad
580 3153 613 3214 id
628 3153 717 3232 quod
728 3153 839 3216 mitius
853 3157 921 3214 erat
932 3169 966 3214 se
981 3151 1131 3225 contulit,
1143 3150 1219 3213 hine
1234 3151 1442 3232 cogitandum
1454 3152 1643 3232 relinquens

311 3244 510 3313 auditoribus
535 3252 731 3313 contrarium
752 3269 786 3325 »ς
811 3268 910 3330 quam
930 3249 1175 3330 explicationem
1198 3249 1346 3311 omnium
1371 3250 1526 3329 optimam
1549 3248 1640 3312 Patr.

312 3350 473 3411 existimat
489 3368 496 3410 :
513 3351 598 3411 sicut
618 3351 673 3428 qui
691 3349 809 3428 accipit
830 3366 927 3428 quem
948 3349 1066 3409 misero
1089 3364 1140 3409 me
1161 3347 1293 3427 accipit,
1313 3347 1418 3427 etqui
1439 3365 1491 3410 me
1509 3350 1644 3430 accipit,

314 3447 431 3526 accipit
446 3464 521 3509 eum
540 3448 597 3526 qui
618 3447 707 3509 misit
722 3464 791 3519 me,
809 3448 854 3508 ita
874 3446 978 3527 (tacite
996 3445 1255 3508 concludendum
1272 3444 1475 3525 relinquitur)
1492 3463 1500 3506 :
1518 3448 1572 3526 qui
1590 3466 1642 3511 mo

315 3562 383 3606 non
397 3545 514 3623 accipit
524 3562 627 3623 neque
641 3562 716 3607 eum
729 3544 845 3625 accipit
856 3544 911 3622 qui
924 3561 975 3605 me
989 3543 1094 3615 misit,
1108 3560 1214 3622 neque
1231 3544 1334 3604 Deum
1346 3544 1505 3623 agnoseit3
1521 3545 1643 3609 crimen

310 3643 409 3722 proin
424 3641 522 3704 tudae
538 3642 633 3721 quale
648 3642 691 3704 sit
706 3648 739 3704 et
753 3643 916 3722 quomodo
929 3642 961 3702 in
978 3644 1079 3702 Deum
1095 3642 1220 3702 Patrem
1235 3640 1376 3702 conferat
1390 3641 1542 3702 iniuriam
1561 3644 1643 3706 indi·

317 3742 393 3803 cari.
417 3740 511 3803 iudae
534 3741 641 3819 itaque
665 3741 795 3803 sceleris
817 3739 1068 3819 magnitudinem
1092 3739 1213 3800 mitiori
1237 3739 1332 3800 modo
1356 3740 1503 3818 proponi.
1526 3742 1644 3804 Verum

315 3856 395 3919 quae
411 3838 555 3918 suppleri
576 3838 694 3901 debent
712 3844 788 3901 sunt
799 3839 940 3918 praecise
956 3838 1112 3899 contrarie
1127 3837 1166 3897 iis
1185 3853 1267 3915 quae
1282 3836 1515 3912 medicantur:
1532 3857 1640 3918 neque

316 3938 395 3999 satis
416 3938 567 4009 comitur,
586 3954 643 3998 cur
664 3954 702 4000 91
724 3938 757 3997 in
780 3937 938 3998 sententia
959 3937 1115 4014 inceperit
1136 3934 1279 3997 Christus
1302 3937 1341 3997 ab
1366 3937 1552 4015 acceptione
1573 3939 1643 4001 eius

316 4052 414 4114 quom
431 4036 500 4113 ipse
518 4035 653 4096 miserit.
670 4035 785 4096 -1111
801 4035 845 4096 111
858 4034 898 4096 ad
913 4054 942 4096 1.
959 4036 997 4096 16
1009 4035 1184 4096 adnectunt
1202 4054 1210 4090 ε
1228 4033 1460 4112 supradictum
1478 4039 1547 4095 ost:
1568 4053 1643 4115 apo·

314 4132 416 4195 stolus
431 4150 495 4194 non
510 4137 560 4194 est
574 4133 677 4194 maior
690 4150 729 4194 eo
746 4133 802 4211 qui
819 4133 907 4194 misit
922 4133 1028 4206 iltum;
1043 4149 1130 4193 nunc
1142 4131 1260 4192 dicitur
1276 4150 1283 4192 :
1299 4148 1406 4208 neque
1421 4137 1470 4192 est
1484 4150 1522 4194 eo
1538 4133 1645 4195 minor

270 4270 273 4275 ·
315 4230 456 4312 (Weiss),
473 4231 585 4292 veluti
606 4248 706 4309 supra
721 4231 762 4291 iis
782 4232 979 4293 consortium
997 4229 1243 4291 tribulationum
1258 4227 1421 4301 indicitur,
1438 4230 1482 4291 ita
1500 4231 1554 4292 hic
1567 4249 1645 4295 con-

312 4331 448 4392 sortium
478 4329 610 4391 bonoris
635 4329 787 4408 magistro
814 4328 915 4390 debiti
945 4326 1083 4408 (beaten,
1112 4324 1270 4407 Bepineb
1298 4328 1348 4388 vel
1378 4328 1562 4392 humilitate
1591 4330 1645 4391 illa

314 4445 410 4507 quam
424 4445 443 4488 1
457 4429 526 4489 suis
540 4428 645 4509 exigat
656 4427 800 4489 Christus
815 4444 870 4488 eos
887 4427 1073 4489 nullatenus
1088 4424 1154 4486 lore
1171 4426 1389 4505 contemptui,
1407 4427 1507 4489 immo
1522 4428 1561 4488 iri
1573 4446 1646 4489 con-

314 4526 490 4588 sideratum
506 4527 611 4589 locum
624 4525 739 4587 Christi
754 4529 915 4596 tenentes,
927 4526 976 4586 vel
991 4523 1155 4586 admoneri
1169 4523 1346 4600 apostolos,
1359 4529 1394 4586 ut
1407 4542 1486 4602 quos
1502 4525 1645 4588 Christus

315 4624 475 4686 missurus
490 4626 532 4686 sit
549 4625 588 4686 ad
604 4643 660 4687 eos
678 4624 850 4702 suscipiant
865 4623 948 4685 sicut
969 4640 1003 4684 se
1026 4623 1145 4708 ipsum.
1164 4624 1274 4700 Neque
1293 4622 1465 4684 defuerunt
1487 4624 1543 4701 qui
1562 4624 1647 4687 hunc

316 4739 348 4780 v.
363 4721 404 4781 20
419 4722 664 4800 interpolatione
679 4724 836 4785 insertum
850 4738 920 4783 esse
935 4721 1087 4783 dicerent.

361 4912 452 4985 Quae
467 4910 627 4977 innuerat
640 4910 710 4979 iam
725 4933 758 4977 v.
778 4918 818 4978 10
831 4915 864 4977 91
875 4932 906 4974 v.
927 4914 980 4977 18.
997 4916 1050 4994 19,
1065 4932 1156 4978 nunc
1166 4910 1267 4978 claris
1281 4908 1394 4975 verbis
1407 4911 1563 4978 enuntiat
1577 4932 1645 4977 non
