<?xml version="1.0" encoding="UTF-8"?>
<!DOCTYPE html PUBLIC "-//W3C//DTD XHTML 1.0 Transitional//EN"
    "http://www.w3.org/TR/xhtml1/DTD/xhtml1-transitional.dtd">
<html xmlns="http://www.w3.org/1999/xhtml" xml:lang="en" lang="en">
 <head>
  <title>
</title>
<meta http-equiv="Content-Type" content="text/html;charset=utf-8" />
  <meta name='ocr-system' content='tesseract 3.04.00' />
  <meta name='ocr-capabilities' content='ocr_page ocr_carea ocr_par ocr_line ocrx_word'/>
</head>
<body>
  <div class='ocr_page' id='page_1' title='image "./commentariusinq00knabgoog_0187.png"; bbox 0 0 4050 5648; ppageno 0'>
   <div class='ocr_carea' id='block_1_1' title="bbox 29 519 1043 617">
    <p class='ocr_par' dir='ltr' id='par_1_1' title="bbox 29 495 1043 617">
     <span class='ocr_line' id='line_1_1' title="bbox 29 519 1043 617; baseline -0.017 -22"><span class='ocrx_word' id='word_1_1' title='bbox 29 524 76 617; x_wconf 47' lang='grc' dir='ltr'><em>ᾖ</em></span> <span class='ocrx_word' id='word_1_2' title='bbox 260 527 318 587; x_wconf 80' lang='lat' dir='ltr'>rra</span> <span class='ocrx_word' id='word_1_3' title='bbox 800 535 883 582; x_wconf 75' lang='lat' dir='ltr'>nnc</span> <span class='ocrx_word' id='word_1_4' title='bbox 907 519 1043 591; x_wconf 71' lang='lat' dir='ltr'>aea-ao.</span> 
     </span>
    </p>
   </div>
   <div class='ocr_carea' id='block_1_2' title="bbox 256 667 1587 1081">
    <p class='ocr_par' dir='ltr' id='par_1_2' title="bbox 256 667 1587 1081">
     <span class='ocr_line' id='line_1_2' title="bbox 258 667 1587 770; baseline -0.007 -25"><span class='ocrx_word' id='word_1_5' title='bbox 258 679 384 770; x_wconf 83' lang='lat' dir='ltr'>ianr.);</span> <span class='ocrx_word' id='word_1_6' title='bbox 400 701 480 747; x_wconf 93' lang='lat' dir='ltr'>cum</span> <span class='ocrx_word' id='word_1_7' title='bbox 498 685 614 744; x_wconf 87' lang='lat' dir='ltr'>tamen</span> <span class='ocrx_word' id='word_1_8' title='bbox 631 690 670 734; x_wconf 86' lang='lat' dir='ltr'>ex</span> <span class='ocrx_word' id='word_1_9' title='bbox 691 672 864 738; x_wconf 84' lang='lat' dir='ltr'>communi</span> <span class='ocrx_word' id='word_1_10' title='bbox 880 668 1130 755; x_wconf 77' lang='lat' dir='ltr'>exspectatione</span> <span class='ocrx_word' id='word_1_11' title='bbox 1150 667 1234 733; x_wconf 89' lang='lat' dir='ltr'>sciat</span> <span class='ocrx_word' id='word_1_12' title='bbox 1249 675 1383 762; x_wconf 89' lang='lat' dir='ltr'>tempus</span> <span class='ocrx_word' id='word_1_13' title='bbox 1401 669 1533 739; x_wconf 80' lang='lat' dir='ltr'>Messias</span> <span class='ocrx_word' id='word_1_14' title='bbox 1550 670 1587 736; x_wconf 93' lang='lat' dir='ltr'>in</span> 
     </span>
     <span class='ocr_line' id='line_1_3' title="bbox 257 773 1586 877; baseline -0.005 -29"><span class='ocrx_word' id='word_1_15' title='bbox 257 788 454 877; x_wconf 79' lang='lat' dir='ltr'>propinquo</span> <span class='ocrx_word' id='word_1_16' title='bbox 476 802 561 858; x_wconf 90' lang='lat' dir='ltr'>esse,</span> <span class='ocrx_word' id='word_1_17' title='bbox 579 777 765 864; x_wconf 85' lang='lat' dir='ltr'>respondet</span> <span class='ocrx_word' id='word_1_18' title='bbox 782 801 822 844; x_wconf 96' lang='lat' dir='ltr'>eo</span> <span class='ocrx_word' id='word_1_19' title='bbox 838 773 1023 863; x_wconf 88' lang='lat' dir='ltr'>modoque</span> <span class='ocrx_word' id='word_1_20' title='bbox 1038 773 1245 866; x_wconf 89' lang='lat' dir='ltr'>respondere</span> <span class='ocrx_word' id='word_1_21' title='bbox 1262 778 1426 862; x_wconf 86' lang='lat' dir='ltr'>solemus,</span> <span class='ocrx_word' id='word_1_22' title='bbox 1443 777 1530 846; x_wconf 92' lang='lat' dir='ltr'>side</span> <span class='ocrx_word' id='word_1_23' title='bbox 1550 797 1586 842; x_wconf 93' lang='lat' dir='ltr'>re</span> 
     </span>
     <span class='ocr_line' id='line_1_4' title="bbox 256 880 1585 974; baseline -0.01 -13"><span class='ocrx_word' id='word_1_24' title='bbox 256 893 401 961; x_wconf 82' lang='lat' dir='ltr'>obscura</span> <span class='ocrx_word' id='word_1_25' title='bbox 416 908 493 956; x_wconf 83' lang='lat' dir='ltr'>mox</span> <span class='ocrx_word' id='word_1_26' title='bbox 508 881 699 971; x_wconf 81' lang='lat' dir='ltr'>pleniorem</span> <span class='ocrx_word' id='word_1_27' title='bbox 714 880 964 950; x_wconf 80' lang='lat' dir='ltr'>institutionem</span> <span class='ocrx_word' id='word_1_28' title='bbox 984 901 1045 948; x_wconf 91' lang='lat' dir='ltr'>nos</span> <span class='ocrx_word' id='word_1_29' title='bbox 1066 886 1276 951; x_wconf 77' lang='lat' dir='ltr'>assecuturos</span> <span class='ocrx_word' id='word_1_30' title='bbox 1297 906 1475 974; x_wconf 90' lang='lat' dir='ltr'>speramus</span> <span class='ocrx_word' id='word_1_31' title='bbox 1493 908 1525 952; x_wconf 89' lang='lat' dir='ltr'>v.</span> <span class='ocrx_word' id='word_1_32' title='bbox 1543 888 1585 950; x_wconf 76' lang='lat'>25</span> 
     </span>
     <span class='ocr_line' id='line_1_5' title="bbox 257 985 1584 1081; baseline -0.007 -15"><span class='ocrx_word' id='word_1_33' title='bbox 257 997 343 1066; x_wconf 80' lang='lat' dir='ltr'>dicit</span> <span class='ocrx_word' id='word_1_34' title='bbox 358 998 392 1064; x_wconf 83' lang='lat' dir='ltr'>ei</span> <span class='ocrx_word' id='word_1_35' title='bbox 406 990 531 1059; x_wconf 84' lang='lat' dir='ltr'>mulier</span> <span class='ocrx_word' id='word_1_36' title='bbox 546 1011 558 1054; x_wconf 94' lang='grc'>.·</span> <span class='ocrx_word' id='word_1_37' title='bbox 574 990 651 1059; x_wconf 86' lang='lat' dir='ltr'>Scio</span> <span class='ocrx_word' id='word_1_38' title='bbox 667 990 753 1079; x_wconf 80' lang='lat' dir='ltr'>quio</span> <span class='ocrx_word' id='word_1_39' title='bbox 768 986 906 1053; x_wconf 82' lang='lat' dir='ltr'>Messias</span> <span class='ocrx_word' id='word_1_40' title='bbox 921 985 1014 1053; x_wconf 83' lang='lat' dir='ltr'>venit</span> <span class='ocrx_word' id='word_1_41' title='bbox 1028 986 1101 1076; x_wconf 84' lang='lat' dir='ltr'>(qui</span> <span class='ocrx_word' id='word_1_42' title='bbox 1112 988 1237 1057; x_wconf 76' lang='lat' dir='ltr'>dicitur</span> <span class='ocrx_word' id='word_1_43' title='bbox 1254 987 1435 1081; x_wconf 80' lang='lat' dir='ltr'>Christus),</span> <span class='ocrx_word' id='word_1_44' title='bbox 1452 1001 1584 1081; x_wconf 68' lang='grc' dir='ltr'>ἔρχεται,</span> 
     </span>
    </p>
   </div>
   <div class='ocr_carea' id='block_1_3' title="bbox 91 1091 1589 1292">
    <p class='ocr_par' dir='ltr' id='par_1_3' title="bbox 38 1080 1589 1327">
     <span class='ocr_line' id='line_1_6' title="bbox 91 1091 1589 1195; baseline -0.003 -27.137"><span class='ocrx_word' id='word_1_45' title='bbox 91 1102 121 1195; x_wconf 61' lang='lat'>123</span> <span class='ocrx_word' id='word_1_46' title='bbox 160 1091 163 1097; x_wconf 56' lang='grc'>’</span> <span class='ocrx_word' id='word_1_47' title='bbox 231 1116 232 1119; x_wconf 75' lang='grc'>’</span> <span class='ocrx_word' id='word_1_48' title='bbox 257 1106 306 1170; x_wconf 92' lang='lat' dir='ltr'>uti</span> <span class='ocrx_word' id='word_1_49' title='bbox 321 1125 360 1168; x_wconf 83' lang='lat' dir='ltr'>ex</span> <span class='ocrx_word' id='word_1_50' title='bbox 375 1123 407 1164; x_wconf 93' lang='lat' dir='ltr'>v.</span> <span class='ocrx_word' id='word_1_51' title='bbox 426 1105 467 1164; x_wconf 77' lang='lat'>23</span> <span class='ocrx_word' id='word_1_52' title='bbox 485 1104 632 1178; x_wconf 83' lang='lat' dir='ltr'>constat,</span> <span class='ocrx_word' id='word_1_53' title='bbox 646 1092 798 1179; x_wconf 81' lang='lat' dir='ltr'>intelligi</span> <span class='ocrx_word' id='word_1_54' title='bbox 810 1098 921 1181; x_wconf 89' lang='lat' dir='ltr'>potest</span> <span class='ocrx_word' id='word_1_55' title='bbox 934 1093 977 1159; x_wconf 93' lang='lat' dir='ltr'>de</span> <span class='ocrx_word' id='word_1_56' title='bbox 997 1091 1147 1174; x_wconf 85' lang='lat' dir='ltr'>adventu</span> <span class='ocrx_word' id='word_1_57' title='bbox 1162 1117 1240 1162; x_wconf 83' lang='lat' dir='ltr'>mox</span> <span class='ocrx_word' id='word_1_58' title='bbox 1256 1094 1372 1162; x_wconf 89' lang='lat' dir='ltr'>luturo</span> <span class='ocrx_word' id='word_1_59' title='bbox 1387 1098 1442 1166; x_wconf 90' lang='lat' dir='ltr'>vel</span> <span class='ocrx_word' id='word_1_60' title='bbox 1453 1099 1522 1165; x_wconf 92' lang='lat' dir='ltr'>iam</span> <span class='ocrx_word' id='word_1_61' title='bbox 1537 1096 1589 1164; x_wconf 91' lang='lat' dir='ltr'>in·</span> 
     </span>
     <span class='ocr_line' id='line_1_7' title="bbox 153 1199 1587 1292; baseline -0.005 -13.57"><span class='ocrx_word' id='word_1_62' title='bbox 153 1234 162 1284; x_wconf 78' lang='lat'><strong>1</strong></span> <span class='ocrx_word' id='word_1_63' title='bbox 255 1203 440 1291; x_wconf 86' lang='lat' dir='ltr'>stante(uti</span> <span class='ocrx_word' id='word_1_64' title='bbox 455 1212 584 1273; x_wconf 89' lang='lat' dir='ltr'>veteres</span> <span class='ocrx_word' id='word_1_65' title='bbox 603 1202 740 1291; x_wconf 84' lang='lat' dir='ltr'>saepius</span> <span class='ocrx_word' id='word_1_66' title='bbox 752 1199 941 1288; x_wconf 87' lang='lat' dir='ltr'>accipiunt,</span> <span class='ocrx_word' id='word_1_67' title='bbox 959 1200 1050 1266; x_wconf 77' lang='lat' dir='ltr'>lans.</span> <span class='ocrx_word' id='word_1_68' title='bbox 1064 1202 1133 1268; x_wconf 84' lang='lat' dir='ltr'>Tol.</span> <span class='ocrx_word' id='word_1_69' title='bbox 1153 1200 1259 1270; x_wconf 74' lang='lat' dir='ltr'>ruald.</span> <span class='ocrx_word' id='word_1_70' title='bbox 1278 1204 1363 1292; x_wconf 79' lang='lat' dir='ltr'>lap.</span> <span class='ocrx_word' id='word_1_71' title='bbox 1380 1206 1439 1287; x_wconf 87' lang='lat' dir='ltr'>Sa,</span> <span class='ocrx_word' id='word_1_72' title='bbox 1459 1204 1587 1285; x_wconf 81' lang='lat' dir='ltr'>Estins,</span> 
     </span>
    </p>
   </div>
   <div class='ocr_carea' id='block_1_4' title="bbox 247 1306 1589 1617">
    <p class='ocr_par' dir='ltr' id='par_1_4' title="bbox 247 1306 1589 1617">
     <span class='ocr_line' id='line_1_8' title="bbox 255 1306 1589 1403; baseline -0.003 -23"><span class='ocrx_word' id='word_1_73' title='bbox 255 1315 336 1380; x_wconf 85' lang='lat' dir='ltr'>Nat.</span> <span class='ocrx_word' id='word_1_74' title='bbox 358 1310 502 1403; x_wconf 72' lang='lat' dir='ltr'>Calin.);</span> <span class='ocrx_word' id='word_1_75' title='bbox 531 1320 667 1398; x_wconf 85' lang='lat' dir='ltr'>tempus</span> <span class='ocrx_word' id='word_1_76' title='bbox 688 1306 859 1373; x_wconf 89' lang='lat' dir='ltr'>incertum</span> <span class='ocrx_word' id='word_1_77' title='bbox 879 1306 1005 1397; x_wconf 71' lang='lat' dir='ltr'>(Gai),</span> <span class='ocrx_word' id='word_1_78' title='bbox 1027 1306 1180 1376; x_wconf 87' lang='lat' dir='ltr'>futurum</span> <span class='ocrx_word' id='word_1_79' title='bbox 1203 1308 1378 1396; x_wconf 87' lang='lat' dir='ltr'>designari</span> <span class='ocrx_word' id='word_1_80' title='bbox 1394 1310 1453 1376; x_wconf 88' lang='lat' dir='ltr'>alii</span> <span class='ocrx_word' id='word_1_81' title='bbox 1469 1310 1589 1378; x_wconf 90' lang='lat' dir='ltr'>dicunt</span> 
     </span>
     <span class='ocr_line' id='line_1_9' title="bbox 247 1412 1589 1508; baseline 0.001 -25"><span class='ocrx_word' id='word_1_82' title='bbox 247 1421 350 1506; x_wconf 71' lang='lat' dir='ltr'>(Bar.</span> <span class='ocrx_word' id='word_1_83' title='bbox 376 1419 511 1508; x_wconf 81' lang='lat' dir='ltr'>Sclrz.);</span> <span class='ocrx_word' id='word_1_84' title='bbox 539 1438 615 1485; x_wconf 82' lang='lat' dir='ltr'>cum</span> <span class='ocrx_word' id='word_1_85' title='bbox 640 1435 722 1502; x_wconf 76' lang='lat' dir='ltr'>erqo</span> <span class='ocrx_word' id='word_1_86' title='bbox 744 1414 890 1501; x_wconf 73' lang='lat' dir='ltr'>venerit,</span> <span class='ocrx_word' id='word_1_87' title='bbox 917 1412 975 1480; x_wconf 83' lang='lat' dir='ltr'>ille</span> <span class='ocrx_word' id='word_1_88' title='bbox 999 1412 1095 1481; x_wconf 82' lang='lat' dir='ltr'>nobis</span> <span class='ocrx_word' id='word_1_89' title='bbox 1122 1415 1344 1483; x_wconf 83' lang='lat' dir='ltr'>annuntiabit</span> <span class='ocrx_word' id='word_1_90' title='bbox 1366 1415 1505 1499; x_wconf 83' lang='lat' dir='ltr'>omnia;</span> <span class='ocrx_word' id='word_1_91' title='bbox 1526 1439 1589 1484; x_wconf 90' lang='lat' dir='ltr'>nos</span> 
     </span>
     <span class='ocr_line' id='line_1_10' title="bbox 256 1519 1588 1617; baseline -0.003 -25"><span class='ocrx_word' id='word_1_92' title='bbox 256 1525 391 1594; x_wconf 92' lang='lat' dir='ltr'>docebit</span> <span class='ocrx_word' id='word_1_93' title='bbox 406 1526 499 1593; x_wconf 85' lang='lat' dir='ltr'>clare</span> <span class='ocrx_word' id='word_1_94' title='bbox 519 1531 554 1590; x_wconf 92' lang='lat' dir='ltr'>ct</span> <span class='ocrx_word' id='word_1_95' title='bbox 572 1521 743 1588; x_wconf 91' lang='lat' dir='ltr'>distincte.</span> <span class='ocrx_word' id='word_1_96' title='bbox 765 1521 874 1588; x_wconf 87' lang='lat' dir='ltr'>Verba</span> <span class='ocrx_word' id='word_1_97' title='bbox 892 1522 980 1617; x_wconf 85' lang='lat' dir='ltr'>haec</span> <span class='ocrx_word' id='word_1_98' title='bbox 995 1542 1066 1587; x_wconf 93' lang='lat' dir='ltr'>non</span> <span class='ocrx_word' id='word_1_99' title='bbox 1083 1519 1133 1586; x_wconf 86' lang='lat' dir='ltr'>ita</span> <span class='ocrx_word' id='word_1_100' title='bbox 1151 1522 1302 1609; x_wconf 79' lang='lat' dir='ltr'>intelligi</span> <span class='ocrx_word' id='word_1_101' title='bbox 1316 1527 1483 1613; x_wconf 86' lang='lat' dir='ltr'>possunt,</span> <span class='ocrx_word' id='word_1_102' title='bbox 1503 1543 1543 1590; x_wconf 84' lang='lat' dir='ltr'>ac</span> <span class='ocrx_word' id='word_1_103' title='bbox 1557 1522 1588 1588; x_wconf 88' lang='lat' dir='ltr'>si</span> 
     </span>
    </p>
   </div>
   <div class='ocr_carea' id='block_1_5' title="bbox 31 1626 1589 1721">
    <p class='ocr_par' dir='ltr' id='par_1_5' title="bbox 31 1626 1589 1721">
     <span class='ocr_line' id='line_1_11' title="bbox 31 1626 1589 1721; baseline -0.002 -24"><span class='ocrx_word' id='word_1_104' title='bbox 31 1670 41 1685; x_wconf 76' lang='lat'>=</span> <span class='ocrx_word' id='word_1_105' title='bbox 88 1652 112 1711; x_wconf 55' lang='grc' dir='ltr'>ς,</span> <span class='ocrx_word' id='word_1_106' title='bbox 164 1708 167 1721; x_wconf 70' lang='lat'>.</span> <span class='ocrx_word' id='word_1_107' title='bbox 256 1632 381 1699; x_wconf 91' lang='lat' dir='ltr'>mulier</span> <span class='ocrx_word' id='word_1_108' title='bbox 395 1631 438 1698; x_wconf 94' lang='lat' dir='ltr'>de</span> <span class='ocrx_word' id='word_1_109' title='bbox 457 1626 676 1718; x_wconf 87' lang='lat' dir='ltr'>responsione</span> <span class='ocrx_word' id='word_1_110' title='bbox 692 1630 764 1693; x_wconf 89' lang='lat' dir='ltr'>lesu</span> <span class='ocrx_word' id='word_1_111' title='bbox 779 1649 902 1717; x_wconf 88' lang='lat' dir='ltr'>parum</span> <span class='ocrx_word' id='word_1_112' title='bbox 916 1631 1018 1714; x_wconf 88' lang='lat' dir='ltr'>grato</span> <span class='ocrx_word' id='word_1_113' title='bbox 1032 1627 1351 1697; x_wconf 87' lang='lat' dir='ltr'>minime-contenta</span> <span class='ocrx_word' id='word_1_114' title='bbox 1364 1629 1496 1697; x_wconf 90' lang='lat' dir='ltr'>diceret</span> <span class='ocrx_word' id='word_1_115' title='bbox 1510 1649 1589 1695; x_wconf 90' lang='lat' dir='ltr'>con·</span> 
     </span>
    </p>
   </div>
   <div class='ocr_carea' id='block_1_6' title="bbox 255 1733 1590 2891">
    <p class='ocr_par' dir='ltr' id='par_1_6' title="bbox 255 1733 1590 2891">
     <span class='ocr_line' id='line_1_12' title="bbox 256 1733 1590 1828; baseline -0.003 -23"><span class='ocrx_word' id='word_1_116' title='bbox 256 1739 443 1805; x_wconf 85' lang='lat' dir='ltr'>tentionem</span> <span class='ocrx_word' id='word_1_117' title='bbox 461 1736 505 1803; x_wconf 93' lang='lat' dir='ltr'>de</span> <span class='ocrx_word' id='word_1_118' title='bbox 523 1734 725 1802; x_wconf 80' lang='lat' dir='ltr'>adoratione</span> <span class='ocrx_word' id='word_1_119' title='bbox 745 1733 884 1828; x_wconf 86' lang='lat' dir='ltr'>tandem</span> <span class='ocrx_word' id='word_1_120' title='bbox 904 1756 925 1800; x_wconf 88' lang='lat' dir='ltr'>a</span> <span class='ocrx_word' id='word_1_121' title='bbox 945 1733 1060 1800; x_wconf 84' lang='lat' dir='ltr'>liessia</span> <span class='ocrx_word' id='word_1_122' title='bbox 1075 1755 1147 1800; x_wconf 84' lang='lat' dir='ltr'>esse</span> <span class='ocrx_word' id='word_1_123' title='bbox 1168 1733 1538 1823; x_wconf 67' lang='lat' dir='ltr'>dirimendamfflold.</span> <span class='ocrx_word' id='word_1_124' title='bbox 1555 1741 1590 1802; x_wconf 88' lang='lat' dir='ltr'>et</span> 
     </span>
     <span class='ocr_line' id='line_1_13' title="bbox 256 1838 1588 1930; baseline -0.001 -21"><span class='ocrx_word' id='word_1_125' title='bbox 256 1845 329 1909; x_wconf 86' lang='lat' dir='ltr'>iere</span> <span class='ocrx_word' id='word_1_126' title='bbox 339 1842 415 1909; x_wconf 81' lang='lat' dir='ltr'>Tol.</span> <span class='ocrx_word' id='word_1_127' title='bbox 431 1844 537 1928; x_wconf 83' lang='lat' dir='ltr'>lans.)</span> <span class='ocrx_word' id='word_1_128' title='bbox 552 1866 560 1919; x_wconf 90' lang='grc'><strong>;</strong></span> <span class='ocrx_word' id='word_1_129' title='bbox 576 1839 681 1930; x_wconf 77' lang='lat' dir='ltr'>Schq.</span> <span class='ocrx_word' id='word_1_130' title='bbox 693 1838 809 1907; x_wconf 84' lang='lat' dir='ltr'>autern</span> <span class='ocrx_word' id='word_1_131' title='bbox 822 1846 934 1908; x_wconf 88' lang='lat' dir='ltr'>censet</span> <span class='ocrx_word' id='word_1_132' title='bbox 949 1839 1130 1907; x_wconf 87' lang='lat' dir='ltr'>mulierem</span> <span class='ocrx_word' id='word_1_133' title='bbox 1145 1841 1187 1908; x_wconf 88' lang='lat' dir='ltr'>de</span> <span class='ocrx_word' id='word_1_134' title='bbox 1204 1841 1319 1908; x_wconf 85' lang='lat' dir='ltr'>llessia</span> <span class='ocrx_word' id='word_1_135' title='bbox 1328 1862 1522 1909; x_wconf 89' lang='lat' dir='ltr'>sermonem</span> <span class='ocrx_word' id='word_1_136' title='bbox 1536 1843 1588 1909; x_wconf 91' lang='lat' dir='ltr'>in·</span> 
     </span>
     <span class='ocr_line' id='line_1_14' title="bbox 260 1941 1589 2039; baseline -0.001 -23"><span class='ocrx_word' id='word_1_137' title='bbox 260 1949 376 2016; x_wconf 90' lang='lat' dir='ltr'>tulisse</span> <span class='ocrx_word' id='word_1_138' title='bbox 396 1949 478 2039; x_wconf 86' lang='lat' dir='ltr'>quia</span> <span class='ocrx_word' id='word_1_139' title='bbox 503 1949 572 2016; x_wconf 92' lang='lat' dir='ltr'>iam</span> <span class='ocrx_word' id='word_1_140' title='bbox 598 1948 770 2036; x_wconf 87' lang='lat' dir='ltr'>suspicata</span> <span class='ocrx_word' id='word_1_141' title='bbox 795 1953 879 2014; x_wconf 83' lang='lat' dir='ltr'>esset</span> <span class='ocrx_word' id='word_1_142' title='bbox 903 1941 1013 2014; x_wconf 90' lang='lat' dir='ltr'>lesum</span> <span class='ocrx_word' id='word_1_143' title='bbox 1042 1969 1112 2015; x_wconf 84' lang='lat' dir='ltr'>csse</span> <span class='ocrx_word' id='word_1_144' title='bbox 1133 1949 1293 2015; x_wconf 82' lang='lat' dir='ltr'>uessiam.</span> <span class='ocrx_word' id='word_1_145' title='bbox 1320 1947 1440 2015; x_wconf 80' lang='lat' dir='ltr'>Mulier</span> <span class='ocrx_word' id='word_1_146' title='bbox 1460 1949 1589 2015; x_wconf 88' lang='lat' dir='ltr'>ultimis</span> 
     </span>
     <span class='ocr_line' id='line_1_15' title="bbox 257 2052 1588 2146; baseline 0.001 -25"><span class='ocrx_word' id='word_1_147' title='bbox 257 2055 372 2123; x_wconf 89' lang='lat' dir='ltr'>verbis</span> <span class='ocrx_word' id='word_1_148' title='bbox 396 2056 577 2146; x_wconf 85' lang='lat' dir='ltr'>profitetur</span> <span class='ocrx_word' id='word_1_149' title='bbox 595 2053 731 2121; x_wconf 83' lang='lat' dir='ltr'>liessiae</span> <span class='ocrx_word' id='word_1_150' title='bbox 756 2052 1016 2143; x_wconf 86' lang='lat' dir='ltr'>plenamlidem</span> <span class='ocrx_word' id='word_1_151' title='bbox 1040 2059 1074 2121; x_wconf 93' lang='lat' dir='ltr'>et</span> <span class='ocrx_word' id='word_1_152' title='bbox 1092 2053 1327 2121; x_wconf 85' lang='lat' dir='ltr'>obedientiam</span> <span class='ocrx_word' id='word_1_153' title='bbox 1339 2076 1411 2123; x_wconf 89' lang='lat' dir='ltr'>esse</span> <span class='ocrx_word' id='word_1_154' title='bbox 1425 2054 1588 2122; x_wconf 83' lang='lat' dir='ltr'>exhiben-</span> 
     </span>
     <span class='ocr_line' id='line_1_16' title="bbox 256 2160 1588 2252; baseline 0 -23"><span class='ocrx_word' id='word_1_155' title='bbox 256 2162 349 2230; x_wconf 85' lang='lat' dir='ltr'>dam.</span> <span class='ocrx_word' id='word_1_156' title='bbox 373 2167 466 2229; x_wconf 88' lang='lat' dir='ltr'>iianc</span> <span class='ocrx_word' id='word_1_157' title='bbox 489 2161 598 2229; x_wconf 87' lang='lat' dir='ltr'>animi</span> <span class='ocrx_word' id='word_1_158' title='bbox 620 2160 832 2228; x_wconf 73' lang='lat' dir='ltr'>docilitatem</span> <span class='ocrx_word' id='word_1_159' title='bbox 857 2166 890 2226; x_wconf 93' lang='lat' dir='ltr'>et</span> <span class='ocrx_word' id='word_1_160' title='bbox 906 2160 1225 2251; x_wconf 70' lang='lat' dir='ltr'>&#39;promptitudinem</span> <span class='ocrx_word' id='word_1_161' title='bbox 1249 2165 1340 2229; x_wconf 89' lang='lat' dir='ltr'>lesus</span> <span class='ocrx_word' id='word_1_162' title='bbox 1362 2184 1425 2252; x_wconf 93' lang='lat' dir='ltr'>pro</span> <span class='ocrx_word' id='word_1_163' title='bbox 1441 2183 1504 2229; x_wconf 85' lang='lat' dir='ltr'>sue</span> <span class='ocrx_word' id='word_1_164' title='bbox 1520 2162 1588 2229; x_wconf 86' lang='lat' dir='ltr'>ele-</span> 
     </span>
     <span class='ocr_line' id='line_1_17' title="bbox 257 2253 1587 2359; baseline -0.001 -24"><span class='ocrx_word' id='word_1_165' title='bbox 257 2271 388 2336; x_wconf 88' lang='lat' dir='ltr'>mentia</span> <span class='ocrx_word' id='word_1_166' title='bbox 413 2291 482 2336; x_wconf 90' lang='lat' dir='ltr'>non</span> <span class='ocrx_word' id='word_1_167' title='bbox 503 2269 674 2359; x_wconf 90' lang='lat' dir='ltr'>permittit</span> <span class='ocrx_word' id='word_1_168' title='bbox 695 2289 823 2353; x_wconf 86' lang='lat' dir='ltr'>carcre</span> <span class='ocrx_word' id='word_1_169' title='bbox 838 2253 1007 2335; x_wconf 88' lang='lat' dir='ltr'>mercede.</span> <span class='ocrx_word' id='word_1_170' title='bbox 1032 2267 1127 2335; x_wconf 89' lang='lat' dir='ltr'>Unde</span> <span class='ocrx_word' id='word_1_171' title='bbox 1153 2290 1188 2335; x_wconf 88' lang='lat' dir='ltr'>se</span> <span class='ocrx_word' id='word_1_172' title='bbox 1212 2267 1245 2335; x_wconf 92' lang='lat' dir='ltr'>ci</span> <span class='ocrx_word' id='word_1_173' title='bbox 1268 2269 1465 2336; x_wconf 86' lang='lat' dir='ltr'>manifestat</span> <span class='ocrx_word' id='word_1_174' title='bbox 1490 2292 1521 2335; x_wconf 87' lang='lat' dir='ltr'>v.</span> <span class='ocrx_word' id='word_1_175' title='bbox 1545 2274 1587 2334; x_wconf 69' lang='grc' dir='ltr'>λθ</span> 
     </span>
     <span class='ocr_line' id='line_1_18' title="bbox 260 2357 1585 2468; baseline 0.001 -27"><span class='ocrx_word' id='word_1_176' title='bbox 260 2373 345 2442; x_wconf 84' lang='lat' dir='ltr'>dicit</span> <span class='ocrx_word' id='word_1_177' title='bbox 366 2375 400 2441; x_wconf 86' lang='lat' dir='ltr'>ei</span> <span class='ocrx_word' id='word_1_178' title='bbox 423 2376 517 2442; x_wconf 82' lang='lat' dir='ltr'>lesus</span> <span class='ocrx_word' id='word_1_179' title='bbox 540 2397 552 2440; x_wconf 93' lang='grc'>.·</span> <span class='ocrx_word' id='word_1_180' title='bbox 575 2396 638 2463; x_wconf 76' lang='lat' dir='ltr'>eqo</span> <span class='ocrx_word' id='word_1_181' title='bbox 659 2396 737 2468; x_wconf 83' lang='lat' dir='ltr'>snm</span> <span class='ocrx_word' id='word_1_182' title='bbox 756 2373 818 2464; x_wconf 84' lang='lat' dir='ltr'>qni</span> <span class='ocrx_word' id='word_1_183' title='bbox 837 2357 959 2464; x_wconf 80' lang='lat' dir='ltr'>loquor</span> <span class='ocrx_word' id='word_1_184' title='bbox 985 2387 1115 2460; x_wconf 83' lang='lat' dir='ltr'>tecum,·</span> <span class='ocrx_word' id='word_1_185' title='bbox 1133 2397 1176 2441; x_wconf 92' lang='lat' dir='ltr'>en</span> <span class='ocrx_word' id='word_1_186' title='bbox 1194 2375 1331 2442; x_wconf 92' lang='lat' dir='ltr'>mulieri</span> <span class='ocrx_word' id='word_1_187' title='bbox 1347 2381 1468 2463; x_wconf 88' lang='lat' dir='ltr'>aperte</span> <span class='ocrx_word' id='word_1_188' title='bbox 1483 2374 1585 2458; x_wconf 90' lang='lat' dir='ltr'>dicit,</span> 
     </span>
     <span class='ocr_line' id='line_1_19' title="bbox 255 2481 1582 2572; baseline -0.001 -22"><span class='ocrx_word' id='word_1_189' title='bbox 255 2482 348 2572; x_wconf 89' lang='lat' dir='ltr'>quod</span> <span class='ocrx_word' id='word_1_190' title='bbox 365 2481 499 2548; x_wconf 88' lang='lat' dir='ltr'>iudaeis</span> <span class='ocrx_word' id='word_1_191' title='bbox 516 2481 657 2569; x_wconf 82' lang='lat' dir='ltr'>negavit</span> <span class='ocrx_word' id='word_1_192' title='bbox 675 2481 882 2549; x_wconf 90' lang='lat' dir='ltr'>instantibus</span> <span class='ocrx_word' id='word_1_193' title='bbox 901 2481 953 2549; x_wconf 90' lang='lat' dir='ltr'>:si</span> <span class='ocrx_word' id='word_1_194' title='bbox 973 2487 1063 2549; x_wconf 90' lang='lat' dir='ltr'>tues</span> <span class='ocrx_word' id='word_1_195' title='bbox 1081 2481 1251 2561; x_wconf 89' lang='lat' dir='ltr'>Christus,</span> <span class='ocrx_word' id='word_1_196' title='bbox 1273 2481 1329 2549; x_wconf 93' lang='lat' dir='ltr'>dic</span> <span class='ocrx_word' id='word_1_197' title='bbox 1350 2481 1448 2549; x_wconf 90' lang='lat' dir='ltr'>nobis</span> <span class='ocrx_word' id='word_1_198' title='bbox 1466 2481 1582 2571; x_wconf 81' lang='lat' dir='ltr'>palam</span> 
     </span>
     <span class='ocr_line' id='line_1_20' title="bbox 257 2586 1588 2678; baseline -0.001 -22"><span class='ocrx_word' id='word_1_199' title='bbox 257 2590 401 2678; x_wconf 57' lang='lat' dir='ltr'>(imit).</span> <span class='ocrx_word' id='word_1_200' title='bbox 418 2588 484 2656; x_wconf 89' lang='lat' dir='ltr'>Sed</span> <span class='ocrx_word' id='word_1_201' title='bbox 499 2586 647 2670; x_wconf 88' lang='lat' dir='ltr'>attende,</span> <span class='ocrx_word' id='word_1_202' title='bbox 658 2610 764 2678; x_wconf 85' lang='lat' dir='ltr'>quam</span> <span class='ocrx_word' id='word_1_203' title='bbox 773 2587 908 2655; x_wconf 86' lang='lat' dir='ltr'>diversa</span> <span class='ocrx_word' id='word_1_204' title='bbox 921 2587 1027 2655; x_wconf 85' lang='lat' dir='ltr'>luerit</span> <span class='ocrx_word' id='word_1_205' title='bbox 1040 2588 1234 2656; x_wconf 79' lang='lat' dir='ltr'>animorum</span> <span class='ocrx_word' id='word_1_206' title='bbox 1245 2587 1434 2678; x_wconf 88' lang='lat' dir='ltr'>dispositio.</span> <span class='ocrx_word' id='word_1_207' title='bbox 1452 2587 1588 2656; x_wconf 88' lang='lat' dir='ltr'>ludaeis</span> 
     </span>
     <span class='ocr_line' id='line_1_21' title="bbox 256 2694 1589 2786; baseline -0.002 -25"><span class='ocrx_word' id='word_1_208' title='bbox 256 2695 349 2761; x_wconf 90' lang='lat' dir='ltr'>enim</span> <span class='ocrx_word' id='word_1_209' title='bbox 367 2697 454 2764; x_wconf 90' lang='lat' dir='ltr'>iuste</span> <span class='ocrx_word' id='word_1_210' title='bbox 468 2696 610 2785; x_wconf 91' lang='lat' dir='ltr'>opponit</span> <span class='ocrx_word' id='word_1_211' title='bbox 627 2718 635 2761; x_wconf 91' lang='lat'><strong>:</strong></span> <span class='ocrx_word' id='word_1_212' title='bbox 657 2695 782 2786; x_wconf 93' lang='lat' dir='ltr'>loquor</span> <span class='ocrx_word' id='word_1_213' title='bbox 797 2694 894 2762; x_wconf 88' lang='lat' dir='ltr'>vobis</span> <span class='ocrx_word' id='word_1_214' title='bbox 908 2700 943 2762; x_wconf 91' lang='lat' dir='ltr'>et</span> <span class='ocrx_word' id='word_1_215' title='bbox 956 2717 1027 2763; x_wconf 93' lang='lat' dir='ltr'>non</span> <span class='ocrx_word' id='word_1_216' title='bbox 1039 2694 1181 2763; x_wconf 88' lang='lat' dir='ltr'>creditis</span> <span class='ocrx_word' id='word_1_217' title='bbox 1195 2702 1281 2778; x_wconf 87' lang='lat' dir='ltr'>etc.;</span> <span class='ocrx_word' id='word_1_218' title='bbox 1301 2703 1335 2763; x_wconf 93' lang='lat' dir='ltr'>et</span> <span class='ocrx_word' id='word_1_219' title='bbox 1345 2695 1401 2762; x_wconf 91' lang='lat' dir='ltr'>illi</span> <span class='ocrx_word' id='word_1_220' title='bbox 1416 2702 1589 2785; x_wconf 81' lang='lat' dir='ltr'>quaeruut</span> 
     </span>
     <span class='ocr_line' id='line_1_22' title="bbox 255 2801 1161 2891; baseline 0.001 -24"><span class='ocrx_word' id='word_1_221' title='bbox 255 2822 323 2867; x_wconf 93' lang='lat' dir='ltr'>non</span> <span class='ocrx_word' id='word_1_222' title='bbox 340 2803 516 2868; x_wconf 90' lang='lat' dir='ltr'>voluntate</span> <span class='ocrx_word' id='word_1_223' title='bbox 530 2801 708 2880; x_wconf 84' lang='lat' dir='ltr'>credendi,</span> <span class='ocrx_word' id='word_1_224' title='bbox 726 2801 786 2868; x_wconf 85' lang='lat' dir='ltr'>sed</span> <span class='ocrx_word' id='word_1_225' title='bbox 801 2801 1028 2891; x_wconf 90' lang='lat' dir='ltr'>persequendi</span> <span class='ocrx_word' id='word_1_226' title='bbox 1045 2802 1161 2890; x_wconf 76' lang='lat' dir='ltr'>(Tot).</span> 
     </span>
    </p>
   </div>
   <div class='ocr_carea' id='block_1_7' title="bbox 255 3006 1588 3296">
    <p class='ocr_par' dir='ltr' id='par_1_7' title="bbox 255 3006 1588 3296">
     <span class='ocr_line' id='line_1_23' title="bbox 296 3006 1588 3083; baseline 0.002 -19"><span class='ocrx_word' id='word_1_227' title='bbox 296 3007 425 3068; x_wconf 84' lang='lat' dir='ltr'>Veteres</span> <span class='ocrx_word' id='word_1_228' title='bbox 448 3008 512 3065; x_wconf 91' lang='lat' dir='ltr'>iam</span> <span class='ocrx_word' id='word_1_229' title='bbox 544 3009 675 3066; x_wconf 92' lang='lat' dir='ltr'>monent</span> <span class='ocrx_word' id='word_1_230' title='bbox 703 3006 917 3067; x_wconf 81' lang='lat' dir='ltr'>Samaritanus</span> <span class='ocrx_word' id='word_1_231' title='bbox 939 3006 1209 3083; x_wconf 83' lang='lat' dir='ltr'>exspectationem</span> <span class='ocrx_word' id='word_1_232' title='bbox 1232 3007 1363 3067; x_wconf 85' lang='lat' dir='ltr'>Messiac</span> <span class='ocrx_word' id='word_1_233' title='bbox 1383 3006 1511 3067; x_wconf 90' lang='lat' dir='ltr'>haurire</span> <span class='ocrx_word' id='word_1_234' title='bbox 1531 3022 1588 3083; x_wconf 92' lang='lat' dir='ltr'>po·</span> 
     </span>
     <span class='ocr_line' id='line_1_24' title="bbox 255 3100 1588 3186; baseline 0 -23"><span class='ocrx_word' id='word_1_235' title='bbox 255 3103 355 3165; x_wconf 87' lang='lat' dir='ltr'>tuisse</span> <span class='ocrx_word' id='word_1_236' title='bbox 371 3122 409 3166; x_wconf 79' lang='lat' dir='ltr'>ex</span> <span class='ocrx_word' id='word_1_237' title='bbox 429 3104 506 3165; x_wconf 87' lang='lat' dir='ltr'>Gen.</span> <span class='ocrx_word' id='word_1_238' title='bbox 522 3105 614 3176; x_wconf 54' lang='lat'>4950</span> <span class='ocrx_word' id='word_1_239' title='bbox 630 3109 662 3164; x_wconf 91' lang='lat' dir='ltr'>et</span> <span class='ocrx_word' id='word_1_240' title='bbox 679 3105 772 3164; x_wconf 89' lang='lat' dir='ltr'>Deut.</span> <span class='ocrx_word' id='word_1_241' title='bbox 788 3104 879 3173; x_wconf 66' lang='lat' dir='ltr'>tait</span> <span class='ocrx_word' id='word_1_242' title='bbox 897 3100 983 3182; x_wconf 77' lang='lat' dir='ltr'>(Clu.</span> <span class='ocrx_word' id='word_1_243' title='bbox 1003 3102 1137 3185; x_wconf 74' lang='lat' dir='ltr'>Theopl.</span> <span class='ocrx_word' id='word_1_244' title='bbox 1154 3102 1253 3165; x_wconf 80' lang='lat' dir='ltr'>Eutlr.</span> <span class='ocrx_word' id='word_1_245' title='bbox 1268 3102 1352 3186; x_wconf 74' lang='grc' dir='ltr'>Καρ.</span> <span class='ocrx_word' id='word_1_246' title='bbox 1371 3102 1478 3165; x_wconf 74' lang='lat' dir='ltr'>Thon.</span> <span class='ocrx_word' id='word_1_247' title='bbox 1495 3103 1588 3165; x_wconf 80' lang='lat' dir='ltr'>Iona.</span> 
     </span>
     <span class='ocr_line' id='line_1_25' title="bbox 256 3198 1585 3296; baseline 0.001 -35"><span class='ocrx_word' id='word_1_248' title='bbox 256 3198 379 3281; x_wconf 61' lang='lat' dir='ltr'>Meldi.</span> <span class='ocrx_word' id='word_1_249' title='bbox 395 3203 518 3262; x_wconf 92' lang='lat' dir='ltr'>Nomen</span> <span class='ocrx_word' id='word_1_250' title='bbox 533 3202 601 3262; x_wconf 91' lang='lat' dir='ltr'>eius</span> <span class='ocrx_word' id='word_1_251' title='bbox 616 3201 700 3279; x_wconf 87' lang='lat' dir='ltr'>apud</span> <span class='ocrx_word' id='word_1_252' title='bbox 713 3201 785 3261; x_wconf 90' lang='lat' dir='ltr'>ilios</span> <span class='ocrx_word' id='word_1_253' title='bbox 799 3218 867 3261; x_wconf 91' lang='lat' dir='ltr'>esse</span> <span class='ocrx_word' id='word_1_254' title='bbox 881 3200 996 3262; x_wconf 92' lang='lat' dir='ltr'>dicitur</span> <span class='ocrx_word' id='word_1_255' title='bbox 1011 3216 1102 3296; x_wconf 63' lang='lat' dir='ltr'>:nnn</span> <span class='ocrx_word' id='word_1_256' title='bbox 1123 3201 1176 3282; x_wconf 90' lang='lat' dir='ltr'>(ci.</span> <span class='ocrx_word' id='word_1_257' title='bbox 1187 3202 1263 3281; x_wconf 73' lang='lat' dir='ltr'>aiut)</span> <span class='ocrx_word' id='word_1_258' title='bbox 1277 3202 1329 3263; x_wconf 84' lang='lat' dir='ltr'>vei</span> <span class='ocrx_word' id='word_1_259' title='bbox 1342 3203 1369 3262; x_wconf 91' lang='lat' dir='ltr'>is</span> <span class='ocrx_word' id='word_1_260' title='bbox 1382 3201 1438 3280; x_wconf 90' lang='lat' dir='ltr'>qui</span> <span class='ocrx_word' id='word_1_261' title='bbox 1454 3201 1585 3272; x_wconf 82' lang='lat' dir='ltr'>redibit,</span> 
     </span>
    </p>
   </div>
   <div class='ocr_carea' id='block_1_8' title="bbox 257 3304 926 3388">
    <p class='ocr_par' dir='ltr' id='par_1_8' title="bbox 257 3304 926 3388">
     <span class='ocr_line' id='line_1_26' title="bbox 257 3304 926 3388; baseline 0 -22"><span class='ocrx_word' id='word_1_262' title='bbox 257 3308 307 3368; x_wconf 85' lang='lat' dir='ltr'>vei</span> <span class='ocrx_word' id='word_1_263' title='bbox 323 3308 380 3386; x_wconf 89' lang='lat' dir='ltr'>qui</span> <span class='ocrx_word' id='word_1_264' title='bbox 397 3308 545 3368; x_wconf 83' lang='lat' dir='ltr'>restituet</span> <span class='ocrx_word' id='word_1_265' title='bbox 558 3306 608 3386; x_wconf 86' lang='lat' dir='ltr'>(cl.</span> <span class='ocrx_word' id='word_1_266' title='bbox 625 3304 718 3388; x_wconf 77' lang='lat' dir='ltr'>Sctp.</span> <span class='ocrx_word' id='word_1_267' title='bbox 735 3304 824 3367; x_wconf 71' lang='lat' dir='ltr'>scaz.</span> <span class='ocrx_word' id='word_1_268' title='bbox 839 3305 926 3386; x_wconf 78' lang='lat' dir='ltr'>Fit).</span> 
     </span>
    </p>
   </div>
   <div class='ocr_carea' id='block_1_9' title="bbox 509 3487 1327 3599">
    <p class='ocr_par' dir='ltr' id='par_1_9' title="bbox 509 3487 1327 3599">
     <span class='ocr_line' id='line_1_27' title="bbox 509 3487 1327 3599; baseline 0.005 -27"><span class='ocrx_word' id='word_1_269' title='bbox 509 3523 533 3588; x_wconf 72' lang='lat' dir='ltr'>s)</span> <span class='ocrx_word' id='word_1_270' title='bbox 552 3522 698 3574; x_wconf 81' lang='lat' dir='ltr'>Veniunt</span> <span class='ocrx_word' id='word_1_271' title='bbox 713 3522 877 3599; x_wconf 8' lang='lat' dir='ltr'>*discipuli</span> <span class='ocrx_word' id='word_1_272' title='bbox 897 3525 932 3574; x_wconf 87' lang='lat' dir='ltr'>et</span> <span class='ocrx_word' id='word_1_273' title='bbox 952 3487 1160 3575; x_wconf 69' lang='lat' dir='ltr'>Samaritani</span> <span class='ocrx_word' id='word_1_274' title='bbox 1179 3524 1327 3590; x_wconf 74' lang='lat'>4,27-42.</span> 
     </span>
    </p>
   </div>
   <div class='ocr_carea' id='block_1_10' title="bbox 185 3692 1588 5012">
    <p class='ocr_par' dir='ltr' id='par_1_10' title="bbox 185 3692 1588 4038">
     <span class='ocr_line' id='line_1_28' title="bbox 292 3692 1588 3768; baseline -0.002 -18"><span class='ocrx_word' id='word_1_275' title='bbox 292 3699 366 3760; x_wconf 84' lang='lat' dir='ltr'>t,‘i&#39;i.</span> <span class='ocrx_word' id='word_1_276' title='bbox 393 3701 427 3750; x_wconf 82' lang='lat' dir='ltr'>Et</span> <span class='ocrx_word' id='word_1_277' title='bbox 449 3702 582 3750; x_wconf 85' lang='lat' dir='ltr'>continuo</span> <span class='ocrx_word' id='word_1_278' title='bbox 604 3701 743 3751; x_wconf 81' lang='lat' dir='ltr'>venerunt</span> <span class='ocrx_word' id='word_1_279' title='bbox 769 3699 896 3763; x_wconf 87' lang='lat' dir='ltr'>discipuli</span> <span class='ocrx_word' id='word_1_280' title='bbox 978 3700 1051 3764; x_wconf 56' lang='lat'>4:27.</span> <span class='ocrx_word' id='word_1_281' title='bbox 1077 3696 1125 3748; x_wconf 79' lang='lat' dir='ltr'>ilai</span> <span class='ocrx_word' id='word_1_282' title='bbox 1148 3694 1189 3750; x_wconf 75' lang='lat' dir='ltr'>tal</span> <span class='ocrx_word' id='word_1_283' title='bbox 1214 3699 1300 3768; x_wconf 78' lang='grc' dir='ltr'><strong>τούτῳ</strong></span> <span class='ocrx_word' id='word_1_284' title='bbox 1321 3692 1403 3763; x_wconf 74' lang='grc' dir='ltr'><strong>ἦλθον</strong></span> <span class='ocrx_word' id='word_1_285' title='bbox 1431 3696 1455 3749; x_wconf 84' lang='lat' dir='ltr'>oi</span> <span class='ocrx_word' id='word_1_286' title='bbox 1479 3697 1588 3768; x_wconf 73' lang='grc' dir='ltr'><strong>μαθηταὶ</strong></span> 
     </span>
     <span class='ocr_line' id='line_1_29' title="bbox 256 3783 1587 3856; baseline -0.002 -16"><span class='ocrx_word' id='word_1_287' title='bbox 256 3791 330 3849; x_wconf 82' lang='lat' dir='ltr'>elus;</span> <span class='ocrx_word' id='word_1_288' title='bbox 356 3795 385 3839; x_wconf 80' lang='lat' dir='ltr'>et</span> <span class='ocrx_word' id='word_1_289' title='bbox 410 3789 584 3839; x_wconf 83' lang='lat' dir='ltr'>mirabantur</span> <span class='ocrx_word' id='word_1_290' title='bbox 604 3791 670 3852; x_wconf 81' lang='lat' dir='ltr'>quia</span> <span class='ocrx_word' id='word_1_291' title='bbox 691 3801 754 3838; x_wconf 83' lang='lat' dir='ltr'>oum</span> <span class='ocrx_word' id='word_1_292' title='bbox 782 3790 898 3840; x_wconf 85' lang='lat' dir='ltr'>muliere</span> <span class='ocrx_word' id='word_1_293' title='bbox 938 3783 1028 3849; x_wconf 76' lang='grc' dir='ltr'><strong>οὖτοΰ,</strong></span> <span class='ocrx_word' id='word_1_294' title='bbox 1044 3785 1087 3837; x_wconf 72' lang='grc' dir='ltr'>καὶ</span> <span class='ocrx_word' id='word_1_295' title='bbox 1105 3785 1243 3856; x_wconf 66' lang='grc' dir='ltr'>ἐθώμαζον</span> <span class='ocrx_word' id='word_1_296' title='bbox 1257 3786 1299 3845; x_wconf 63' lang='grc' dir='ltr'>1ὅτι</span> <span class='ocrx_word' id='word_1_297' title='bbox 1319 3786 1382 3856; x_wconf 76' lang='grc' dir='ltr'>μετὰ</span> <span class='ocrx_word' id='word_1_298' title='bbox 1395 3785 1512 3856; x_wconf 75' lang='grc' dir='ltr'>γυναικὸς</span> <span class='ocrx_word' id='word_1_299' title='bbox 1527 3785 1587 3838; x_wconf 72' lang='grc' dir='ltr'>ἱλά-</span> 
     </span>
     <span class='ocr_line' id='line_1_30' title="bbox 185 3872 1588 3956; baseline 0 -28"><span class='ocrx_word' id='word_1_300' title='bbox 185 3939 192 3956; x_wconf 45' lang='lat'><strong>·</strong></span> <span class='ocrx_word' id='word_1_301' title='bbox 258 3878 433 3941; x_wconf 85' lang='lat' dir='ltr'>loquebatur.</span> <span class='ocrx_word' id='word_1_302' title='bbox 462 3878 552 3928; x_wconf 90' lang='lat' dir='ltr'>Nemo</span> <span class='ocrx_word' id='word_1_303' title='bbox 579 3881 672 3928; x_wconf 86' lang='lat' dir='ltr'>tamen</span> <span class='ocrx_word' id='word_1_304' title='bbox 699 3878 769 3927; x_wconf 85' lang='lat' dir='ltr'>dixit</span> <span class='ocrx_word' id='word_1_305' title='bbox 792 3892 800 3926; x_wconf 89' lang='lat'><strong>:</strong></span> <span class='ocrx_word' id='word_1_306' title='bbox 826 3878 898 3937; x_wconf 88' lang='lat' dir='ltr'>Quid</span> <span class='ocrx_word' id='word_1_307' title='bbox 939 3873 988 3926; x_wconf 90' lang='grc' dir='ltr'>λει·</span> <span class='ocrx_word' id='word_1_308' title='bbox 1008 3872 1087 3936; x_wconf 73' lang='grc' dir='ltr'>οὐδεὶς</span> <span class='ocrx_word' id='word_1_309' title='bbox 1116 3877 1200 3945; x_wconf 65' lang='grc' dir='ltr'><strong>μέντοι</strong></span> <span class='ocrx_word' id='word_1_310' title='bbox 1228 3873 1298 3943; x_wconf 82' lang='grc' dir='ltr'>εἴτε,</span> <span class='ocrx_word' id='word_1_311' title='bbox 1318 3874 1351 3930; x_wconf 90' lang='lat' dir='ltr'>Tl</span> <span class='ocrx_word' id='word_1_312' title='bbox 1376 3877 1476 3941; x_wconf 57' lang='grc' dir='ltr'>ζητεῖς</span> <span class='ocrx_word' id='word_1_313' title='bbox 1503 3875 1534 3941; x_wconf 75' lang='grc' dir='ltr'>ἡ,</span> <span class='ocrx_word' id='word_1_314' title='bbox 1554 3877 1588 3930; x_wconf 85' lang='lat' dir='ltr'>Ti</span> 
     </span>
     <span class='ocr_line' id='line_1_31' title="bbox 255 3961 1213 4038; baseline -0.003 -21"><span class='ocrx_word' id='word_1_315' title='bbox 255 3969 381 4031; x_wconf 82' lang='lat' dir='ltr'>quaeris,</span> <span class='ocrx_word' id='word_1_316' title='bbox 396 3968 445 4038; x_wconf 74' lang='lat' dir='ltr'>aut</span> <span class='ocrx_word' id='word_1_317' title='bbox 461 3966 528 4030; x_wconf 90' lang='lat' dir='ltr'>quid</span> <span class='ocrx_word' id='word_1_318' title='bbox 542 3967 666 4029; x_wconf 85' lang='lat' dir='ltr'>loqueris</span> <span class='ocrx_word' id='word_1_319' title='bbox 681 3979 745 4017; x_wconf 88' lang='lat' dir='ltr'>cum</span> <span class='ocrx_word' id='word_1_320' title='bbox 760 3966 811 4017; x_wconf 80' lang='lat' dir='ltr'>ea?</span> <span class='ocrx_word' id='word_1_321' title='bbox 939 3961 1026 4023; x_wconf 80' lang='grc' dir='ltr'>λαλεῖς</span> <span class='ocrx_word' id='word_1_322' title='bbox 1046 3961 1103 4032; x_wconf 74' lang='grc' dir='ltr'>μετ’</span> <span class='ocrx_word' id='word_1_323' title='bbox 1122 3962 1213 4031; x_wconf 59' lang='grc' dir='ltr'><strong>αὐτῆς</strong></span> 
     </span>
    </p>

    <p class='ocr_par' dir='ltr' id='par_1_11' title="bbox 257 4045 1588 4742">
     <span class='ocr_line' id='line_1_32' title="bbox 292 4045 1585 4123; baseline -0.002 -17"><span class='ocrx_word' id='word_1_324' title='bbox 292 4047 476 4118; x_wconf 69' lang='lat' dir='ltr'>tenerique</span> <span class='ocrx_word' id='word_1_325' title='bbox 500 4067 568 4117; x_wconf 81' lang='lat' dir='ltr'>ergo</span> <span class='ocrx_word' id='word_1_326' title='bbox 590 4055 716 4117; x_wconf 79' lang='lat' dir='ltr'>hydriam</span> <span class='ocrx_word' id='word_1_327' title='bbox 736 4068 817 4105; x_wconf 86' lang='lat' dir='ltr'>suam</span> <span class='ocrx_word' id='word_1_328' title='bbox 835 4067 895 4104; x_wconf 90' lang='lat' dir='ltr'>mu·</span> <span class='ocrx_word' id='word_1_329' title='bbox 975 4055 1019 4105; x_wconf 66' lang='lat'>28.</span> <span class='ocrx_word' id='word_1_330' title='bbox 1043 4049 1148 4122; x_wconf 74' lang='grc' dir='ltr'><strong>Ἀφῆττν</strong></span> <span class='ocrx_word' id='word_1_331' title='bbox 1164 4045 1207 4104; x_wconf 69' lang='grc' dir='ltr'>οὖν</span> <span class='ocrx_word' id='word_1_332' title='bbox 1223 4048 1268 4116; x_wconf 77' lang='grc' dir='ltr'>τὴν</span> <span class='ocrx_word' id='word_1_333' title='bbox 1282 4051 1367 4122; x_wconf 72' lang='grc' dir='ltr'><strong>ὑδρίαν</strong></span> <span class='ocrx_word' id='word_1_334' title='bbox 1383 4050 1459 4118; x_wconf 72' lang='grc' dir='ltr'>αὐτῆς</span> <span class='ocrx_word' id='word_1_335' title='bbox 1477 4051 1492 4118; x_wconf 76' lang='lat' dir='ltr'>i,</span> <span class='ocrx_word' id='word_1_336' title='bbox 1511 4049 1585 4123; x_wconf 75' lang='grc' dir='ltr'><strong>γυνὴ,</strong></span> 
     </span>
     <span class='ocr_line' id='line_1_33' title="bbox 257 4137 1587 4212; baseline -0.002 -18"><span class='ocrx_word' id='word_1_337' title='bbox 257 4147 318 4204; x_wconf 80' lang='lat' dir='ltr'>lier,</span> <span class='ocrx_word' id='word_1_338' title='bbox 338 4150 367 4195; x_wconf 88' lang='lat' dir='ltr'>et</span> <span class='ocrx_word' id='word_1_339' title='bbox 387 4144 455 4193; x_wconf 88' lang='lat' dir='ltr'>abiit</span> <span class='ocrx_word' id='word_1_340' title='bbox 480 4145 508 4192; x_wconf 90' lang='lat' dir='ltr'>in</span> <span class='ocrx_word' id='word_1_341' title='bbox 531 4144 687 4203; x_wconf 82' lang='lat' dir='ltr'>civitatem,</span> <span class='ocrx_word' id='word_1_342' title='bbox 706 4147 734 4193; x_wconf 85' lang='lat' dir='ltr'>et</span> <span class='ocrx_word' id='word_1_343' title='bbox 753 4143 820 4193; x_wconf 87' lang='lat' dir='ltr'>dicit</span> <span class='ocrx_word' id='word_1_344' title='bbox 843 4144 898 4193; x_wconf 92' lang='lat' dir='ltr'>illis</span> <span class='ocrx_word' id='word_1_345' title='bbox 938 4139 979 4191; x_wconf 79' lang='grc' dir='ltr'>καὶ</span> <span class='ocrx_word' id='word_1_346' title='bbox 1002 4137 1113 4206; x_wconf 69' lang='grc' dir='ltr'>ἀπῆλθεν</span> <span class='ocrx_word' id='word_1_347' title='bbox 1140 4138 1174 4201; x_wconf 79' lang='grc' dir='ltr'>εἰς</span> <span class='ocrx_word' id='word_1_348' title='bbox 1196 4138 1241 4205; x_wconf 80' lang='grc' dir='ltr'>τὴν</span> <span class='ocrx_word' id='word_1_349' title='bbox 1270 4140 1357 4204; x_wconf 83' lang='grc' dir='ltr'>πόλιν,</span> <span class='ocrx_word' id='word_1_350' title='bbox 1377 4142 1422 4193; x_wconf 79' lang='grc' dir='ltr'>καὶ</span> <span class='ocrx_word' id='word_1_351' title='bbox 1445 4141 1516 4212; x_wconf 75' lang='grc' dir='ltr'>λέγει</span> <span class='ocrx_word' id='word_1_352' title='bbox 1535 4143 1587 4203; x_wconf 82' lang='grc' dir='ltr'>τοῖς</span> 
     </span>
     <span class='ocr_line' id='line_1_34' title="bbox 257 4226 1588 4300; baseline -0.002 -16"><span class='ocrx_word' id='word_1_353' title='bbox 257 4233 437 4284; x_wconf 86' lang='lat' dir='ltr'>hominibus:</span> <span class='ocrx_word' id='word_1_354' title='bbox 455 4231 498 4282; x_wconf 76' lang='lat'>⁴29.</span> <span class='ocrx_word' id='word_1_355' title='bbox 518 4231 631 4291; x_wconf 86' lang='lat' dir='ltr'>Venite,</span> <span class='ocrx_word' id='word_1_356' title='bbox 648 4235 676 4282; x_wconf 89' lang='lat' dir='ltr'>et</span> <span class='ocrx_word' id='word_1_357' title='bbox 695 4231 786 4283; x_wconf 85' lang='lat' dir='ltr'>videte</span> <span class='ocrx_word' id='word_1_358' title='bbox 807 4234 898 4283; x_wconf 89' lang='lat' dir='ltr'>homi·</span> <span class='ocrx_word' id='word_1_359' title='bbox 939 4226 1091 4298; x_wconf 76' lang='grc' dir='ltr'>ἀνθρώποις,</span> <span class='ocrx_word' id='word_1_360' title='bbox 1113 4232 1157 4282; x_wconf 78' lang='grc'>29.</span> <span class='ocrx_word' id='word_1_361' title='bbox 1188 4230 1277 4293; x_wconf 83' lang='grc' dir='ltr'>Δεῦτε,</span> <span class='ocrx_word' id='word_1_362' title='bbox 1305 4227 1371 4282; x_wconf 81' lang='grc' dir='ltr'>ἴδετε</span> <span class='ocrx_word' id='word_1_363' title='bbox 1397 4230 1541 4300; x_wconf 74' lang='grc' dir='ltr'><strong>ἄνθρωπον,</strong></span> <span class='ocrx_word' id='word_1_364' title='bbox 1561 4231 1588 4290; x_wconf 81' lang='grc' dir='ltr'>’ὸς</span> 
     </span>
     <span class='ocr_line' id='line_1_35' title="bbox 258 4312 1586 4389; baseline -0.002 -18"><span class='ocrx_word' id='word_1_365' title='bbox 258 4335 321 4373; x_wconf 90' lang='lat' dir='ltr'>nem</span> <span class='ocrx_word' id='word_1_366' title='bbox 340 4324 389 4386; x_wconf 87' lang='lat' dir='ltr'>qui</span> <span class='ocrx_word' id='word_1_367' title='bbox 401 4321 471 4371; x_wconf 86' lang='lat' dir='ltr'>dixit</span> <span class='ocrx_word' id='word_1_368' title='bbox 492 4322 560 4369; x_wconf 89' lang='lat' dir='ltr'>mihi</span> <span class='ocrx_word' id='word_1_369' title='bbox 584 4323 679 4370; x_wconf 82' lang='lat' dir='ltr'>omnia</span> <span class='ocrx_word' id='word_1_370' title='bbox 704 4333 898 4384; x_wconf 83' lang='lat' dir='ltr'>quaecumque</span> <span class='ocrx_word' id='word_1_371' title='bbox 938 4312 993 4369; x_wconf 74' lang='lat' dir='ltr'>ilat</span> <span class='ocrx_word' id='word_1_372' title='bbox 1017 4336 1060 4387; x_wconf 81' lang='grc' dir='ltr'>μοι</span> <span class='ocrx_word' id='word_1_373' title='bbox 1078 4318 1159 4370; x_wconf 66' lang='lat' dir='ltr'>edura</span> <span class='ocrx_word' id='word_1_374' title='bbox 1178 4318 1193 4369; x_wconf 77' lang='grc' dir='ltr'><strong><em>ἃ</em></strong></span> <span class='ocrx_word' id='word_1_375' title='bbox 1213 4317 1326 4376; x_wconf 68' lang='grc' dir='ltr'>ἐποίησα·</span> <span class='ocrx_word' id='word_1_376' title='bbox 1348 4319 1410 4389; x_wconf 75' lang='grc' dir='ltr'>μήτε</span> <span class='ocrx_word' id='word_1_377' title='bbox 1429 4313 1501 4380; x_wconf 69' lang='grc' dir='ltr'><strong>οὗτός</strong></span> <span class='ocrx_word' id='word_1_378' title='bbox 1521 4317 1586 4370; x_wconf 82' lang='grc' dir='ltr'><strong>ἐστιν</strong></span> 
     </span>
     <span class='ocr_line' id='line_1_36' title="bbox 258 4403 1587 4476; baseline 0.001 -18"><span class='ocrx_word' id='word_1_379' title='bbox 258 4409 310 4460; x_wconf 90' lang='lat' dir='ltr'>ieci</span> <span class='ocrx_word' id='word_1_380' title='bbox 334 4425 340 4458; x_wconf 93' lang='lat'><strong>:</strong></span> <span class='ocrx_word' id='word_1_381' title='bbox 364 4409 499 4474; x_wconf 90' lang='lat' dir='ltr'>numquid</span> <span class='ocrx_word' id='word_1_382' title='bbox 528 4411 586 4472; x_wconf 92' lang='lat' dir='ltr'>ipse</span> <span class='ocrx_word' id='word_1_383' title='bbox 617 4415 660 4459; x_wconf 85' lang='lat' dir='ltr'>est</span> <span class='ocrx_word' id='word_1_384' title='bbox 683 4409 830 4461; x_wconf 85' lang='lat' dir='ltr'>Christus?</span> <span class='ocrx_word' id='word_1_385' title='bbox 852 4408 895 4458; x_wconf 82' lang='lat'>³0.</span> <span class='ocrx_word' id='word_1_386' title='bbox 937 4403 1085 4476; x_wconf 74' lang='grc' dir='ltr'>δΧριοτόςς</span> <span class='ocrx_word' id='word_1_387' title='bbox 1107 4409 1156 4473; x_wconf 56' lang='grc'><strong>30.,</strong></span> <span class='ocrx_word' id='word_1_388' title='bbox 1173 4406 1276 4473; x_wconf 76' lang='grc' dir='ltr'>ἐξῆλθον</span> <span class='ocrx_word' id='word_1_389' title='bbox 1302 4407 1329 4458; x_wconf 82' lang='grc' dir='ltr'>ἐκ</span> <span class='ocrx_word' id='word_1_390' title='bbox 1352 4409 1396 4472; x_wconf 80' lang='grc' dir='ltr'>τῆς</span> <span class='ocrx_word' id='word_1_391' title='bbox 1414 4404 1525 4470; x_wconf 74' lang='grc' dir='ltr'>πόλεως,</span> <span class='ocrx_word' id='word_1_392' title='bbox 1545 4407 1587 4459; x_wconf 75' lang='grc' dir='ltr'>καλ</span> 
     </span>
     <span class='ocr_line' id='line_1_37' title="bbox 259 4491 1587 4566; baseline 0.001 -20"><span class='ocrx_word' id='word_1_393' title='bbox 259 4498 393 4549; x_wconf 83' lang='lat' dir='ltr'>Exierunt</span> <span class='ocrx_word' id='word_1_394' title='bbox 416 4511 485 4562; x_wconf 84' lang='lat' dir='ltr'>crgo</span> <span class='ocrx_word' id='word_1_395' title='bbox 506 4497 540 4547; x_wconf 93' lang='lat' dir='ltr'>de</span> <span class='ocrx_word' id='word_1_396' title='bbox 559 4499 685 4558; x_wconf 82' lang='lat' dir='ltr'>civitate,</span> <span class='ocrx_word' id='word_1_397' title='bbox 700 4504 728 4550; x_wconf 85' lang='lat' dir='ltr'>et</span> <span class='ocrx_word' id='word_1_398' title='bbox 748 4497 899 4548; x_wconf 79' lang='lat' dir='ltr'>veniebant</span> <span class='ocrx_word' id='word_1_399' title='bbox 938 4491 1048 4565; x_wconf 79' lang='grc' dir='ltr'><strong>ἤρχοντο</strong></span> <span class='ocrx_word' id='word_1_400' title='bbox 1062 4495 1122 4565; x_wconf 70' lang='grc' dir='ltr'>πρὸς</span> <span class='ocrx_word' id='word_1_401' title='bbox 1136 4494 1220 4549; x_wconf 81' lang='grc' dir='ltr'><strong>αὗτόν.</strong></span> <span class='ocrx_word' id='word_1_402' title='bbox 1239 4499 1282 4548; x_wconf 81' lang='grc'>31.</span> <span class='ocrx_word' id='word_1_403' title='bbox 1303 4493 1347 4546; x_wconf 86' lang='grc' dir='ltr'>Ἐν</span> <span class='ocrx_word' id='word_1_404' title='bbox 1361 4500 1398 4566; x_wconf 82' lang='grc' dir='ltr'>τῷ</span> <span class='ocrx_word' id='word_1_405' title='bbox 1414 4495 1505 4565; x_wconf 70' lang='lat' dir='ltr'>percit</span> <span class='ocrx_word' id='word_1_406' title='bbox 1518 4494 1587 4566; x_wconf 78' lang='grc' dir='ltr'>ἡρώ-</span> 
     </span>
     <span class='ocr_line' id='line_1_38' title="bbox 259 4583 1584 4655; baseline 0.001 -20"><span class='ocrx_word' id='word_1_407' title='bbox 259 4585 294 4635; x_wconf 77' lang='lat' dir='ltr'>ad</span> <span class='ocrx_word' id='word_1_408' title='bbox 318 4599 393 4637; x_wconf 85' lang='lat' dir='ltr'>eum.</span> <span class='ocrx_word' id='word_1_409' title='bbox 416 4588 458 4637; x_wconf 84' lang='grc'>31.</span> <span class='ocrx_word' id='word_1_410' title='bbox 476 4587 586 4636; x_wconf 84' lang='lat' dir='ltr'>Interea</span> <span class='ocrx_word' id='word_1_411' title='bbox 609 4587 747 4651; x_wconf 81' lang='lat' dir='ltr'>rogabant</span> <span class='ocrx_word' id='word_1_412' title='bbox 770 4598 834 4636; x_wconf 81' lang='lat' dir='ltr'>uum</span> <span class='ocrx_word' id='word_1_413' title='bbox 854 4585 898 4634; x_wconf 91' lang='lat' dir='ltr'>di·</span> <span class='ocrx_word' id='word_1_414' title='bbox 938 4601 988 4635; x_wconf 83' lang='grc' dir='ltr'>των</span> <span class='ocrx_word' id='word_1_415' title='bbox 1012 4583 1086 4637; x_wconf 71' lang='grc' dir='ltr'><strong>αὑτὸν</strong></span> <span class='ocrx_word' id='word_1_416' title='bbox 1112 4583 1136 4637; x_wconf 88' lang='lat' dir='ltr'>ol</span> <span class='ocrx_word' id='word_1_417' title='bbox 1164 4583 1287 4655; x_wconf 79' lang='grc' dir='ltr'><strong>μαθηταὶ,</strong></span> <span class='ocrx_word' id='word_1_418' title='bbox 1308 4583 1440 4654; x_wconf 73' lang='grc' dir='ltr'>λέγοντες,</span> <span class='ocrx_word' id='word_1_419' title='bbox 1470 4583 1584 4647; x_wconf 76' lang='grc' dir='ltr'>Ῥοὸὃεί,</span> 
     </span>
     <span class='ocr_line' id='line_1_39' title="bbox 259 4672 1012 4742; baseline 0.003 -18"><span class='ocrx_word' id='word_1_420' title='bbox 259 4675 368 4737; x_wconf 84' lang='lat' dir='ltr'>scipuli,</span> <span class='ocrx_word' id='word_1_421' title='bbox 385 4676 510 4727; x_wconf 85' lang='lat' dir='ltr'>dicentes</span> <span class='ocrx_word' id='word_1_422' title='bbox 526 4688 532 4722; x_wconf 92' lang='lat'>:</span> <span class='ocrx_word' id='word_1_423' title='bbox 550 4673 652 4735; x_wconf 77' lang='lat' dir='ltr'>Rebbi,</span> <span class='ocrx_word' id='word_1_424' title='bbox 666 4675 814 4725; x_wconf 83' lang='lat' dir='ltr'>manduca.</span> <span class='ocrx_word' id='word_1_425' title='bbox 937 4672 1012 4742; x_wconf 69' lang='grc' dir='ltr'>φάγε.</span> 
     </span>
    </p>

    <p class='ocr_par' dir='ltr' id='par_1_12' title="bbox 260 4758 1586 5012">
     <span class='ocr_line' id='line_1_40' title="bbox 296 4758 1586 4835; baseline 0.003 -24"><span class='ocrx_word' id='word_1_426' title='bbox 296 4762 338 4812; x_wconf 70' lang='grc' dir='ltr'>(λλ.</span> <span class='ocrx_word' id='word_1_427' title='bbox 356 4763 406 4814; x_wconf 92' lang='lat' dir='ltr'>ille</span> <span class='ocrx_word' id='word_1_428' title='bbox 430 4772 523 4815; x_wconf 87' lang='lat' dir='ltr'>autem</span> <span class='ocrx_word' id='word_1_429' title='bbox 547 4763 611 4811; x_wconf 88' lang='lat' dir='ltr'>dicit</span> <span class='ocrx_word' id='word_1_430' title='bbox 634 4766 676 4813; x_wconf 88' lang='lat' dir='ltr'>cis</span> <span class='ocrx_word' id='word_1_431' title='bbox 696 4779 702 4812; x_wconf 93' lang='lat'><strong>:</strong></span> <span class='ocrx_word' id='word_1_432' title='bbox 726 4765 785 4827; x_wconf 83' lang='lat' dir='ltr'>Ego</span> <span class='ocrx_word' id='word_1_433' title='bbox 805 4763 897 4812; x_wconf 89' lang='lat' dir='ltr'>cibum</span> <span class='ocrx_word' id='word_1_434' title='bbox 975 4765 1020 4815; x_wconf 70' lang='grc' dir='ltr'>λλ.</span> <span class='ocrx_word' id='word_1_435' title='bbox 1039 4761 1053 4814; x_wconf 80' lang='lat' dir='ltr'>d</span> <span class='ocrx_word' id='word_1_436' title='bbox 1072 4762 1098 4813; x_wconf 75' lang='lat' dir='ltr'>at</span> <span class='ocrx_word' id='word_1_437' title='bbox 1122 4758 1191 4813; x_wconf 77' lang='grc' dir='ltr'>εἶπεν</span> <span class='ocrx_word' id='word_1_438' title='bbox 1211 4759 1309 4826; x_wconf 61' lang='lat' dir='ltr'>criente,</span> <span class='ocrx_word' id='word_1_439' title='bbox 1333 4760 1403 4833; x_wconf 77' lang='grc' dir='ltr'>Ἐγὼ</span> <span class='ocrx_word' id='word_1_440' title='bbox 1424 4762 1515 4832; x_wconf 82' lang='grc' dir='ltr'><strong>βρῶσιν</strong></span> <span class='ocrx_word' id='word_1_441' title='bbox 1534 4761 1586 4835; x_wconf 73' lang='grc' dir='ltr'>ἔχω</span> 
     </span>
     <span class='ocr_line' id='line_1_41' title="bbox 260 4848 1586 4922; baseline 0.002 -22"><span class='ocrx_word' id='word_1_442' title='bbox 260 4850 350 4902; x_wconf 84' lang='lat' dir='ltr'>habco</span> <span class='ocrx_word' id='word_1_443' title='bbox 366 4854 533 4904; x_wconf 83' lang='lat' dir='ltr'>manducare</span> <span class='ocrx_word' id='word_1_444' title='bbox 547 4864 629 4915; x_wconf 85' lang='lat' dir='ltr'>quem</span> <span class='ocrx_word' id='word_1_445' title='bbox 646 4866 697 4903; x_wconf 87' lang='lat' dir='ltr'>vos</span> <span class='ocrx_word' id='word_1_446' title='bbox 712 4853 835 4904; x_wconf 87' lang='lat' dir='ltr'>nescitis.</span> <span class='ocrx_word' id='word_1_447' title='bbox 853 4851 895 4901; x_wconf 78' lang='lat'>33.</span> <span class='ocrx_word' id='word_1_448' title='bbox 938 4853 1026 4922; x_wconf 66' lang='grc' dir='ltr'>φανεῖν</span> <span class='ocrx_word' id='word_1_449' title='bbox 1049 4853 1080 4917; x_wconf 79' lang='grc' dir='ltr'>ἢν</span> <span class='ocrx_word' id='word_1_450' title='bbox 1099 4848 1169 4921; x_wconf 71' lang='grc' dir='ltr'>ὑμεῖς</span> <span class='ocrx_word' id='word_1_451' title='bbox 1187 4848 1232 4902; x_wconf 79' lang='grc' dir='ltr'>οὗν</span> <span class='ocrx_word' id='word_1_452' title='bbox 1250 4849 1345 4904; x_wconf 73' lang='grc' dir='ltr'>οἴδατε.</span> <span class='ocrx_word' id='word_1_453' title='bbox 1367 4855 1412 4905; x_wconf 80' lang='grc'>33.</span> <span class='ocrx_word' id='word_1_454' title='bbox 1434 4851 1522 4921; x_wconf 75' lang='grc' dir='ltr'>ἔλεγον</span> <span class='ocrx_word' id='word_1_455' title='bbox 1541 4848 1586 4904; x_wconf 74' lang='grc' dir='ltr'>οὖν</span> 
     </span>
     <span class='ocr_line' id='line_1_42' title="bbox 260 4930 1585 5012; baseline 0.003 -22"><span class='ocrx_word' id='word_1_456' title='bbox 260 4930 395 4992; x_wconf 70' lang='lat' dir='ltr'>Dicebant</span> <span class='ocrx_word' id='word_1_457' title='bbox 428 4955 497 5007; x_wconf 82' lang='lat' dir='ltr'>ergo</span> <span class='ocrx_word' id='word_1_458' title='bbox 523 4941 650 5004; x_wconf 88' lang='lat' dir='ltr'>discipuli</span> <span class='ocrx_word' id='word_1_459' title='bbox 676 4942 711 4992; x_wconf 81' lang='lat' dir='ltr'>ad</span> <span class='ocrx_word' id='word_1_460' title='bbox 744 4942 862 4991; x_wconf 78' lang='lat' dir='ltr'>invicem</span> <span class='ocrx_word' id='word_1_461' title='bbox 890 4953 896 4990; x_wconf 91' lang='lat'>:</span> <span class='ocrx_word' id='word_1_462' title='bbox 939 4939 963 4990; x_wconf 91' lang='lat' dir='ltr'>ol</span> <span class='ocrx_word' id='word_1_463' title='bbox 990 4937 1100 5010; x_wconf 76' lang='grc' dir='ltr'><strong>μαθηταὶ</strong></span> <span class='ocrx_word' id='word_1_464' title='bbox 1126 4940 1182 5008; x_wconf 57' lang='lat' dir='ltr'>apic</span> <span class='ocrx_word' id='word_1_465' title='bbox 1207 4937 1349 5007; x_wconf 66' lang='grc' dir='ltr'>ἀλλήλους,</span> <span class='ocrx_word' id='word_1_466' title='bbox 1373 4938 1455 5005; x_wconf 76' lang='grc' dir='ltr'>Μήτις</span> <span class='ocrx_word' id='word_1_467' title='bbox 1481 4939 1585 5012; x_wconf 72' lang='grc' dir='ltr'>ἤνεγκεν</span> 
     </span>
    </p>
   </div>
   <div class='ocr_carea' id='block_1_11' title="bbox 0 0 2030 5648">
    <p class='ocr_par' dir='ltr' id='par_1_13' title="bbox 0 0 2030 5648">
     <span class='ocr_line' id='line_1_43' title="bbox 0 0 2030 5648; baseline 0 0"><span class='ocrx_word' id='word_1_468' title='bbox 0 0 2030 5648; x_wconf 95' lang='lat' dir='ltr'> </span> 
     </span>
    </p>
   </div>
  </div>
 </body>
</html>
