4050 5648
304 710 551 803 Redemptoris;
583 707 651 770 iam
680 705 754 772 talis
786 715 925 777 venerat
942 715 976 776 et
1000 702 1181 770 videbatur
1201 710 1234 771 et
1256 702 1468 774 tolerabatur
1490 705 1626 795 (Auo).

196 836 214 871 μ’
304 818 495 886 Praemittit
508 819 623 880 autem
641 810 677 877 id
698 816 924 903 evangelista,
942 820 979 880 ut
1002 808 1125 877 Christi
1140 807 1331 878 dilectionis
1355 810 1629 900 magnitudinem

304 932 338 991 et
353 919 553 992 humilitatis
574 919 840 1008 profunditatem
861 914 1077 988 commendet
1093 918 1154 1007 qui
1177 924 1211 985 et
1226 919 1298 986 cius
1313 915 1373 1005 qui
1399 917 1469 984 iam
1491 920 1628 987 tradere

306 1028 503 1102 decreverat
517 1025 620 1114 pedes
629 1025 744 1095 lavare
764 1050 829 1094 nou
850 1023 1015 1094 recusarit
1034 1021 1145 1112 (Tol).

341 1119 399 1200 vbd
414 1131 524 1221 operis
535 1136 777 1221 praestantiam
788 1131 994 1200 efferendam
1008 1127 1104 1197 addit
1116 1131 1262 1200 alterum
1275 1129 1505 1217 evangelista:
1524 1155 1633 1223 quan·

302 1246 356 1305 tus
379 1241 413 1303 et
438 1238 548 1327 qualis
569 1240 612 1307 sit
631 1241 661 1306 is
680 1240 740 1328 qui
761 1260 829 1304 nou
848 1238 892 1303 sit
908 1235 1112 1322 dedignatus
1127 1236 1231 1306 talem
1251 1237 1397 1324 aggredi
1418 1257 1491 1303 rem
1518 1237 1629 1328 (Chr.)

74 1338 114 1404 Γ
204 1400 207 1404 Γ
301 1367 333 1410 v·
350 1351 369 1411 3
394 1344 510 1413 Μέθης
523 1347 608 1436 quia
624 1344 739 1411 omma
761 1340 898 1409 dedicet
919 1343 1074 1410 Peterin
1088 1364 1210 1410 marem
1229 1365 1241 1407 .·
1260 1342 1340 1409 data
1355 1354 1404 1411 est
1419 1342 1506 1410 mihi
1521 1345 1631 1412 omnis

303 1456 452 1539 potestas
465 1451 503 1520 in
519 1453 615 1520 coelo
634 1457 668 1517 et
684 1451 720 1515 in
742 1455 833 1516 terra
852 1450 978 1538 (llattb.
998 1451 1114 1539 aaut)
1135 1463 1169 1516 et
1183 1449 1267 1539 quia
1285 1471 1307 1514 o
1329 1452 1397 1516 Deo
1419 1449 1526 1517 exivit
1546 1450 1570 1517 i.
1597 1472 1628 1516 e.

65 1526 69 1535 '
105 1524 199 1664 ἲῖΓμ
222 1542 225 1547 ’
283 1561 440 1626 'apatre
455 1559 591 1647 genitus
604 1558 640 1622 iu
661 1555 828 1621 mundum
851 1557 947 1623 venit
961 1580 1024 1646 per
1043 1556 1313 1623 lucarnationem
1333 1556 1390 1643 (ci.
1415 1563 1509 1639 l,1l;
1531 1563 1627 1641 3,31;

300 1664 394 1753 SM)
413 1678 446 1733 ct
462 1664 510 1731 ad
521 1667 630 1729 Deum
643 1661 738 1728 eadit
748 1661 819 1728 scil.
840 1669 878 1730 ut
891 1662 1006 1730 sedeat
1017 1663 1061 1729 ad
1076 1661 1249 1729 dexteram
1266 1662 1452 1729 maiestatis
1466 1663 1502 1728 in
1520 1663 1629 1731 excel-

299 1770 345 1837 sis
363 1771 480 1861 (liebr.
500 1771 578 1857 1,3),
602 1775 635 1834 et
653 1767 862 1835 clarificetur
878 1769 970 1859 apud
986 1773 1119 1834 Patrem
1137 1768 1289 1835 claritate
1308 1790 1412 1858 quam
1432 1769 1556 1836 habuit
1570 1790 1630 1836 an·

287 1883 440 1968 'tequam
456 1874 605 1942 mundus
624 1880 709 1942 esset
723 1874 830 1962 (17,5)
851 1897 859 1939 :
877 1875 961 1941 haec
975 1874 1092 1941 omnia
1105 1875 1213 1941 serens
1229 1875 1253 1941 i.
1269 1899 1299 1942 e.
1321 1896 1534 1966 quamquam
1549 1897 1631 1943 suae

299 1983 489 2076 potestatis,
511 1980 698 2049 divinitatis
719 1988 751 2048 et
773 1981 941 2048 maximae
961 1980 1172 2048 exaltationis
1193 2003 1273 2049 suae
1292 1982 1464 2048 humanae
1487 1985 1630 2050 naturae

299 2089 367 2158 sibi
380 2089 526 2157 maxime
538 2088 690 2155 conscius
705 2092 789 2169 crat,
806 2091 921 2153 tamen
937 2108 1032 2153 more
1048 2088 1136 2154 servi
1150 2087 1378 2154 ministerium
1394 2088 1516 2155 servile
1532 2087 1630 2156 exhi-

298 2196 375 2265 buit
389 2197 473 2277 suis,
489 2193 579 2262 inter
593 2215 678 2284 quos
690 2198 762 2260 erat
784 2192 949 2282 proditor.
968 2196 1017 2260 lta
1034 2195 1112 2284 Cyr.
1136 2203 1230 2262 καίτοι
1243 2197 1301 2283 γὰρ
1318 2200 1371 2262 οὖν.
1392 2197 1549 2282 ἠγνοηκώς
1563 2199 1627 2262 ete.

299 2304 386 2392 (sim.
404 2305 496 2391 Any.
513 2304 602 2368 loos.
622 2303 702 2366 Bar.
727 2300 816 2368 Corl.
840 2299 966 2385 Selia).
982 2305 1171 2368 Locuturus
1183 2300 1312 2390 quippe
1328 2300 1370 2367 de
1387 2307 1483 2370 tanta
1496 2301 1629 2369 Domini

298 2408 492 2477 bumilitate
515 2407 609 2498 prius
635 2406 872 2473 celsitudinem
903 2406 975 2473 cius
1007 2407 1113 2473 voluit
1141 2407 1386 2475 commendare
1417 2408 1628 2495 evangelista

200 2504 203 2509 ’
299 2512 1385 2607 (Auq.);aliiinillistribuseeruuutcausasimpellentes(Tol.
1405 2514 1521 2605 Lep).
1542 2519 1630 2582 llaec

49 5178 241 5326 Ἀ

300 2621 446 2690 maxime
458 2620 607 2708 insignia
615 2641 820 2687 enumerans
828 2620 1039 2707 evangelista
1052 2642 1113 2686 nos
1126 2622 1395 2710 provocarevult
1404 2629 1441 2686 ut
1449 2621 1630 2708 magisad·

299 2728 466 2808 miremur
481 2726 651 2794 Christum
671 2727 774 2815 pedes
789 2725 1035 2816 discipulorum
1053 2726 1173 2792 famuli
1189 2729 1296 2793 instar
1309 2726 1526 2809 abluentem,
1544 2733 1579 2794 et
1591 2734 1630 2824 ut

298 2834 371 2902 eius
389 2832 583 2923 exemplum
598 2839 631 2898 et
645 2832 800 2899 doctriua
815 2832 1030 2898 demissionis
1049 2831 1157 2899 animi
1177 2832 1278 2899 altius
1294 2832 1418 2899 animis
1437 2833 1627 2900 inhaereat.

298 2945 407 3019 Quare
414 2938 552 3026 singula
562 2959 767 3005 enumerans
780 2944 886 3005 totam
895 2938 1064 3005 actionem
1072 2937 1283 3028 oculisquasi
1292 2939 1631 3028 spectandamsubii.

299 3047 386 3114 eitv.
402 3053 421 3113 t
438 3057 577 3135 surpite
588 3067 694 3112 coena
706 3057 739 3112 ct
750 3044 849 3134 ponit
860 3045 1060 3111 vestimento
1075 3067 1136 3111 sira
1147 3045 1169 3111 i.
1187 3066 1216 3111 e.
1235 3045 1400 3113 amictum
1416 3046 1628 3134 superiorem

303 3141 403 3240 (baum)
420 3160 453 3220 et
464 3151 605 3242 pallium
622 3151 740 3252 (flssssb'ls
754 3151 777 3217 i.
790 3173 820 3217 e.
834 3173 874 3218 ea
885 3152 1086 3218 vestimenta
1097 3175 1184 3241 quae
1198 3157 1331 3218 retenta
1341 3153 1459 3218 tunica
1469 3153 1629 3220 interiore

302 3259 408 3360 (opha)
427 3258 553 3348 deponi
574 3263 749 3348 poterant,
769 3270 800 3324 ct
826 3280 903 3323 cum
924 3258 1108 3348 accepisset
1126 3257 1271 3324 linteum
1289 3258 1491 3348 praecinuit
1512 3282 1547 3326 se
1560 3267 1628 3328 ab

302 3353 426 3432 danae
440 3364 546 3431 mittit
564 3386 692 3454 aqrcam
712 3364 748 3430 in
764 3363 915 3455 pelvim·
935 3364 1034 3431 facile
1059 3364 1230 3454 concipies
1250 3373 1381 3455 quanta
1399 3366 1629 3433 admiratione

299 3470 462 3560 discipuli
472 3471 610 3557 singula
627 3470 814 3561 spectarint
832 3492 947 3537 secum
969 3470 1185 3558 cogitantes:
1210 3472 1296 3561 quid
1322 3472 1405 3538 haec
1424 3471 1491 3538 sibi
1506 3472 1625 3540 velint.

299 3584 390 3646 Bene
404 3577 564 3668 expendit
588 3574 664 3644 cir.
679 3599 691 3641 .·
711 3607 725 3638 a
749 3576 825 3643 vide
841 3577 1015 3665 quomodo
1032 3599 1100 3643 uon
1120 3576 1270 3645 lavando
1284 3577 1413 3657 solum,
1431 3578 1492 3644 sed
1514 3578 1629 3645 etalio

301 3706 440 3774 quoque
456 3682 558 3750 modo
572 3683 797 3750 humilitatem
814 3682 990 3765 exhibeat,
1009 3705 1077 3749 non
1095 3684 1188 3750 enim
1200 3688 1384 3773 autequam
1399 3684 1628 3768 recumberet,

300 3790 360 3859 sed
381 3797 563 3880 postquam
583 3811 700 3857 omnes
721 3789 966 3869 recubuerunt,
996 3795 1076 3856 tunc
1100 3790 1261 3869 surrexit;
1279 3789 1403 3858 deinde
1425 3814 1496 3859 non
1519 3792 1628 3859 solum

303 3897 407 3981 lavat,
429 3896 486 3963 sed
507 3897 622 3985 positis
645 3897 810 3977 vestibus3
837 3918 948 3985 neque
969 3897 1021 3962 his
1041 3902 1220 3963 contentus
1235 3896 1341 3963 linteo
1357 3919 1391 3963 se
1417 3897 1626 3989 praecingit;

303 4025 415 4094 neque
430 4002 468 4069 id
482 4003 563 4070 satis
579 4003 711 4083 habuit,
735 4003 793 4068 sed
816 4004 887 4093 ipse
902 4002 1028 4091 pelvim
1053 4002 1221 4093 implevit,
1239 4024 1350 4092 neque
1365 4004 1464 4071 alteri
1479 4004 1629 4095 impleu-

305 4109 386 4177 dam
398 4108 552 4190 tradidit,
568 4110 627 4176 sed
645 4110 858 4177 haecomnia
873 4109 1039 4197 ipsefacit
1056 4137 1084 4174 ».

351 4221 388 4283 ln
409 4220 481 4283 tota
502 4215 696 4283 narratione
714 4216 914 4306 simplicitas
937 4214 998 4281 illa
1010 4214 1129 4281 loanni
1143 4216 1281 4305 propria
1301 4223 1335 4283 et
1354 4218 1505 4284 veritatis
1526 4217 1628 4285 iudex

306 4323 493 4391 certissima
517 4322 674 4413 splendet
699 4324 841 4412 (Pata),
873 4336 905 4389 et
929 4323 1036 4411 coepit
1060 4321 1175 4388 lavore
1194 4322 1299 4412 pedes
1323 4321 1574 4414 discipulorum
1596 4338 1629 4391 ct

306 4444 480 4521 extergere
496 4429 600 4496 linteo
616 4452 683 4519 quo
692 4444 763 4496 erat
773 4430 991 4519 praecinctus
997 4451 1011 4514 ,·
1025 4451 1057 4494 v.
1076 4436 1095 4495 6
1113 4429 1297 4519 venitcrpo
1311 4429 1360 4496 od
1375 4430 1549 4497 Simonem
1564 4434 1628 4498 Pe·

307 4550 419 4622 trum,·
429 4540 514 4605 haec
528 4537 633 4603 verba
645 4536 744 4602 aliter
758 4537 802 4603 ab
816 4535 1156 4623 aliisiutelliguntur3
1171 4536 1229 4602 alii
1245 4537 1336 4603 enim
1349 4539 1395 4604 ita
1410 4537 1626 4628 concipiunt,

307 4651 345 4711 ut
361 4667 465 4711 nona
484 4650 580 4711 Petro
596 4643 734 4710 lavandi
749 4643 884 4711 initium
900 4643 1028 4732 ceperit
1045 4644 1117 4732 (Or.
1145 4644 1222 4710 Chr.
1239 4645 1340 4710 Barla.
1360 4643 1505 4734 Theoph.
1520 4645 1624 4711 Eutt.

309 4750 380 4817 Tot.
404 4752 543 4840 Weiss);
566 4751 641 4831 alii,
666 4758 703 4817 ut
722 4753 964 4840 exprimatura
986 4753 1083 4817 Petro
1106 4772 1184 4818 eum
1204 4750 1369 4839 incepisse
1387 4750 1492 4840 (Auq.
1511 4754 1625 4818 Nono.

307 4854 391 4923 Bed.
405 4860 493 4949 liup.
512 4862 595 4926 Bon.
617 4856 691 4925 eci.
710 4856 817 4925 Salui.
837 4856 943 4924 Mald.
968 4859 1057 4924 lons.
1081 4861 1158 4925 Bor.
1177 4861 1260 4948 Lep.
1289 4856 1379 4925 Corl.
1400 4857 1505 4948 Schq.
1527 4857 1625 4926 Schz.

304 4962 408 5052 Fit.);
427 4991 443 5025 «
459 4966 688 5054 quandoergo
703 4963 804 5053 pedes
816 4964 1060 5056 discipulorum
1071 4965 1186 5032 lavare
1197 4963 1320 5055 coepit,
1332 4964 1480 5033 venitad
1490 4971 1625 5033 Petrum
