<?xml version="1.0" encoding="UTF-8"?>
<!DOCTYPE html PUBLIC "-//W3C//DTD XHTML 1.0 Transitional//EN"
    "http://www.w3.org/TR/xhtml1/DTD/xhtml1-transitional.dtd">
<html xmlns="http://www.w3.org/1999/xhtml" xml:lang="en" lang="en">
 <head>
  <title>
</title>
<meta http-equiv="Content-Type" content="text/html;charset=utf-8" />
  <meta name='ocr-system' content='tesseract 3.04.00' />
  <meta name='ocr-capabilities' content='ocr_page ocr_carea ocr_par ocr_line ocrx_word'/>
</head>
<body>
  <div class='ocr_page' id='page_1' title='image "./commentariusinq00knabgoog_0421.png"; bbox 0 0 4050 5648; ppageno 0'>
   <div class='ocr_carea' id='block_1_1' title="bbox 820 467 1085 541">
    <p class='ocr_par' dir='ltr' id='par_1_1' title="bbox 820 467 1085 541">
     <span class='ocr_line' id='line_1_1' title="bbox 820 467 1085 541; baseline 0.004 -17"><span class='ocrx_word' id='word_1_1' title='bbox 820 480 904 527; x_wconf 78' lang='lat' dir='ltr'><strong>rosa.</strong></span> <span class='ocrx_word' id='word_1_2' title='bbox 928 467 1085 541; x_wconf 59' lang='grc'><strong>131341.</strong></span> 
     </span>
    </p>
   </div>
   <div class='ocr_carea' id='block_1_2' title="bbox 119 610 1613 1241">
    <p class='ocr_par' dir='ltr' id='par_1_2' title="bbox 119 610 1613 1241">
     <span class='ocr_line' id='line_1_2' title="bbox 130 610 1610 709; baseline 0.001 -27"><span class='ocrx_word' id='word_1_3' title='bbox 130 674 137 709; x_wconf 90' lang='lat'><strong>·.</strong></span> <span class='ocrx_word' id='word_1_4' title='bbox 142 610 168 691; x_wconf 71' lang='lat'>&#39;&#39;⁵1&#39;&#39;</span> <span class='ocrx_word' id='word_1_5' title='bbox 175 632 193 678; x_wconf 66' lang='grc' dir='ltr'><em>ἢ</em></span> <span class='ocrx_word' id='word_1_6' title='bbox 290 613 467 688; x_wconf 73' lang='lat' dir='ltr'><strong>auditores</strong></span> <span class='ocrx_word' id='word_1_7' title='bbox 477 640 557 689; x_wconf 88' lang='lat' dir='ltr'><strong>suos</strong></span> <span class='ocrx_word' id='word_1_8' title='bbox 568 618 684 683; x_wconf 85' lang='lat' dir='ltr'><strong>orator</strong></span> <span class='ocrx_word' id='word_1_9' title='bbox 695 614 825 699; x_wconf 83' lang='lat' dir='ltr'><strong>gratiae</strong></span> <span class='ocrx_word' id='word_1_10' title='bbox 837 623 871 684; x_wconf 92' lang='lat' dir='ltr'><strong>et</strong></span> <span class='ocrx_word' id='word_1_11' title='bbox 883 616 1049 696; x_wconf 85' lang='lat' dir='ltr'><strong>veritatis;</strong></span> <span class='ocrx_word' id='word_1_12' title='bbox 1065 613 1265 702; x_wconf 82' lang='lat' dir='ltr'><strong>interrogati</strong></span> <span class='ocrx_word' id='word_1_13' title='bbox 1278 636 1426 705; x_wconf 87' lang='lat' dir='ltr'><strong>namque</strong></span> <span class='ocrx_word' id='word_1_14' title='bbox 1440 616 1535 709; x_wconf 88' lang='lat' dir='ltr'><strong>quod</strong></span> <span class='ocrx_word' id='word_1_15' title='bbox 1552 639 1610 684; x_wconf 91' lang='lat' dir='ltr'><strong>ne-</strong></span> 
     </span>
     <span class='ocr_line' id='line_1_3' title="bbox 119 716 1610 816; baseline 0 -25"><span class='ocrx_word' id='word_1_16' title='bbox 119 716 135 747; x_wconf 69' lang='grc'><strong>’“</strong></span> <span class='ocrx_word' id='word_1_17' title='bbox 292 724 434 808; x_wconf 88' lang='lat' dir='ltr'><strong>seimus,</strong></span> <span class='ocrx_word' id='word_1_18' title='bbox 450 720 610 794; x_wconf 86' lang='lat' dir='ltr'><strong>attentius</strong></span> <span class='ocrx_word' id='word_1_19' title='bbox 624 719 724 809; x_wconf 82' lang='lat' dir='ltr'><strong>quasi</strong></span> <span class='ocrx_word' id='word_1_20' title='bbox 736 722 1013 814; x_wconf 91' lang='lat' dir='ltr'><strong>manupulsantis</strong></span> <span class='ocrx_word' id='word_1_21' title='bbox 1023 718 1158 787; x_wconf 86' lang='lat' dir='ltr'><strong>excitati</strong></span> <span class='ocrx_word' id='word_1_22' title='bbox 1170 721 1290 788; x_wconf 87' lang='lat' dir='ltr'><strong>audire</strong></span> <span class='ocrx_word' id='word_1_23' title='bbox 1303 720 1450 793; x_wconf 89' lang='lat' dir='ltr'><strong>solemus</strong></span> <span class='ocrx_word' id='word_1_24' title='bbox 1465 756 1479 785; x_wconf 88' lang='lat'>»</span> <span class='ocrx_word' id='word_1_25' title='bbox 1495 723 1610 816; x_wconf 81' lang='lat' dir='ltr'><strong>(Rup.)</strong></span> 
     </span>
     <span class='ocr_line' id='line_1_4' title="bbox 288 824 1612 920; baseline -0.002 -23"><span class='ocrx_word' id='word_1_26' title='bbox 288 832 314 900; x_wconf 91' lang='lat' dir='ltr'><strong>i.</strong></span> <span class='ocrx_word' id='word_1_27' title='bbox 333 855 363 901; x_wconf 93' lang='lat' dir='ltr'><strong>e.</strong></span> <span class='ocrx_word' id='word_1_28' title='bbox 380 824 641 918; x_wconf 82' lang='lat' dir='ltr'><strong>cognoscitisne,</strong></span> <span class='ocrx_word' id='word_1_29' title='bbox 656 826 890 917; x_wconf 79' lang='lat' dir='ltr'><strong>intelligitisne</strong></span> <span class='ocrx_word' id='word_1_30' title='bbox 900 827 982 920; x_wconf 92' lang='lat' dir='ltr'><strong>quid</strong></span> <span class='ocrx_word' id='word_1_31' title='bbox 995 827 1061 892; x_wconf 92' lang='lat' dir='ltr'><strong>boc</strong></span> <span class='ocrx_word' id='word_1_32' title='bbox 1069 824 1133 893; x_wconf 90' lang='lat' dir='ltr'><strong>sibi</strong></span> <span class='ocrx_word' id='word_1_33' title='bbox 1140 827 1223 895; x_wconf 88' lang='lat' dir='ltr'><strong>velit</strong></span> <span class='ocrx_word' id='word_1_34' title='bbox 1235 826 1330 918; x_wconf 89' lang='lat' dir='ltr'><strong>quod</strong></span> <span class='ocrx_word' id='word_1_35' title='bbox 1342 827 1481 898; x_wconf 79' lang='lat' dir='ltr'><strong>fecerim</strong></span> <span class='ocrx_word' id='word_1_36' title='bbox 1492 829 1612 899; x_wconf 77' lang='lat' dir='ltr'><strong>vobis?</strong></span> 
     </span>
     <span class='ocr_line' id='line_1_5' title="bbox 287 931 1613 1024; baseline 0.002 -20"><span class='ocrx_word' id='word_1_37' title='bbox 287 962 322 1007; x_wconf 89' lang='lat' dir='ltr'><strong>v.</strong></span> <span class='ocrx_word' id='word_1_38' title='bbox 343 944 384 1006; x_wconf 81' lang='lat'><strong>13</strong></span> <span class='ocrx_word' id='word_1_39' title='bbox 401 956 460 1002; x_wconf 86' lang='lat' dir='ltr'><strong>uos</strong></span> <span class='ocrx_word' id='word_1_40' title='bbox 474 931 603 1011; x_wconf 83' lang='lat' dir='ltr'><strong>vocatis</strong></span> <span class='ocrx_word' id='word_1_41' title='bbox 617 956 671 1003; x_wconf 85' lang='lat' dir='ltr'><strong>me</strong></span> <span class='ocrx_word' id='word_1_42' title='bbox 685 935 850 1024; x_wconf 77' lang='lat' dir='ltr'><strong>Moqister</strong></span> <span class='ocrx_word' id='word_1_43' title='bbox 865 949 899 1003; x_wconf 83' lang='lat' dir='ltr'><strong>et</strong></span> <span class='ocrx_word' id='word_1_44' title='bbox 917 931 1074 1015; x_wconf 82' lang='lat' dir='ltr'><em>Domine,</em></span> <span class='ocrx_word' id='word_1_45' title='bbox 1091 945 1121 1000; x_wconf 86' lang='lat' dir='ltr'><strong>et</strong></span> <span class='ocrx_word' id='word_1_46' title='bbox 1136 937 1217 1002; x_wconf 83' lang='lat' dir='ltr'><strong>bene</strong></span> <span class='ocrx_word' id='word_1_47' title='bbox 1231 934 1343 1001; x_wconf 81' lang='lat' dir='ltr'><strong>dicitis</strong></span> <span class='ocrx_word' id='word_1_48' title='bbox 1350 954 1365 1016; x_wconf 90' lang='lat'><strong>,·</strong></span> <span class='ocrx_word' id='word_1_49' title='bbox 1378 956 1453 1000; x_wconf 88' lang='lat' dir='ltr'><strong>sum</strong></span> <span class='ocrx_word' id='word_1_50' title='bbox 1468 939 1593 1006; x_wconf 80' lang='lat' dir='ltr'><strong>etenim</strong></span> <span class='ocrx_word' id='word_1_51' title='bbox 1599 956 1613 1020; x_wconf 91' lang='lat'><em>;</em></span> 
     </span>
     <span class='ocr_line' id='line_1_6' title="bbox 295 1038 1613 1133; baseline 0.002 -22"><span class='ocrx_word' id='word_1_52' title='bbox 295 1066 329 1112; x_wconf 91' lang='lat' dir='ltr'><strong>v.</strong></span> <span class='ocrx_word' id='word_1_53' title='bbox 350 1039 432 1111; x_wconf 74' lang='lat' dir='ltr'><strong>aasz·</strong></span> <span class='ocrx_word' id='word_1_54' title='bbox 444 1061 523 1131; x_wconf 78' lang='lat' dir='ltr'><strong>erqo</strong></span> <span class='ocrx_word' id='word_1_55' title='bbox 536 1061 597 1131; x_wconf 77' lang='lat' dir='ltr'><strong>eqo</strong></span> <span class='ocrx_word' id='word_1_56' title='bbox 612 1040 684 1109; x_wconf 84' lang='lat' dir='ltr'><strong>lovi</strong></span> <span class='ocrx_word' id='word_1_57' title='bbox 694 1040 795 1133; x_wconf 84' lang='lat' dir='ltr'><strong>pedes</strong></span> <span class='ocrx_word' id='word_1_58' title='bbox 806 1055 944 1124; x_wconf 83' lang='lat' dir='ltr'><strong>uestros,</strong></span> <span class='ocrx_word' id='word_1_59' title='bbox 959 1038 1123 1106; x_wconf 80' lang='lat' dir='ltr'><strong><em>Dominus</em></strong></span> <span class='ocrx_word' id='word_1_60' title='bbox 1135 1054 1168 1108; x_wconf 83' lang='lat' dir='ltr'><strong>ee</strong></span> <span class='ocrx_word' id='word_1_61' title='bbox 1180 1042 1358 1129; x_wconf 76' lang='lat' dir='ltr'><strong>Maqister,</strong></span> <span class='ocrx_word' id='word_1_62' title='bbox 1374 1052 1406 1107; x_wconf 85' lang='lat' dir='ltr'><strong>ot</strong></span> <span class='ocrx_word' id='word_1_63' title='bbox 1419 1063 1476 1107; x_wconf 86' lang='lat' dir='ltr'><strong>vos</strong></span> <span class='ocrx_word' id='word_1_64' title='bbox 1489 1043 1613 1112; x_wconf 79' lang='lat' dir='ltr'><strong>debetis</strong></span> 
     </span>
     <span class='ocr_line' id='line_1_7' title="bbox 293 1144 1613 1241; baseline 0.002 -24"><span class='ocrx_word' id='word_1_65' title='bbox 293 1147 382 1217; x_wconf 80' lang='lat' dir='ltr'><strong>alter</strong></span> <span class='ocrx_word' id='word_1_66' title='bbox 391 1145 535 1214; x_wconf 82' lang='lat' dir='ltr'><strong>alterius</strong></span> <span class='ocrx_word' id='word_1_67' title='bbox 549 1147 664 1216; x_wconf 84' lang='lat' dir='ltr'><strong>lavore</strong></span> <span class='ocrx_word' id='word_1_68' title='bbox 668 1146 774 1238; x_wconf 83' lang='lat' dir='ltr'><strong>pedes</strong></span> <span class='ocrx_word' id='word_1_69' title='bbox 779 1167 795 1232; x_wconf 88' lang='lat'><strong>,·</strong></span> <span class='ocrx_word' id='word_1_70' title='bbox 814 1173 830 1206; x_wconf 71' lang='grc' dir='ltr'><strong>ι(</strong></span> <span class='ocrx_word' id='word_1_71' title='bbox 846 1168 906 1212; x_wconf 91' lang='lat' dir='ltr'><strong>suo</strong></span> <span class='ocrx_word' id='word_1_72' title='bbox 921 1144 1075 1235; x_wconf 82' lang='lat' dir='ltr'><strong>exemplo</strong></span> <span class='ocrx_word' id='word_1_73' title='bbox 1090 1147 1234 1214; x_wconf 87' lang='lat' dir='ltr'><strong>humiles</strong></span> <span class='ocrx_word' id='word_1_74' title='bbox 1250 1168 1321 1214; x_wconf 91' lang='lat' dir='ltr'><strong>esse</strong></span> <span class='ocrx_word' id='word_1_75' title='bbox 1336 1149 1445 1229; x_wconf 88' lang='lat' dir='ltr'><strong>docet,</strong></span> <span class='ocrx_word' id='word_1_76' title='bbox 1465 1150 1525 1216; x_wconf 90' lang='lat' dir='ltr'><strong>sed</strong></span> <span class='ocrx_word' id='word_1_77' title='bbox 1539 1174 1613 1241; x_wconf 90' lang='lat' dir='ltr'><strong>spe·</strong></span> 
     </span>
    </p>
   </div>
   <div class='ocr_carea' id='block_1_3' title="bbox 69 1250 1615 1771">
    <p class='ocr_par' dir='ltr' id='par_1_3' title="bbox 58 1234 1615 1781">
     <span class='ocr_line' id='line_1_8' title="bbox 183 1250 1613 1346; baseline 0.002 -25.761"><span class='ocrx_word' id='word_1_78' title='bbox 183 1271 191 1332; x_wconf 52' lang='lat' dir='ltr'>Q</span> <span class='ocrx_word' id='word_1_79' title='bbox 289 1253 388 1329; x_wconf 71' lang='lat' dir='ltr'><strong>‚ciem</strong></span> <span class='ocrx_word' id='word_1_80' title='bbox 398 1253 567 1346; x_wconf 87' lang='lat' dir='ltr'><strong>ponitpro</strong></span> <span class='ocrx_word' id='word_1_81' title='bbox 579 1275 723 1342; x_wconf 79' lang='lat' dir='ltr'><strong>genere3</strong></span> <span class='ocrx_word' id='word_1_82' title='bbox 734 1272 815 1319; x_wconf 89' lang='lat' dir='ltr'><strong>nam</strong></span> <span class='ocrx_word' id='word_1_83' title='bbox 823 1272 885 1334; x_wconf 85' lang='lat' dir='ltr'><strong>per</strong></span> <span class='ocrx_word' id='word_1_84' title='bbox 895 1250 1059 1319; x_wconf 89' lang='lat' dir='ltr'><strong>lotionem</strong></span> <span class='ocrx_word' id='word_1_85' title='bbox 1069 1253 1214 1343; x_wconf 92' lang='lat' dir='ltr'><strong>pedum,</strong></span> <span class='ocrx_word' id='word_1_86' title='bbox 1234 1254 1495 1341; x_wconf 92' lang='lat' dir='ltr'><strong>quodomnium</strong></span> <span class='ocrx_word' id='word_1_87' title='bbox 1511 1257 1613 1324; x_wconf 90' lang='lat' dir='ltr'><strong>mini-</strong></span> 
     </span>
     <span class='ocr_line' id='line_1_9' title="bbox 79 1352 1614 1450; baseline 0.002 -22.981"><span class='ocrx_word' id='word_1_88' title='bbox 79 1380 115 1436; x_wconf 54' lang='lat' dir='ltr'><strong>*a</strong></span> <span class='ocrx_word' id='word_1_89' title='bbox 131 1356 186 1453; x_wconf 65' lang='grc' dir='ltr'><em>ῖξξῑ.</em></span> <span class='ocrx_word' id='word_1_90' title='bbox 204 1352 207 1357; x_wconf 66' lang='grc'><strong>’</strong></span> <span class='ocrx_word' id='word_1_91' title='bbox 284 1359 478 1432; x_wconf 79' lang='lat' dir='ltr'><strong>,steriorum</strong></span> <span class='ocrx_word' id='word_1_92' title='bbox 490 1360 722 1429; x_wconf 91' lang='lat' dir='ltr'><strong>humillimum</strong></span> <span class='ocrx_word' id='word_1_93' title='bbox 736 1363 801 1438; x_wconf 88' lang='lat' dir='ltr'><strong>est,</strong></span> <span class='ocrx_word' id='word_1_94' title='bbox 815 1358 930 1427; x_wconf 89' lang='lat' dir='ltr'><strong>omnia</strong></span> <span class='ocrx_word' id='word_1_95' title='bbox 941 1360 1113 1450; x_wconf 84' lang='lat' dir='ltr'><strong>exempla,</strong></span> <span class='ocrx_word' id='word_1_96' title='bbox 1123 1359 1436 1429; x_wconf 88' lang='lat' dir='ltr'><strong>omniaministeria</strong></span> <span class='ocrx_word' id='word_1_97' title='bbox 1450 1361 1614 1450; x_wconf 74' lang='lat' dir='ltr'><strong>intelligit</strong></span> 
     </span>
     <span class='ocr_line' id='line_1_10' title="bbox 69 1448 1614 1558; baseline 0 -25"><span class='ocrx_word' id='word_1_98' title='bbox 69 1448 138 1555; x_wconf 37' lang='grc' dir='ltr'><strong>Ἦ,</strong></span> <span class='ocrx_word' id='word_1_99' title='bbox 228 1465 233 1473; x_wconf 86' lang='grc'><strong>’</strong></span> <span class='ocrx_word' id='word_1_100' title='bbox 296 1466 534 1542; x_wconf 74' lang='lat' dir='ltr'><strong>humilitatis»</strong></span> <span class='ocrx_word' id='word_1_101' title='bbox 549 1463 700 1558; x_wconf 71' lang='lat' dir='ltr'><strong>(Mala).</strong></span> <span class='ocrx_word' id='word_1_102' title='bbox 719 1463 855 1553; x_wconf 90' lang='lat' dir='ltr'><strong>ldquod</strong></span> <span class='ocrx_word' id='word_1_103' title='bbox 870 1465 972 1534; x_wconf 90' lang='lat' dir='ltr'><strong>etiam</strong></span> <span class='ocrx_word' id='word_1_104' title='bbox 983 1467 1206 1533; x_wconf 84' lang='lat' dir='ltr'><strong>confirmatur</strong></span> <span class='ocrx_word' id='word_1_105' title='bbox 1219 1487 1251 1531; x_wconf 84' lang='lat' dir='ltr'><strong>v.</strong></span> <span class='ocrx_word' id='word_1_106' title='bbox 1267 1470 1307 1533; x_wconf 90' lang='grc'><strong>15</strong></span> <span class='ocrx_word' id='word_1_107' title='bbox 1318 1468 1614 1557; x_wconf 73' lang='lat' dir='ltr'><strong>eaenmlumemm</strong></span> 
     </span>
     <span class='ocr_line' id='line_1_11' title="bbox 74 1569 1615 1663; baseline 0.001 -23"><span class='ocrx_word' id='word_1_108' title='bbox 74 1594 96 1654; x_wconf 69' lang='lat'><strong>,1</strong></span> <span class='ocrx_word' id='word_1_109' title='bbox 197 1576 204 1583; x_wconf 67' lang='grc'><strong>“</strong></span> <span class='ocrx_word' id='word_1_110' title='bbox 298 1571 379 1640; x_wconf 83' lang='lat' dir='ltr'><strong>dedi</strong></span> <span class='ocrx_word' id='word_1_111' title='bbox 392 1574 499 1656; x_wconf 85' lang='lat' dir='ltr'><strong>votis,</strong></span> <span class='ocrx_word' id='word_1_112' title='bbox 515 1585 556 1640; x_wconf 81' lang='lat' dir='ltr'><strong>ut</strong></span> <span class='ocrx_word' id='word_1_113' title='bbox 569 1569 856 1663; x_wconf 83' lang='lat' dir='ltr'><strong><em>quemadmodum</em></strong></span> <span class='ocrx_word' id='word_1_114' title='bbox 868 1594 930 1662; x_wconf 76' lang='lat' dir='ltr'><strong>eqo</strong></span> <span class='ocrx_word' id='word_1_115' title='bbox 944 1571 1017 1661; x_wconf 78' lang='lat' dir='ltr'><strong>leci</strong></span> <span class='ocrx_word' id='word_1_116' title='bbox 1033 1571 1135 1657; x_wconf 65' lang='lat' dir='ltr'><strong>vobo,</strong></span> <span class='ocrx_word' id='word_1_117' title='bbox 1156 1570 1207 1639; x_wconf 83' lang='lat' dir='ltr'><strong>ito</strong></span> <span class='ocrx_word' id='word_1_118' title='bbox 1223 1585 1256 1638; x_wconf 83' lang='lat' dir='ltr'><strong>et</strong></span> <span class='ocrx_word' id='word_1_119' title='bbox 1271 1595 1328 1640; x_wconf 86' lang='lat' dir='ltr'><strong>vos</strong></span> <span class='ocrx_word' id='word_1_120' title='bbox 1341 1574 1505 1663; x_wconf 58' lang='lat' dir='ltr'><strong>socialia·</strong></span> <span class='ocrx_word' id='word_1_121' title='bbox 1521 1604 1537 1637; x_wconf 92' lang='lat'>«</span> <span class='ocrx_word' id='word_1_122' title='bbox 1550 1575 1615 1642; x_wconf 89' lang='lat' dir='ltr'><strong>hoe</strong></span> 
     </span>
     <span class='ocr_line' id='line_1_12' title="bbox 213 1676 1612 1771; baseline -0.003 -18.399"><span class='ocrx_word' id='word_1_123' title='bbox 213 1749 217 1755; x_wconf 86' lang='grc'><strong>,</strong></span> <span class='ocrx_word' id='word_1_124' title='bbox 292 1683 355 1766; x_wconf 85' lang='lat' dir='ltr'><strong>est,</strong></span> <span class='ocrx_word' id='word_1_125' title='bbox 378 1681 479 1749; x_wconf 89' lang='lat' dir='ltr'><strong>beate</strong></span> <span class='ocrx_word' id='word_1_126' title='bbox 496 1683 606 1762; x_wconf 86' lang='lat' dir='ltr'><strong>Patre,</strong></span> <span class='ocrx_word' id='word_1_127' title='bbox 632 1676 725 1768; x_wconf 82' lang='lat' dir='ltr'><strong>quod</strong></span> <span class='ocrx_word' id='word_1_128' title='bbox 745 1679 932 1761; x_wconf 75' lang='lat' dir='ltr'><strong>nesciebas,</strong></span> <span class='ocrx_word' id='word_1_129' title='bbox 951 1677 1089 1768; x_wconf 90' lang='lat' dir='ltr'><strong>quando</strong></span> <span class='ocrx_word' id='word_1_130' title='bbox 1108 1678 1185 1745; x_wconf 78' lang='lat' dir='ltr'><strong>sieri</strong></span> <span class='ocrx_word' id='word_1_131' title='bbox 1207 1701 1274 1746; x_wconf 92' lang='lat' dir='ltr'><strong>non</strong></span> <span class='ocrx_word' id='word_1_132' title='bbox 1293 1680 1428 1747; x_wconf 79' lang='lat' dir='ltr'><strong>sinebas</strong></span> <span class='ocrx_word' id='word_1_133' title='bbox 1447 1711 1463 1741; x_wconf 85' lang='lat'>»</span> <span class='ocrx_word' id='word_1_134' title='bbox 1477 1682 1612 1771; x_wconf 58' lang='lat' dir='ltr'><strong>(Auo).</strong></span> 
     </span>
    </p>
   </div>
   <div class='ocr_carea' id='block_1_4' title="bbox 289 1783 1616 2195">
    <p class='ocr_par' dir='ltr' id='par_1_4' title="bbox 289 1783 1616 2195">
     <span class='ocr_line' id='line_1_13' title="bbox 289 1783 1616 1875; baseline -0.001 -22"><span class='ocrx_word' id='word_1_135' title='bbox 289 1790 338 1854; x_wconf 89' lang='lat' dir='ltr'><strong>Ne</strong></span> <span class='ocrx_word' id='word_1_136' title='bbox 359 1788 449 1855; x_wconf 79' lang='lat' dir='ltr'><strong>facta</strong></span> <span class='ocrx_word' id='word_1_137' title='bbox 469 1785 543 1853; x_wconf 87' lang='lat' dir='ltr'><strong>eius</strong></span> <span class='ocrx_word' id='word_1_138' title='bbox 562 1784 675 1852; x_wconf 89' lang='lat' dir='ltr'><strong>solum</strong></span> <span class='ocrx_word' id='word_1_139' title='bbox 693 1783 914 1867; x_wconf 88' lang='lat' dir='ltr'><strong>admiremur,</strong></span> <span class='ocrx_word' id='word_1_140' title='bbox 931 1784 1014 1852; x_wconf 91' lang='lat' dir='ltr'><strong>dicit</strong></span> <span class='ocrx_word' id='word_1_141' title='bbox 1033 1806 1041 1851; x_wconf 92' lang='lat'>:</span> <span class='ocrx_word' id='word_1_142' title='bbox 1061 1785 1256 1875; x_wconf 84' lang='lat' dir='ltr'><strong>exemplum</strong></span> <span class='ocrx_word' id='word_1_143' title='bbox 1277 1786 1356 1852; x_wconf 89' lang='lat' dir='ltr'><strong>dedi</strong></span> <span class='ocrx_word' id='word_1_144' title='bbox 1375 1787 1488 1870; x_wconf 88' lang='lat' dir='ltr'><strong>vobis,</strong></span> <span class='ocrx_word' id='word_1_145' title='bbox 1503 1809 1616 1854; x_wconf 86' lang='lat' dir='ltr'><strong>exem-</strong></span> 
     </span>
     <span class='ocr_line' id='line_1_14' title="bbox 291 1889 1612 1984; baseline 0.001 -24"><span class='ocrx_word' id='word_1_146' title='bbox 291 1893 390 1984; x_wconf 89' lang='lat' dir='ltr'><strong>plum</strong></span> <span class='ocrx_word' id='word_1_147' title='bbox 404 1891 481 1959; x_wconf 88' lang='lat' dir='ltr'><strong>scil.</strong></span> <span class='ocrx_word' id='word_1_148' title='bbox 497 1889 714 1973; x_wconf 89' lang='lat' dir='ltr'><strong>humilitatis,</strong></span> <span class='ocrx_word' id='word_1_149' title='bbox 726 1896 760 1958; x_wconf 89' lang='lat' dir='ltr'><strong>et</strong></span> <span class='ocrx_word' id='word_1_150' title='bbox 766 1889 849 1957; x_wconf 89' lang='lat' dir='ltr'><strong>dicit</strong></span> <span class='ocrx_word' id='word_1_151' title='bbox 862 1893 959 1972; x_wconf 73' lang='grc' dir='ltr'><strong>καθώς</strong></span> <span class='ocrx_word' id='word_1_152' title='bbox 967 1890 1271 1980; x_wconf 85' lang='lat' dir='ltr'><strong>quemadmodum,</strong></span> <span class='ocrx_word' id='word_1_153' title='bbox 1291 1899 1355 1958; x_wconf 92' lang='lat' dir='ltr'><strong>«ut</strong></span> <span class='ocrx_word' id='word_1_154' title='bbox 1367 1892 1612 1980; x_wconf 83' lang='lat' dir='ltr'><strong>intelligamus,</strong></span> 
     </span>
     <span class='ocr_line' id='line_1_15' title="bbox 291 1997 1613 2088; baseline 0.002 -24"><span class='ocrx_word' id='word_1_155' title='bbox 291 1997 385 2088; x_wconf 90' lang='lat' dir='ltr'><strong>quod</strong></span> <span class='ocrx_word' id='word_1_156' title='bbox 399 1998 445 2065; x_wconf 90' lang='lat' dir='ltr'><strong>ad</strong></span> <span class='ocrx_word' id='word_1_157' title='bbox 460 1997 668 2067; x_wconf 90' lang='lat' dir='ltr'><strong>imitandum</strong></span> <span class='ocrx_word' id='word_1_158' title='bbox 682 1997 823 2065; x_wconf 91' lang='lat' dir='ltr'><strong>modum</strong></span> <span class='ocrx_word' id='word_1_159' title='bbox 839 1997 985 2066; x_wconf 79' lang='lat' dir='ltr'><strong>faciendi</strong></span> <span class='ocrx_word' id='word_1_160' title='bbox 997 1997 1199 2087; x_wconf 88' lang='lat' dir='ltr'><strong>(humiliter,</strong></span> <span class='ocrx_word' id='word_1_161' title='bbox 1220 2005 1409 2079; x_wconf 86' lang='lat' dir='ltr'><strong>mansuete,</strong></span> <span class='ocrx_word' id='word_1_162' title='bbox 1427 2000 1613 2082; x_wconf 89' lang='lat' dir='ltr'><strong>benevole,</strong></span> 
     </span>
     <span class='ocr_line' id='line_1_16' title="bbox 290 2103 1615 2195; baseline 0.001 -22"><span class='ocrx_word' id='word_1_163' title='bbox 290 2104 443 2173; x_wconf 84' lang='lat' dir='ltr'><strong>studiose</strong></span> <span class='ocrx_word' id='word_1_164' title='bbox 466 2104 548 2195; x_wconf 81' lang='lat' dir='ltr'><strong>etc.)</strong></span> <span class='ocrx_word' id='word_1_165' title='bbox 574 2109 693 2173; x_wconf 90' lang='lat' dir='ltr'><strong>monet</strong></span> <span class='ocrx_word' id='word_1_166' title='bbox 720 2130 737 2166; x_wconf 90' lang='lat'>»</span> <span class='ocrx_word' id='word_1_167' title='bbox 760 2103 876 2194; x_wconf 72' lang='lat' dir='ltr'><strong>(Cot).</strong></span> <span class='ocrx_word' id='word_1_168' title='bbox 902 2103 998 2172; x_wconf 85' lang='lat' dir='ltr'><strong>Cadit</strong></span> <span class='ocrx_word' id='word_1_169' title='bbox 1020 2103 1112 2172; x_wconf 91' lang='lat' dir='ltr'><strong>enim</strong></span> <span class='ocrx_word' id='word_1_170' title='bbox 1137 2112 1359 2195; x_wconf 88' lang='lat' dir='ltr'><strong>praeceptum</strong></span> <span class='ocrx_word' id='word_1_171' title='bbox 1384 2105 1517 2172; x_wconf 85' lang='lat' dir='ltr'><strong>Domini</strong></span> <span class='ocrx_word' id='word_1_172' title='bbox 1545 2129 1615 2174; x_wconf 90' lang='lat' dir='ltr'><strong>non</strong></span> 
     </span>
    </p>
   </div>
   <div class='ocr_carea' id='block_1_5' title="bbox 140 2196 1615 2300">
    <p class='ocr_par' dir='ltr' id='par_1_5' title="bbox 140 2196 1615 2300">
     <span class='ocr_line' id='line_1_17' title="bbox 140 2196 1615 2300; baseline 0.002 -22"><span class='ocrx_word' id='word_1_173' title='bbox 140 2196 144 2203; x_wconf 46' lang='lat'>¹</span> <span class='ocrx_word' id='word_1_174' title='bbox 193 2202 197 2210; x_wconf 78' lang='grc'><strong>’</strong></span> <span class='ocrx_word' id='word_1_175' title='bbox 292 2211 380 2279; x_wconf 90' lang='lat' dir='ltr'><strong>adeo</strong></span> <span class='ocrx_word' id='word_1_176' title='bbox 405 2211 443 2280; x_wconf 92' lang='lat' dir='ltr'><strong>in</strong></span> <span class='ocrx_word' id='word_1_177' title='bbox 460 2211 616 2299; x_wconf 83' lang='lat' dir='ltr'><strong>signum,</strong></span> <span class='ocrx_word' id='word_1_178' title='bbox 636 2211 796 2279; x_wconf 90' lang='lat' dir='ltr'><strong>lotionem</strong></span> <span class='ocrx_word' id='word_1_179' title='bbox 813 2210 957 2300; x_wconf 90' lang='lat' dir='ltr'><strong>pedum,</strong></span> <span class='ocrx_word' id='word_1_180' title='bbox 982 2232 1084 2300; x_wconf 89' lang='lat' dir='ltr'><strong>quam</strong></span> <span class='ocrx_word' id='word_1_181' title='bbox 1102 2210 1139 2278; x_wconf 93' lang='lat' dir='ltr'><strong>in</strong></span> <span class='ocrx_word' id='word_1_182' title='bbox 1161 2233 1234 2279; x_wconf 90' lang='lat' dir='ltr'><strong>rem</strong></span> <span class='ocrx_word' id='word_1_183' title='bbox 1256 2211 1498 2298; x_wconf 84' lang='lat' dir='ltr'><strong>significatam,</strong></span> <span class='ocrx_word' id='word_1_184' title='bbox 1516 2212 1615 2281; x_wconf 92' lang='lat' dir='ltr'><strong>obse-</strong></span> 
     </span>
    </p>
   </div>
   <div class='ocr_carea' id='block_1_6' title="bbox 291 2317 1617 2830">
    <p class='ocr_par' dir='ltr' id='par_1_6' title="bbox 293 2317 1613 2515">
     <span class='ocr_line' id='line_1_18' title="bbox 293 2317 1613 2408; baseline 0 -22"><span class='ocrx_word' id='word_1_185' title='bbox 293 2318 377 2408; x_wconf 92' lang='lat' dir='ltr'><strong>quia</strong></span> <span class='ocrx_word' id='word_1_186' title='bbox 390 2318 463 2386; x_wconf 84' lang='lat' dir='ltr'><strong>scil.</strong></span> <span class='ocrx_word' id='word_1_187' title='bbox 483 2318 634 2386; x_wconf 85' lang='lat' dir='ltr'><strong>caritatis</strong></span> <span class='ocrx_word' id='word_1_188' title='bbox 652 2324 687 2384; x_wconf 90' lang='lat' dir='ltr'><strong>et</strong></span> <span class='ocrx_word' id='word_1_189' title='bbox 704 2317 907 2384; x_wconf 87' lang='lat' dir='ltr'><strong>humilitatis</strong></span> <span class='ocrx_word' id='word_1_190' title='bbox 927 2317 1089 2408; x_wconf 81' lang='lat' dir='ltr'><strong>proximis</strong></span> <span class='ocrx_word' id='word_1_191' title='bbox 1107 2317 1301 2385; x_wconf 85' lang='lat' dir='ltr'><strong>exbibenda</strong></span> <span class='ocrx_word' id='word_1_192' title='bbox 1321 2318 1426 2407; x_wconf 82' lang='lat' dir='ltr'><strong>(Cart.</strong></span> <span class='ocrx_word' id='word_1_193' title='bbox 1448 2318 1512 2385; x_wconf 80' lang='lat' dir='ltr'><strong>Fil.</strong></span> <span class='ocrx_word' id='word_1_194' title='bbox 1537 2320 1613 2386; x_wconf 90' lang='lat' dir='ltr'><strong>sim.</strong></span> 
     </span>
     <span class='ocr_line' id='line_1_19' title="bbox 293 2423 1345 2515; baseline -0.003 -21"><span class='ocrx_word' id='word_1_195' title='bbox 293 2423 372 2494; x_wconf 75' lang='lat' dir='ltr'><strong>Chr.</strong></span> <span class='ocrx_word' id='word_1_196' title='bbox 393 2427 473 2514; x_wconf 76' lang='lat' dir='ltr'><strong>cyr.</strong></span> <span class='ocrx_word' id='word_1_197' title='bbox 488 2428 580 2515; x_wconf 69' lang='lat' dir='ltr'><strong>Auo.</strong></span> <span class='ocrx_word' id='word_1_198' title='bbox 599 2423 694 2514; x_wconf 79' lang='lat' dir='ltr'><strong>ete).</strong></span> <span class='ocrx_word' id='word_1_199' title='bbox 1335 2500 1345 2514; x_wconf 22' lang='grc' dir='ltr'>ἱ</span> 
     </span>
    </p>

    <p class='ocr_par' dir='ltr' id='par_1_7' title="bbox 291 2530 1617 2830">
     <span class='ocr_line' id='line_1_20' title="bbox 336 2530 1617 2621; baseline 0.002 -24"><span class='ocrx_word' id='word_1_200' title='bbox 336 2530 432 2609; x_wconf 83' lang='lat' dir='ltr'><strong>Quod</strong></span> <span class='ocrx_word' id='word_1_201' title='bbox 455 2536 679 2621; x_wconf 87' lang='lat' dir='ltr'><strong>praeceptum</strong></span> <span class='ocrx_word' id='word_1_202' title='bbox 703 2552 773 2598; x_wconf 92' lang='lat' dir='ltr'><strong>non</strong></span> <span class='ocrx_word' id='word_1_203' title='bbox 793 2532 904 2599; x_wconf 92' lang='lat' dir='ltr'><strong>solum</strong></span> <span class='ocrx_word' id='word_1_204' title='bbox 927 2553 1073 2620; x_wconf 89' lang='lat' dir='ltr'><strong>aequum</strong></span> <span class='ocrx_word' id='word_1_205' title='bbox 1096 2553 1179 2612; x_wconf 89' lang='lat' dir='ltr'><strong>esse,</strong></span> <span class='ocrx_word' id='word_1_206' title='bbox 1201 2531 1260 2598; x_wconf 91' lang='lat' dir='ltr'><strong>sed</strong></span> <span class='ocrx_word' id='word_1_207' title='bbox 1281 2531 1388 2598; x_wconf 90' lang='lat' dir='ltr'><strong>multo</strong></span> <span class='ocrx_word' id='word_1_208' title='bbox 1409 2534 1520 2621; x_wconf 82' lang='lat' dir='ltr'><strong>magis</strong></span> <span class='ocrx_word' id='word_1_209' title='bbox 1544 2532 1617 2600; x_wconf 90' lang='lat' dir='ltr'><strong>eius</strong></span> 
     </span>
     <span class='ocr_line' id='line_1_21' title="bbox 293 2635 1617 2729; baseline 0 -24"><span class='ocrx_word' id='word_1_210' title='bbox 293 2637 569 2706; x_wconf 82' lang='lat' dir='ltr'><strong>observationem</strong></span> <span class='ocrx_word' id='word_1_211' title='bbox 587 2635 690 2706; x_wconf 92' lang='lat' dir='ltr'><strong>nobis</strong></span> <span class='ocrx_word' id='word_1_212' title='bbox 712 2659 783 2706; x_wconf 90' lang='lat' dir='ltr'><strong>esse</strong></span> <span class='ocrx_word' id='word_1_213' title='bbox 805 2639 1028 2706; x_wconf 87' lang='lat' dir='ltr'><strong>necessariam</strong></span> <span class='ocrx_word' id='word_1_214' title='bbox 1047 2637 1199 2705; x_wconf 88' lang='lat' dir='ltr'><strong>declarat</strong></span> <span class='ocrx_word' id='word_1_215' title='bbox 1220 2639 1386 2705; x_wconf 89' lang='lat' dir='ltr'><strong>sententia</strong></span> <span class='ocrx_word' id='word_1_216' title='bbox 1407 2639 1617 2729; x_wconf 81' lang='lat' dir='ltr'><strong>proverbiali</strong></span> 
     </span>
     <span class='ocr_line' id='line_1_22' title="bbox 291 2742 1617 2830; baseline 0.001 -19"><span class='ocrx_word' id='word_1_217' title='bbox 291 2767 324 2813; x_wconf 87' lang='lat' dir='ltr'><strong>v.</strong></span> <span class='ocrx_word' id='word_1_218' title='bbox 344 2752 384 2813; x_wconf 84' lang='grc'><strong>16</strong></span> <span class='ocrx_word' id='word_1_219' title='bbox 405 2767 520 2827; x_wconf 79' lang='lat' dir='ltr'><strong>omen,</strong></span> <span class='ocrx_word' id='word_1_220' title='bbox 540 2766 642 2812; x_wconf 80' lang='lat' dir='ltr'><strong>omen</strong></span> <span class='ocrx_word' id='word_1_221' title='bbox 662 2742 740 2811; x_wconf 83' lang='lat' dir='ltr'><strong>dico</strong></span> <span class='ocrx_word' id='word_1_222' title='bbox 758 2743 849 2811; x_wconf 84' lang='lat' dir='ltr'><strong>vobis</strong></span> <span class='ocrx_word' id='word_1_223' title='bbox 866 2765 879 2809; x_wconf 93' lang='lat'><strong>.·</strong></span> <span class='ocrx_word' id='word_1_224' title='bbox 898 2766 965 2811; x_wconf 80' lang='lat' dir='ltr'><strong>nou</strong></span> <span class='ocrx_word' id='word_1_225' title='bbox 984 2756 1033 2812; x_wconf 84' lang='lat' dir='ltr'><strong>est</strong></span> <span class='ocrx_word' id='word_1_226' title='bbox 1048 2767 1162 2812; x_wconf 84' lang='lat' dir='ltr'><strong>seruus</strong></span> <span class='ocrx_word' id='word_1_227' title='bbox 1178 2745 1291 2811; x_wconf 84' lang='lat' dir='ltr'><strong>maior</strong></span> <span class='ocrx_word' id='word_1_228' title='bbox 1309 2744 1448 2811; x_wconf 76' lang='lat' dir='ltr'><strong>dorumo</strong></span> <span class='ocrx_word' id='word_1_229' title='bbox 1465 2768 1540 2830; x_wconf 87' lang='lat' dir='ltr'><strong>suo,</strong></span> <span class='ocrx_word' id='word_1_230' title='bbox 1555 2769 1617 2812; x_wconf 81' lang='lat' dir='ltr'><strong>ue-</strong></span> 
     </span>
    </p>
   </div>
   <div class='ocr_carea' id='block_1_7' title="bbox 188 2835 1616 2943">
    <p class='ocr_par' dir='ltr' id='par_1_8' title="bbox 50 2828 1616 2955">
     <span class='ocr_line' id='line_1_23' title="bbox 188 2835 1616 2943; baseline 0.013 -41.149"><span class='ocrx_word' id='word_1_231' title='bbox 188 2835 208 2904; x_wconf 64' lang='lat'><strong>⁰,</strong></span> <span class='ocrx_word' id='word_1_232' title='bbox 296 2873 364 2942; x_wconf 80' lang='lat' dir='ltr'><strong>que</strong></span> <span class='ocrx_word' id='word_1_233' title='bbox 387 2851 560 2943; x_wconf 84' lang='lat' dir='ltr'><strong>apostolus</strong></span> <span class='ocrx_word' id='word_1_234' title='bbox 584 2855 749 2932; x_wconf 58' lang='grc' dir='ltr'><strong>ἀπόστολός</strong></span> <span class='ocrx_word' id='word_1_235' title='bbox 772 2851 906 2939; x_wconf 79' lang='lat' dir='ltr'><strong>legatus</strong></span> <span class='ocrx_word' id='word_1_236' title='bbox 933 2849 1045 2917; x_wconf 82' lang='lat' dir='ltr'><strong>maior</strong></span> <span class='ocrx_word' id='word_1_237' title='bbox 1072 2864 1119 2918; x_wconf 81' lang='lat' dir='ltr'><strong>est</strong></span> <span class='ocrx_word' id='word_1_238' title='bbox 1147 2874 1184 2917; x_wconf 88' lang='lat' dir='ltr'><strong>eo</strong></span> <span class='ocrx_word' id='word_1_239' title='bbox 1208 2851 1271 2941; x_wconf 84' lang='lat' dir='ltr'><strong>qui</strong></span> <span class='ocrx_word' id='word_1_240' title='bbox 1293 2851 1387 2919; x_wconf 80' lang='lat' dir='ltr'><strong>misit</strong></span> <span class='ocrx_word' id='word_1_241' title='bbox 1404 2852 1521 2937; x_wconf 85' lang='lat' dir='ltr'><strong>illum,</strong></span> <span class='ocrx_word' id='word_1_242' title='bbox 1538 2852 1616 2920; x_wconf 93' lang='lat' dir='ltr'><strong>vide</strong></span> 
     </span>
    </p>
   </div>
   <div class='ocr_carea' id='block_1_8' title="bbox 222 2957 1618 4115">
    <p class='ocr_par' dir='ltr' id='par_1_9' title="bbox 222 2957 1618 4115">
     <span class='ocr_line' id='line_1_24' title="bbox 288 2957 1618 3049; baseline -0.002 -23"><span class='ocrx_word' id='word_1_243' title='bbox 288 2959 405 3027; x_wconf 87' lang='lat' dir='ltr'><strong>llatth.</strong></span> <span class='ocrx_word' id='word_1_244' title='bbox 435 2964 552 3043; x_wconf 77' lang='lat' dir='ltr'><strong>1o,2a;</strong></span> <span class='ocrx_word' id='word_1_245' title='bbox 578 2962 657 3026; x_wconf 92' lang='lat' dir='ltr'><strong>Luc.</strong></span> <span class='ocrx_word' id='word_1_246' title='bbox 682 2963 776 3041; x_wconf 78' lang='lat' dir='ltr'><strong>6,a0;</strong></span> <span class='ocrx_word' id='word_1_247' title='bbox 801 2959 901 3047; x_wconf 90' lang='lat' dir='ltr'><strong>proin</strong></span> <span class='ocrx_word' id='word_1_248' title='bbox 924 2957 1030 3023; x_wconf 88' lang='lat' dir='ltr'><strong>multo</strong></span> <span class='ocrx_word' id='word_1_249' title='bbox 1054 2957 1163 3045; x_wconf 79' lang='lat' dir='ltr'><strong>magis</strong></span> <span class='ocrx_word' id='word_1_250' title='bbox 1182 2957 1218 3024; x_wconf 95' lang='lat' dir='ltr'><strong>id</strong></span> <span class='ocrx_word' id='word_1_251' title='bbox 1243 2959 1373 3025; x_wconf 87' lang='lat' dir='ltr'><strong>avobis</strong></span> <span class='ocrx_word' id='word_1_252' title='bbox 1399 2958 1457 3026; x_wconf 88' lang='lat' dir='ltr'><strong>fiat</strong></span> <span class='ocrx_word' id='word_1_253' title='bbox 1480 2964 1618 3049; x_wconf 89' lang='lat' dir='ltr'><strong>oportet</strong></span> 
     </span>
     <span class='ocr_line' id='line_1_25' title="bbox 222 3063 1617 3156; baseline -0.003 -21"><span class='ocrx_word' id='word_1_254' title='bbox 222 3098 224 3102; x_wconf 34' lang='lat'>³</span> <span class='ocrx_word' id='word_1_255' title='bbox 294 3063 422 3156; x_wconf 69' lang='lat' dir='ltr'><strong>(Clam).</strong></span> <span class='ocrx_word' id='word_1_256' title='bbox 445 3069 484 3132; x_wconf 81' lang='lat' dir='ltr'><strong>at</strong></span> <span class='ocrx_word' id='word_1_257' title='bbox 504 3064 644 3134; x_wconf 81' lang='lat' dir='ltr'><strong>additur</strong></span> <span class='ocrx_word' id='word_1_258' title='bbox 657 3064 836 3156; x_wconf 88' lang='lat' dir='ltr'><strong>promissio</strong></span> <span class='ocrx_word' id='word_1_259' title='bbox 854 3086 895 3131; x_wconf 93' lang='lat' dir='ltr'><strong>ae</strong></span> <span class='ocrx_word' id='word_1_260' title='bbox 917 3064 1107 3154; x_wconf 85' lang='lat' dir='ltr'><strong>praemium</strong></span> <span class='ocrx_word' id='word_1_261' title='bbox 1130 3087 1162 3131; x_wconf 85' lang='lat' dir='ltr'><strong>v.</strong></span> <span class='ocrx_word' id='word_1_262' title='bbox 1192 3072 1232 3131; x_wconf 87' lang='grc'><strong>17</strong></span> <span class='ocrx_word' id='word_1_263' title='bbox 1251 3065 1283 3130; x_wconf 82' lang='lat' dir='ltr'><strong>si</strong></span> <span class='ocrx_word' id='word_1_264' title='bbox 1300 3064 1380 3132; x_wconf 76' lang='lat' dir='ltr'><strong>loeo</strong></span> <span class='ocrx_word' id='word_1_265' title='bbox 1404 3066 1507 3146; x_wconf 81' lang='lat' dir='ltr'><strong>scitis,</strong></span> <span class='ocrx_word' id='word_1_266' title='bbox 1527 3067 1617 3132; x_wconf 82' lang='lat' dir='ltr'><strong>beati</strong></span> 
     </span>
     <span class='ocr_line' id='line_1_26' title="bbox 287 3170 1616 3262; baseline -0.002 -22"><span class='ocrx_word' id='word_1_267' title='bbox 287 3172 397 3258; x_wconf 82' lang='lat' dir='ltr'><strong>eritis,</strong></span> <span class='ocrx_word' id='word_1_268' title='bbox 411 3172 443 3240; x_wconf 85' lang='lat' dir='ltr'><strong>si</strong></span> <span class='ocrx_word' id='word_1_269' title='bbox 455 3171 607 3262; x_wconf 75' lang='lat' dir='ltr'><strong>feceritis</strong></span> <span class='ocrx_word' id='word_1_270' title='bbox 616 3191 677 3256; x_wconf 87' lang='lat' dir='ltr'><strong>eo;</strong></span> <span class='ocrx_word' id='word_1_271' title='bbox 696 3200 713 3234; x_wconf 92' lang='lat'>«</span> <span class='ocrx_word' id='word_1_272' title='bbox 730 3193 798 3238; x_wconf 92' lang='lat' dir='ltr'><strong>non</strong></span> <span class='ocrx_word' id='word_1_273' title='bbox 813 3171 905 3238; x_wconf 90' lang='lat' dir='ltr'><strong>enim</strong></span> <span class='ocrx_word' id='word_1_274' title='bbox 919 3170 1005 3238; x_wconf 89' lang='lat' dir='ltr'><strong>scire</strong></span> <span class='ocrx_word' id='word_1_275' title='bbox 1025 3171 1196 3256; x_wconf 90' lang='lat' dir='ltr'><strong>virtutem,</strong></span> <span class='ocrx_word' id='word_1_276' title='bbox 1218 3172 1277 3239; x_wconf 88' lang='lat' dir='ltr'><strong>sed</strong></span> <span class='ocrx_word' id='word_1_277' title='bbox 1293 3195 1369 3238; x_wconf 89' lang='lat' dir='ltr'><strong>eam</strong></span> <span class='ocrx_word' id='word_1_278' title='bbox 1385 3194 1540 3240; x_wconf 86' lang='lat' dir='ltr'><strong>exercere</strong></span> <span class='ocrx_word' id='word_1_279' title='bbox 1556 3195 1616 3261; x_wconf 92' lang='lat' dir='ltr'><strong>op·</strong></span> 
     </span>
     <span class='ocr_line' id='line_1_27' title="bbox 294 3276 1616 3369; baseline -0.002 -21"><span class='ocrx_word' id='word_1_280' title='bbox 294 3279 440 3348; x_wconf 87' lang='lat' dir='ltr'><strong>tandum</strong></span> <span class='ocrx_word' id='word_1_281' title='bbox 461 3283 513 3365; x_wconf 82' lang='lat' dir='ltr'><strong>est</strong></span> <span class='ocrx_word' id='word_1_282' title='bbox 533 3284 637 3369; x_wconf 91' lang='lat' dir='ltr'><strong>atque</strong></span> <span class='ocrx_word' id='word_1_283' title='bbox 651 3276 824 3346; x_wconf 89' lang='lat' dir='ltr'><strong>laudabile</strong></span> <span class='ocrx_word' id='word_1_284' title='bbox 838 3306 855 3339; x_wconf 87' lang='lat'>»</span> <span class='ocrx_word' id='word_1_285' title='bbox 870 3276 992 3367; x_wconf 64' lang='lat' dir='ltr'><strong>(cta).</strong></span> <span class='ocrx_word' id='word_1_286' title='bbox 1010 3281 1082 3345; x_wconf 89' lang='lat' dir='ltr'><strong>Non</strong></span> <span class='ocrx_word' id='word_1_287' title='bbox 1106 3283 1155 3345; x_wconf 91' lang='lat' dir='ltr'><strong>est</strong></span> <span class='ocrx_word' id='word_1_288' title='bbox 1177 3278 1407 3367; x_wconf 83' lang='lat' dir='ltr'><strong>improbabile</strong></span> <span class='ocrx_word' id='word_1_289' title='bbox 1429 3278 1523 3369; x_wconf 92' lang='lat' dir='ltr'><strong>quod</strong></span> <span class='ocrx_word' id='word_1_290' title='bbox 1546 3280 1616 3346; x_wconf 91' lang='lat' dir='ltr'><strong>iam</strong></span> 
     </span>
     <span class='ocr_line' id='line_1_28' title="bbox 286 3384 1616 3476; baseline -0.002 -23"><span class='ocrx_word' id='word_1_291' title='bbox 286 3388 377 3476; x_wconf 67' lang='lat' dir='ltr'><strong>arcp.</strong></span> <span class='ocrx_word' id='word_1_292' title='bbox 398 3388 485 3453; x_wconf 82' lang='lat' dir='ltr'><strong>Bon.</strong></span> <span class='ocrx_word' id='word_1_293' title='bbox 499 3384 702 3468; x_wconf 82' lang='lat' dir='ltr'><strong>existimant,</strong></span> <span class='ocrx_word' id='word_1_294' title='bbox 719 3389 830 3452; x_wconf 90' lang='lat' dir='ltr'><strong>lesum</strong></span> <span class='ocrx_word' id='word_1_295' title='bbox 847 3384 950 3451; x_wconf 92' lang='lat' dir='ltr'><strong>etiam</strong></span> <span class='ocrx_word' id='word_1_296' title='bbox 963 3388 1144 3474; x_wconf 87' lang='lat' dir='ltr'><strong>propterea</strong></span> <span class='ocrx_word' id='word_1_297' title='bbox 1156 3385 1260 3474; x_wconf 88' lang='lat' dir='ltr'><strong>pedes</strong></span> <span class='ocrx_word' id='word_1_298' title='bbox 1275 3385 1394 3451; x_wconf 89' lang='lat' dir='ltr'><strong>lavisse</strong></span> <span class='ocrx_word' id='word_1_299' title='bbox 1415 3393 1448 3451; x_wconf 89' lang='lat' dir='ltr'><strong>et</strong></span> <span class='ocrx_word' id='word_1_300' title='bbox 1461 3385 1616 3452; x_wconf 88' lang='lat' dir='ltr'><strong>admoni-</strong></span> 
     </span>
     <span class='ocr_line' id='line_1_29' title="bbox 286 3489 1617 3580; baseline 0.001 -22"><span class='ocrx_word' id='word_1_301' title='bbox 286 3493 419 3560; x_wconf 87' lang='lat' dir='ltr'><strong>tionem</strong></span> <span class='ocrx_word' id='word_1_302' title='bbox 432 3491 523 3559; x_wconf 88' lang='lat' dir='ltr'><strong>hanc</strong></span> <span class='ocrx_word' id='word_1_303' title='bbox 536 3489 681 3573; x_wconf 89' lang='lat' dir='ltr'><strong>dedisse,</strong></span> <span class='ocrx_word' id='word_1_304' title='bbox 699 3489 783 3580; x_wconf 88' lang='lat' dir='ltr'><strong>quia</strong></span> <span class='ocrx_word' id='word_1_305' title='bbox 793 3489 952 3580; x_wconf 89' lang='lat' dir='ltr'><strong>discipuli</strong></span> <span class='ocrx_word' id='word_1_306' title='bbox 964 3496 1041 3557; x_wconf 91' lang='lat' dir='ltr'><strong>ante</strong></span> <span class='ocrx_word' id='word_1_307' title='bbox 1053 3512 1196 3558; x_wconf 87' lang='lat' dir='ltr'><strong>coenam</strong></span> <span class='ocrx_word' id='word_1_308' title='bbox 1213 3492 1301 3557; x_wconf 90' lang='lat' dir='ltr'><strong>inter</strong></span> <span class='ocrx_word' id='word_1_309' title='bbox 1320 3513 1355 3556; x_wconf 91' lang='lat' dir='ltr'><strong>se</strong></span> <span class='ocrx_word' id='word_1_310' title='bbox 1370 3491 1617 3559; x_wconf 88' lang='lat' dir='ltr'><strong>contenderant</strong></span> 
     </span>
     <span class='ocr_line' id='line_1_30' title="bbox 288 3595 1617 3689; baseline 0.002 -25"><span class='ocrx_word' id='word_1_311' title='bbox 288 3598 367 3689; x_wconf 90' lang='lat' dir='ltr'><strong>quis</strong></span> <span class='ocrx_word' id='word_1_312' title='bbox 376 3618 497 3666; x_wconf 85' lang='lat' dir='ltr'><strong>eorum</strong></span> <span class='ocrx_word' id='word_1_313' title='bbox 506 3596 681 3665; x_wconf 85' lang='lat' dir='ltr'><strong>videretur</strong></span> <span class='ocrx_word' id='word_1_314' title='bbox 691 3618 762 3664; x_wconf 90' lang='lat' dir='ltr'><strong>esse</strong></span> <span class='ocrx_word' id='word_1_315' title='bbox 775 3595 885 3664; x_wconf 87' lang='lat' dir='ltr'><strong>maior</strong></span> <span class='ocrx_word' id='word_1_316' title='bbox 895 3596 986 3686; x_wconf 87' lang='lat' dir='ltr'><strong>(Luc.</strong></span> <span class='ocrx_word' id='word_1_317' title='bbox 1002 3597 1131 3684; x_wconf 65' lang='lat' dir='ltr'><strong>ml),</strong></span> <span class='ocrx_word' id='word_1_318' title='bbox 1143 3618 1222 3663; x_wconf 93' lang='lat' dir='ltr'><strong>cum</strong></span> <span class='ocrx_word' id='word_1_319' title='bbox 1234 3597 1375 3664; x_wconf 85' lang='lat' dir='ltr'><strong>fortasse</strong></span> <span class='ocrx_word' id='word_1_320' title='bbox 1386 3598 1617 3688; x_wconf 80' lang='lat' dir='ltr'><strong>disceptarent</strong></span> 
     </span>
     <span class='ocr_line' id='line_1_31' title="bbox 289 3702 1612 3793; baseline -0.001 -22"><span class='ocrx_word' id='word_1_321' title='bbox 289 3705 333 3772; x_wconf 91' lang='lat' dir='ltr'><strong>de</strong></span> <span class='ocrx_word' id='word_1_322' title='bbox 355 3703 475 3773; x_wconf 89' lang='lat' dir='ltr'><strong>ordine</strong></span> <span class='ocrx_word' id='word_1_323' title='bbox 494 3702 731 3772; x_wconf 84' lang='lat' dir='ltr'><strong>accumbendi.</strong></span> <span class='ocrx_word' id='word_1_324' title='bbox 755 3708 871 3793; x_wconf 85' lang='lat' dir='ltr'><strong>Neque</strong></span> <span class='ocrx_word' id='word_1_325' title='bbox 889 3703 1000 3770; x_wconf 88' lang='lat' dir='ltr'><strong>obstat</strong></span> <span class='ocrx_word' id='word_1_326' title='bbox 1023 3702 1106 3770; x_wconf 88' lang='lat' dir='ltr'><strong>ordo</strong></span> <span class='ocrx_word' id='word_1_327' title='bbox 1130 3704 1338 3770; x_wconf 86' lang='lat' dir='ltr'><strong>narrationis</strong></span> <span class='ocrx_word' id='word_1_328' title='bbox 1362 3704 1455 3793; x_wconf 91' lang='lat' dir='ltr'><strong>apud</strong></span> <span class='ocrx_word' id='word_1_329' title='bbox 1475 3710 1612 3785; x_wconf 89' lang='lat' dir='ltr'><strong>Lucam,</strong></span> 
     </span>
     <span class='ocr_line' id='line_1_32' title="bbox 290 3808 1616 3902; baseline 0 -24"><span class='ocrx_word' id='word_1_330' title='bbox 290 3810 353 3902; x_wconf 91' lang='lat' dir='ltr'><strong>qui</strong></span> <span class='ocrx_word' id='word_1_331' title='bbox 366 3812 438 3879; x_wconf 90' lang='lat' dir='ltr'><strong>scil.</strong></span> <span class='ocrx_word' id='word_1_332' title='bbox 455 3810 485 3878; x_wconf 89' lang='lat' dir='ltr'><strong>is</strong></span> <span class='ocrx_word' id='word_1_333' title='bbox 498 3816 548 3879; x_wconf 81' lang='lat' dir='ltr'><strong>est</strong></span> <span class='ocrx_word' id='word_1_334' title='bbox 562 3833 602 3878; x_wconf 91' lang='lat' dir='ltr'><strong>eo</strong></span> <span class='ocrx_word' id='word_1_335' title='bbox 615 3808 703 3893; x_wconf 89' lang='lat' dir='ltr'><strong>loeo,</strong></span> <span class='ocrx_word' id='word_1_336' title='bbox 720 3814 757 3876; x_wconf 92' lang='lat' dir='ltr'><strong>ut</strong></span> <span class='ocrx_word' id='word_1_337' title='bbox 767 3811 863 3899; x_wconf 94' lang='lat' dir='ltr'><strong>prius</strong></span> <span class='ocrx_word' id='word_1_338' title='bbox 879 3811 1005 3877; x_wconf 81' lang='lat' dir='ltr'><strong>referat</strong></span> <span class='ocrx_word' id='word_1_339' title='bbox 1018 3832 1155 3877; x_wconf 88' lang='lat' dir='ltr'><strong>coenam</strong></span> <span class='ocrx_word' id='word_1_340' title='bbox 1171 3811 1380 3900; x_wconf 86' lang='lat' dir='ltr'><strong>paschalem,</strong></span> <span class='ocrx_word' id='word_1_341' title='bbox 1398 3811 1479 3878; x_wconf 89' lang='lat' dir='ltr'><strong>dein</strong></span> <span class='ocrx_word' id='word_1_342' title='bbox 1489 3813 1616 3880; x_wconf 90' lang='lat' dir='ltr'><strong>eueha-</strong></span> 
     </span>
     <span class='ocr_line' id='line_1_33' title="bbox 286 3915 1617 4007; baseline -0.001 -21"><span class='ocrx_word' id='word_1_343' title='bbox 286 3918 402 3986; x_wconf 83' lang='lat' dir='ltr'><strong>nistiae</strong></span> <span class='ocrx_word' id='word_1_344' title='bbox 413 3916 681 4001; x_wconf 86' lang='lat' dir='ltr'><strong>institutionem,</strong></span> <span class='ocrx_word' id='word_1_345' title='bbox 696 3915 776 3984; x_wconf 92' lang='lat' dir='ltr'><strong>dein</strong></span> <span class='ocrx_word' id='word_1_346' title='bbox 789 3915 895 3984; x_wconf 89' lang='lat' dir='ltr'><strong>addat</strong></span> <span class='ocrx_word' id='word_1_347' title='bbox 908 3916 1025 4006; x_wconf 87' lang='lat' dir='ltr'><strong>aliqua</strong></span> <span class='ocrx_word' id='word_1_348' title='bbox 1037 3939 1124 4007; x_wconf 89' lang='lat' dir='ltr'><strong>quae</strong></span> <span class='ocrx_word' id='word_1_349' title='bbox 1139 3918 1192 3983; x_wconf 88' lang='lat' dir='ltr'><strong>vel</strong></span> <span class='ocrx_word' id='word_1_350' title='bbox 1207 3926 1286 3984; x_wconf 88' lang='lat' dir='ltr'><strong>ante</strong></span> <span class='ocrx_word' id='word_1_351' title='bbox 1302 3941 1443 3984; x_wconf 88' lang='lat' dir='ltr'><strong>coenam</strong></span> <span class='ocrx_word' id='word_1_352' title='bbox 1458 3919 1512 3985; x_wconf 89' lang='lat' dir='ltr'><strong>vel</strong></span> <span class='ocrx_word' id='word_1_353' title='bbox 1526 3919 1617 3985; x_wconf 90' lang='lat' dir='ltr'><strong>inter</strong></span> 
     </span>
     <span class='ocr_line' id='line_1_34' title="bbox 289 4023 1567 4115; baseline 0 -23"><span class='ocrx_word' id='word_1_354' title='bbox 289 4046 367 4093; x_wconf 88' lang='lat' dir='ltr'><strong>eam</strong></span> <span class='ocrx_word' id='word_1_355' title='bbox 386 4031 421 4093; x_wconf 92' lang='lat' dir='ltr'><strong>et</strong></span> <span class='ocrx_word' id='word_1_356' title='bbox 438 4026 601 4115; x_wconf 87' lang='lat' dir='ltr'><strong>post&#39;eam</strong></span> <span class='ocrx_word' id='word_1_357' title='bbox 616 4023 709 4091; x_wconf 91' lang='lat' dir='ltr'><strong>dicta</strong></span> <span class='ocrx_word' id='word_1_358' title='bbox 721 4030 800 4090; x_wconf 92' lang='lat' dir='ltr'><strong>sunt</strong></span> <span class='ocrx_word' id='word_1_359' title='bbox 812 4023 869 4113; x_wconf 82' lang='lat' dir='ltr'><strong>(el.</strong></span> <span class='ocrx_word' id='word_1_360' title='bbox 885 4027 1070 4091; x_wconf 87' lang='lat' dir='ltr'><strong>Commeat.</strong></span> <span class='ocrx_word' id='word_1_361' title='bbox 1091 4024 1128 4090; x_wconf 90' lang='lat' dir='ltr'><strong>iu</strong></span> <span class='ocrx_word' id='word_1_362' title='bbox 1143 4031 1219 4091; x_wconf 88' lang='lat' dir='ltr'><strong>Luc.</strong></span> <span class='ocrx_word' id='word_1_363' title='bbox 1239 4048 1273 4114; x_wconf 93' lang='lat' dir='ltr'><strong>p.</strong></span> <span class='ocrx_word' id='word_1_364' title='bbox 1289 4032 1365 4092; x_wconf 75' lang='lat'><strong>576.</strong></span> <span class='ocrx_word' id='word_1_365' title='bbox 1383 4032 1446 4092; x_wconf 79' lang='lat'><strong>578</strong></span> <span class='ocrx_word' id='word_1_366' title='bbox 1466 4030 1567 4113; x_wconf 86' lang='lat' dir='ltr'><strong>seq.).</strong></span> 
     </span>
    </p>
   </div>
   <div class='ocr_carea' id='block_1_9' title="bbox 325 4200 1614 4282">
    <p class='ocr_par' dir='ltr' id='par_1_10' title="bbox 325 4200 1614 4282">
     <span class='ocr_line' id='line_1_35' title="bbox 325 4200 1614 4282; baseline -0.004 -14"><span class='ocrx_word' id='word_1_367' title='bbox 325 4205 428 4268; x_wconf 86' lang='lat' dir='ltr'><strong>Verba</strong></span> <span class='ocrx_word' id='word_1_368' title='bbox 441 4200 518 4264; x_wconf 79' lang='lat' dir='ltr'><strong>illa:</strong></span> <span class='ocrx_word' id='word_1_369' title='bbox 542 4202 598 4282; x_wconf 84' lang='lat' dir='ltr'><strong>qui</strong></span> <span class='ocrx_word' id='word_1_370' title='bbox 610 4202 696 4263; x_wconf 89' lang='lat' dir='ltr'><strong>lotus</strong></span> <span class='ocrx_word' id='word_1_371' title='bbox 715 4207 840 4263; x_wconf 87' lang='lat' dir='ltr'><strong>estnon</strong></span> <span class='ocrx_word' id='word_1_372' title='bbox 861 4202 956 4264; x_wconf 89' lang='lat' dir='ltr'><strong>babet</strong></span> <span class='ocrx_word' id='word_1_373' title='bbox 976 4220 1056 4282; x_wconf 90' lang='lat' dir='ltr'><strong>opus</strong></span> <span class='ocrx_word' id='word_1_374' title='bbox 1071 4203 1130 4263; x_wconf 86' lang='lat' dir='ltr'><strong>nisi</strong></span> <span class='ocrx_word' id='word_1_375' title='bbox 1147 4208 1182 4264; x_wconf 91' lang='lat' dir='ltr'><strong>ut</strong></span> <span class='ocrx_word' id='word_1_376' title='bbox 1200 4203 1298 4281; x_wconf 90' lang='lat' dir='ltr'><strong>pedes</strong></span> <span class='ocrx_word' id='word_1_377' title='bbox 1321 4205 1403 4264; x_wconf 82' lang='lat' dir='ltr'><strong>lavet</strong></span> <span class='ocrx_word' id='word_1_378' title='bbox 1425 4204 1614 4266; x_wconf 87' lang='lat' dir='ltr'><strong>otmundus</strong></span> 
     </span>
    </p>
   </div>
   <div class='ocr_carea' id='block_1_10' title="bbox 63 4276 1614 4403">
    <p class='ocr_par' dir='ltr' id='par_1_11' title="bbox 63 4276 1614 4403">
     <span class='ocr_line' id='line_1_36' title="bbox 63 4276 1614 4403; baseline -0.003 -36"><span class='ocrx_word' id='word_1_379' title='bbox 63 4278 76 4403; x_wconf 50' lang='grc' dir='ltr'>ἶ</span> <span class='ocrx_word' id='word_1_380' title='bbox 101 4276 104 4283; x_wconf 31' lang='lat'>¹</span> <span class='ocrx_word' id='word_1_381' title='bbox 127 4296 132 4305; x_wconf 84' lang='grc'><strong>’</strong></span> <span class='ocrx_word' id='word_1_382' title='bbox 220 4364 224 4371; x_wconf 82' lang='grc'><strong><em>,</em></strong></span> <span class='ocrx_word' id='word_1_383' title='bbox 286 4309 335 4367; x_wconf 92' lang='lat' dir='ltr'><strong>est</strong></span> <span class='ocrx_word' id='word_1_384' title='bbox 355 4308 457 4374; x_wconf 92' lang='lat' dir='ltr'><strong>totus,</strong></span> <span class='ocrx_word' id='word_1_385' title='bbox 475 4318 570 4380; x_wconf 86' lang='lat' dir='ltr'><strong>saepe</strong></span> <span class='ocrx_word' id='word_1_386' title='bbox 593 4300 633 4362; x_wconf 90' lang='lat' dir='ltr'><strong>ad</strong></span> <span class='ocrx_word' id='word_1_387' title='bbox 650 4299 849 4379; x_wconf 87' lang='lat' dir='ltr'><strong>baptismum</strong></span> <span class='ocrx_word' id='word_1_388' title='bbox 869 4301 1102 4374; x_wconf 82' lang='lat' dir='ltr'><strong>reserebantur;</strong></span> <span class='ocrx_word' id='word_1_389' title='bbox 1119 4302 1163 4361; x_wconf 88' lang='lat' dir='ltr'><strong>ita</strong></span> <span class='ocrx_word' id='word_1_390' title='bbox 1182 4301 1261 4381; x_wconf 71' lang='lat' dir='ltr'><strong>Aup.</strong></span> <span class='ocrx_word' id='word_1_391' title='bbox 1280 4320 1289 4360; x_wconf 94' lang='lat'><em>:</em></span> <span class='ocrx_word' id='word_1_392' title='bbox 1307 4324 1321 4354; x_wconf 92' lang='lat'>«</span> <span class='ocrx_word' id='word_1_393' title='bbox 1341 4301 1438 4362; x_wconf 93' lang='lat' dir='ltr'><strong>homo</strong></span> <span class='ocrx_word' id='word_1_394' title='bbox 1457 4302 1489 4362; x_wconf 90' lang='lat' dir='ltr'><strong>in</strong></span> <span class='ocrx_word' id='word_1_395' title='bbox 1505 4308 1614 4362; x_wconf 87' lang='lat' dir='ltr'><strong>sancto</strong></span> 
     </span>
    </p>
   </div>
   <div class='ocr_carea' id='block_1_11' title="bbox 286 4398 1614 4972">
    <p class='ocr_par' dir='ltr' id='par_1_12' title="bbox 286 4398 1614 4972">
     <span class='ocr_line' id='line_1_37' title="bbox 290 4398 1614 4481; baseline -0.003 -18"><span class='ocrx_word' id='word_1_396' title='bbox 290 4402 451 4481; x_wconf 89' lang='lat' dir='ltr'><strong>baptismo</strong></span> <span class='ocrx_word' id='word_1_397' title='bbox 468 4399 601 4479; x_wconf 90' lang='lat' dir='ltr'><strong>quidem</strong></span> <span class='ocrx_word' id='word_1_398' title='bbox 616 4401 701 4460; x_wconf 92' lang='lat' dir='ltr'><strong>totus</strong></span> <span class='ocrx_word' id='word_1_399' title='bbox 717 4398 866 4470; x_wconf 87' lang='lat' dir='ltr'><strong>abluitur,</strong></span> <span class='ocrx_word' id='word_1_400' title='bbox 885 4417 948 4460; x_wconf 89' lang='lat' dir='ltr'><strong>non</strong></span> <span class='ocrx_word' id='word_1_401' title='bbox 967 4404 1091 4478; x_wconf 87' lang='lat' dir='ltr'><strong>praeter</strong></span> <span class='ocrx_word' id='word_1_402' title='bbox 1105 4399 1202 4477; x_wconf 90' lang='lat' dir='ltr'><strong>pedes</strong></span> <span class='ocrx_word' id='word_1_403' title='bbox 1220 4399 1276 4459; x_wconf 89' lang='lat' dir='ltr'><strong>sed</strong></span> <span class='ocrx_word' id='word_1_404' title='bbox 1292 4404 1378 4460; x_wconf 87' lang='lat' dir='ltr'><strong>totus</strong></span> <span class='ocrx_word' id='word_1_405' title='bbox 1395 4401 1542 4472; x_wconf 87' lang='lat' dir='ltr'><strong>omnino;</strong></span> <span class='ocrx_word' id='word_1_406' title='bbox 1558 4417 1614 4459; x_wconf 91' lang='lat' dir='ltr'><strong>ve-</strong></span> 
     </span>
     <span class='ocr_line' id='line_1_38' title="bbox 289 4496 1612 4576; baseline -0.002 -17"><span class='ocrx_word' id='word_1_407' title='bbox 289 4504 487 4570; x_wconf 89' lang='lat' dir='ltr'><strong>rumtamen,</strong></span> <span class='ocrx_word' id='word_1_408' title='bbox 503 4514 579 4559; x_wconf 93' lang='lat' dir='ltr'><strong>cum</strong></span> <span class='ocrx_word' id='word_1_409' title='bbox 600 4497 632 4557; x_wconf 90' lang='lat' dir='ltr'><strong>in</strong></span> <span class='ocrx_word' id='word_1_410' title='bbox 652 4496 747 4557; x_wconf 87' lang='lat' dir='ltr'><strong>rebus</strong></span> <span class='ocrx_word' id='word_1_411' title='bbox 768 4496 915 4558; x_wconf 88' lang='lat' dir='ltr'><strong>hamanis</strong></span> <span class='ocrx_word' id='word_1_412' title='bbox 935 4503 1045 4576; x_wconf 90' lang='lat' dir='ltr'><strong>postea</strong></span> <span class='ocrx_word' id='word_1_413' title='bbox 1069 4497 1196 4569; x_wconf 79' lang='lat' dir='ltr'><strong>vivitur,</strong></span> <span class='ocrx_word' id='word_1_414' title='bbox 1215 4497 1328 4575; x_wconf 89' lang='lat' dir='ltr'><strong>utique</strong></span> <span class='ocrx_word' id='word_1_415' title='bbox 1352 4503 1435 4558; x_wconf 85' lang='lat' dir='ltr'><strong>terra</strong></span> <span class='ocrx_word' id='word_1_416' title='bbox 1459 4499 1612 4569; x_wconf 71' lang='lat' dir='ltr'><strong>calcatur,</strong></span> 
     </span>
     <span class='ocr_line' id='line_1_39' title="bbox 295 4594 1610 4677; baseline 0.001 -22"><span class='ocrx_word' id='word_1_417' title='bbox 295 4598 358 4677; x_wconf 89' lang='lat' dir='ltr'><strong>ipsi</strong></span> <span class='ocrx_word' id='word_1_418' title='bbox 380 4598 477 4677; x_wconf 77' lang='lat' dir='ltr'><strong>igitur</strong></span> <span class='ocrx_word' id='word_1_419' title='bbox 495 4596 629 4658; x_wconf 89' lang='lat' dir='ltr'><strong>humani</strong></span> <span class='ocrx_word' id='word_1_420' title='bbox 651 4596 796 4667; x_wconf 84' lang='lat' dir='ltr'><strong>allectus,</strong></span> <span class='ocrx_word' id='word_1_421' title='bbox 819 4594 888 4657; x_wconf 91' lang='lat' dir='ltr'><strong>sine</strong></span> <span class='ocrx_word' id='word_1_422' title='bbox 912 4597 1028 4675; x_wconf 90' lang='lat' dir='ltr'><strong>quibus</strong></span> <span class='ocrx_word' id='word_1_423' title='bbox 1045 4597 1078 4655; x_wconf 91' lang='lat' dir='ltr'><strong>in</strong></span> <span class='ocrx_word' id='word_1_424' title='bbox 1101 4596 1160 4655; x_wconf 88' lang='lat' dir='ltr'><strong>hac</strong></span> <span class='ocrx_word' id='word_1_425' title='bbox 1183 4597 1377 4657; x_wconf 85' lang='lat' dir='ltr'><strong>mortalitate</strong></span> <span class='ocrx_word' id='word_1_426' title='bbox 1399 4613 1460 4656; x_wconf 87' lang='lat' dir='ltr'><strong>non</strong></span> <span class='ocrx_word' id='word_1_427' title='bbox 1484 4596 1610 4667; x_wconf 87' lang='lat' dir='ltr'><strong>vivitur,</strong></span> 
     </span>
     <span class='ocr_line' id='line_1_40' title="bbox 295 4693 1611 4774; baseline -0.002 -18"><span class='ocrx_word' id='word_1_428' title='bbox 295 4694 384 4772; x_wconf 85' lang='lat' dir='ltr'><strong>quasi</strong></span> <span class='ocrx_word' id='word_1_429' title='bbox 407 4694 507 4774; x_wconf 86' lang='lat' dir='ltr'><strong>pedes</strong></span> <span class='ocrx_word' id='word_1_430' title='bbox 528 4699 619 4771; x_wconf 86' lang='lat' dir='ltr'><strong>sunt,</strong></span> <span class='ocrx_word' id='word_1_431' title='bbox 636 4693 691 4755; x_wconf 88' lang='lat' dir='ltr'><strong>ubi</strong></span> <span class='ocrx_word' id='word_1_432' title='bbox 713 4710 751 4753; x_wconf 82' lang='lat' dir='ltr'><strong>ex</strong></span> <span class='ocrx_word' id='word_1_433' title='bbox 768 4693 919 4753; x_wconf 88' lang='lat' dir='ltr'><strong>humanis</strong></span> <span class='ocrx_word' id='word_1_434' title='bbox 939 4694 1032 4755; x_wconf 86' lang='lat' dir='ltr'><strong>rebus</strong></span> <span class='ocrx_word' id='word_1_435' title='bbox 1049 4693 1207 4754; x_wconf 80' lang='lat' dir='ltr'><strong>afficimur</strong></span> <span class='ocrx_word' id='word_1_436' title='bbox 1229 4701 1261 4755; x_wconf 89' lang='lat' dir='ltr'><strong>et</strong></span> <span class='ocrx_word' id='word_1_437' title='bbox 1281 4697 1326 4754; x_wconf 81' lang='lat' dir='ltr'><strong>sie</strong></span> <span class='ocrx_word' id='word_1_438' title='bbox 1344 4694 1512 4763; x_wconf 82' lang='lat' dir='ltr'><strong>allicimur,</strong></span> <span class='ocrx_word' id='word_1_439' title='bbox 1532 4699 1567 4756; x_wconf 89' lang='lat' dir='ltr'><strong>ut</strong></span> <span class='ocrx_word' id='word_1_440' title='bbox 1586 4696 1611 4755; x_wconf 89' lang='lat' dir='ltr'><strong>si</strong></span> 
     </span>
     <span class='ocr_line' id='line_1_41' title="bbox 289 4790 1611 4873; baseline -0.002 -20"><span class='ocrx_word' id='word_1_441' title='bbox 289 4792 463 4854; x_wconf 80' lang='lat' dir='ltr'><strong>dixerimus</strong></span> <span class='ocrx_word' id='word_1_442' title='bbox 478 4793 554 4872; x_wconf 90' lang='lat' dir='ltr'><strong>quia</strong></span> <span class='ocrx_word' id='word_1_443' title='bbox 568 4795 736 4873; x_wconf 89' lang='lat' dir='ltr'><strong>peceatum</strong></span> <span class='ocrx_word' id='word_1_444' title='bbox 749 4809 813 4852; x_wconf 89' lang='lat' dir='ltr'><strong>non</strong></span> <span class='ocrx_word' id='word_1_445' title='bbox 824 4790 993 4862; x_wconf 88' lang='lat' dir='ltr'><strong>habemus,</strong></span> <span class='ocrx_word' id='word_1_446' title='bbox 1011 4792 1170 4869; x_wconf 85' lang='lat' dir='ltr'><strong>nosipsos</strong></span> <span class='ocrx_word' id='word_1_447' title='bbox 1187 4792 1383 4870; x_wconf 86' lang='lat' dir='ltr'><strong>decipiamus</strong></span> <span class='ocrx_word' id='word_1_448' title='bbox 1399 4796 1430 4851; x_wconf 90' lang='lat' dir='ltr'><strong>et</strong></span> <span class='ocrx_word' id='word_1_449' title='bbox 1447 4793 1562 4853; x_wconf 84' lang='lat' dir='ltr'><strong>veritas</strong></span> <span class='ocrx_word' id='word_1_450' title='bbox 1579 4794 1611 4851; x_wconf 90' lang='lat' dir='ltr'><strong>in</strong></span> 
     </span>
     <span class='ocr_line' id='line_1_42' title="bbox 286 4888 1610 4972; baseline -0.001 -21"><span class='ocrx_word' id='word_1_451' title='bbox 286 4889 457 4951; x_wconf 88' lang='lat' dir='ltr'><strong>nobisnon</strong></span> <span class='ocrx_word' id='word_1_452' title='bbox 469 4892 538 4952; x_wconf 80' lang='lat' dir='ltr'><strong>sit»</strong></span> <span class='ocrx_word' id='word_1_453' title='bbox 554 4891 582 4972; x_wconf 89' lang='lat' dir='ltr'><strong>(l</strong></span> <span class='ocrx_word' id='word_1_454' title='bbox 598 4892 684 4952; x_wconf 90' lang='lat' dir='ltr'><strong>loan.</strong></span> <span class='ocrx_word' id='word_1_455' title='bbox 702 4889 776 4968; x_wconf 88' lang='lat' dir='ltr'><strong>l,8).</strong></span> <span class='ocrx_word' id='word_1_456' title='bbox 794 4888 876 4951; x_wconf 88' lang='lat' dir='ltr'><strong>Olim</strong></span> <span class='ocrx_word' id='word_1_457' title='bbox 895 4891 1029 4970; x_wconf 85' lang='lat' dir='ltr'><strong>egressis</strong></span> <span class='ocrx_word' id='word_1_458' title='bbox 1044 4908 1061 4950; x_wconf 90' lang='lat' dir='ltr'><strong>e</strong></span> <span class='ocrx_word' id='word_1_459' title='bbox 1075 4890 1160 4950; x_wconf 82' lang='lat' dir='ltr'><strong>tonte</strong></span> <span class='ocrx_word' id='word_1_460' title='bbox 1174 4891 1374 4968; x_wconf 81' lang='lat' dir='ltr'><strong>baptismatis</strong></span> <span class='ocrx_word' id='word_1_461' title='bbox 1388 4889 1484 4969; x_wconf 89' lang='lat' dir='ltr'><strong>pedes</strong></span> <span class='ocrx_word' id='word_1_462' title='bbox 1500 4892 1610 4952; x_wconf 89' lang='lat' dir='ltr'><strong>ablue-</strong></span> 
     </span>
    </p>
   </div>
   <div class='ocr_carea' id='block_1_12' title="bbox 0 0 2040 5648">
    <p class='ocr_par' dir='ltr' id='par_1_13' title="bbox 0 0 2040 5648">
     <span class='ocr_line' id='line_1_43' title="bbox 0 0 2040 5648; baseline 0 0"><span class='ocrx_word' id='word_1_463' title='bbox 0 0 2040 5648; x_wconf 95' lang='lat' dir='ltr'><strong> </strong></span> 
     </span>
    </p>
   </div>
  </div>
 </body>
</html>
