4050 5648
69 731 77 744 .
104 689 110 701 ·
141 690 148 698 ’
292 672 487 763 aceputug
498 670 616 759 aperte
631 661 757 731 alludit
772 667 922 735 Christus
941 667 986 734 ad
1002 661 1128 731 multos
1143 661 1222 728 illos
1240 664 1302 750 qui
1319 661 1537 755 postmodum
1554 683 1613 726 ex-

198 831 204 841 .
290 782 450 849 stiterunt
466 767 758 866 pseudochristos,
777 772 838 864 qui
851 769 1097 863 cupiditatibus
1109 767 1230 859 populi
1246 768 1464 839 blandientes
1475 768 1614 836 liberta-

71 913 99 957 :⁴
170 920 189 957 ι,
291 893 376 968 tem,
400 879 565 972 gloriam,
590 898 739 965 regnum
765 881 952 968 temporale
975 877 1220 967 promittebant
1244 883 1279 941 et
1302 878 1471 967 populum
1492 877 1615 942 misere

51 1004 57 1015 ·
118 976 186 1055 ’ἔ
289 987 496 1084 perdebant3
518 982 561 1049 cl.
579 987 679 1053 llere.
701 992 779 1066 13,o
794 992 829 1051 et
843 1007 932 1074 quae
951 984 994 1052 ad
1013 982 1112 1049 illum
1131 983 1247 1050 locum
1262 986 1391 1051 notavi.
1414 983 1506 1051 llulti
1523 983 1616 1048 hunc
1696 1049 1703 1065 .

90 1142 107 1187 c
129 1144 141 1179 ·,
289 1098 404 1166 alium
424 1089 468 1158 de
488 1091 691 1160 antichristo
711 1089 910 1177 intelligunt
929 1091 1023 1181 (cur.
1046 1089 1149 1157 cael.
1174 1086 1253 1156 ced.
1279 1092 1367 1177 [lup.
1391 1090 1505 1157 Thom.
1527 1092 1613 1155 Bon.

54 1186 60 1234 3
86 1186 176 1291 71⁶2,
293 1199 398 1288 rol.);
416 1202 452 1264 at
465 1219 625 1267 mnenon
639 1204 704 1281 est,
721 1218 784 1262 cur
799 1195 841 1264 de
856 1197 917 1264 illo
932 1196 1004 1263 solo
1021 1198 1207 1282 cogitetur;
1223 1195 1337 1285 potius
1352 1196 1499 1283 intelligi
1514 1196 1617 1263 debet

86 1282 96 1351 ‚²
240 1385 244 1393 ,
291 1306 502 1397 quicumque
522 1306 627 1374 lalsus
648 1303 768 1371 doctor
789 1306 956 1394 populum
980 1301 1111 1370 seducit
1131 1306 1236 1394 (Any.
1260 1301 1413 1390 Thone.);
1438 1310 1472 1367 et
1496 1303 1617 1369 merito

290 1395 352 1480 alii
375 1412 586 1481 mentionem
606 1410 762 1477 inferunt
783 1408 876 1478 illius
896 1409 1071 1498 Aegyptii,
1087 1410 1129 1479 de
1150 1433 1220 1501 quo
1236 1409 1400 1500 Iosephus
1422 1408 1521 1495 (Bell.
1541 1407 1615 1475 iud.

289 1524 421 1610 2,1c‚5)
439 1526 475 1589 et
490 1514 689 1588 Barobocab
708 1516 813 1600 (lons.
828 1517 942 1608 Lep).

85 1714 86 1721 ἵ
118 1685 127 1695 .
333 1632 447 1719 Atque
464 1627 501 1692 in
519 1626 688 1713 quantum
707 1620 857 1713 sibiipsi
878 1623 1011 1691 aditum
1030 1623 1150 1690 salutis
1169 1623 1368 1703 occludunt,
1391 1644 1518 1710 magna
1538 1642 1617 1688 cum

182 1720 187 1732 ⁸
291 1733 448 1825 emphasi
461 1730 559 1798 effert
568 1751 601 1794 v.
615 1728 838 1820 ecquomodo
849 1729 1213 1819 vospotestr'scredere,
1230 1729 1367 1797 attende
1376 1728 1618 1816 gradationem

292 1840 339 1908 ad
354 1845 449 1925 vuit)
464 1836 548 1926 (non
561 1833 682 1926 vultis)
697 1835 760 1926 qui
768 1836 919 1926 glorium
933 1835 975 1903 ub
989 1836 1134 1903 inuicem
1148 1837 1306 1926 accipitis
1321 1850 1354 1902 et
1364 1835 1516 1924 glorium
1530 1858 1618 1925 quoe

39 2008 43 2015 .
68 1940 102 1993 f'
114 1974 128 2015 ·,
291 1968 314 2013 u
327 1943 400 2012 solo
416 1946 485 2010 Deo
497 1955 546 2010 eat
561 1964 632 2031 nort
643 1941 835 2032 quaeritis?
850 1943 994 2010 ambitio
1010 1964 1128 2011 eorum
1147 1949 1181 2008 et
1195 1943 1357 2031 superbia
1374 1950 1407 2008 et
1425 1942 1620 2031 appetentia

100 2076 138 2134 ,γ’
165 2034 169 2041 ’
291 2050 405 2119 laudis
423 2055 459 2117 et
476 2048 617 2116 honoris
633 2047 729 2139 apud
749 2048 905 2116 hominus
919 2049 969 2117 ita
986 2049 1056 2117 ium
1074 2072 1193 2116 eorum
1213 2049 1346 2115 animos
1364 2048 1560 2136 occupavit,
1582 2054 1619 2114 ut

74 2134 161 2213 '⁴⁵32
293 2157 337 2226 de
362 2156 423 2225 nei
445 2153 697 2246 approbatione
718 2155 815 2223 etde
835 2155 895 2223 illa
916 2156 1027 2243 gloria
1051 2178 1139 2246 quae
1160 2155 1205 2222 ab
1229 2178 1299 2222 uno
1321 2161 1388 2222 Deo
1412 2154 1488 2221 dari
1509 2160 1621 2245 potest

293 2264 636 2332 nullatenuscurent.
655 2265 694 2329 ln
711 2284 849 2330 eavero
861 2263 1055 2330 animorum
1068 2263 1246 2330 allectione
1260 2261 1481 2352 perspicuum
1497 2267 1547 2327 est
1564 2283 1621 2327 eos

293 2392 366 2438 non
388 2391 486 2460 posse
505 2367 656 2453 credere,
675 2367 745 2436 sihi
763 2369 969 2459 persuadere
988 2352 1139 2436 llessiam
1160 2391 1327 2459 apparere
1347 2370 1386 2434 in
1405 2368 1617 2443 humilitate,

295 2475 454 2545 maentiri
469 2475 648 2544 doctrinae
661 2480 736 2544 lesu
751 2475 796 2543 de
811 2475 1021 2560 humilitate,
1036 2476 1081 2544 de
1093 2476 1146 2544 sui
1159 2476 1406 2563 abnegatione,
1425 2475 1620 2564 relinquere

296 2584 473 2652 notionem
496 2582 540 2652 de
564 2605 674 2672 regno
697 2582 831 2651 lleadae
856 2584 1041 2673 temporali
1063 2590 1127 2652 etc.
1153 2589 1192 2650 Et
1214 2591 1427 2674 quantopere
1448 2583 1621 2672 pharisaei

296 2689 411 2759 laudis
423 2690 551 2757 luerint
564 2695 779 2780 appetentes,
801 2690 879 2757 vide
894 2691 1009 2758 llatth.
1026 2696 1106 2771 23,5
1125 2714 1195 2780 seq.
1214 2696 1291 2757 Luc.
1312 2696 1424 2771 11,t3.
1445 2695 1494 2756 En
1512 2692 1622 2778 impe-

298 2796 491 2865 dimentum
508 2794 735 2887 perveniendi
752 2795 796 2863 ad
815 2796 918 2863 fidem
936 2804 969 2864 et
984 2797 1087 2864 simul
1101 2798 1204 2864 etiam
1224 2798 1357 2863 occasio
1374 2805 1408 2862 et
1424 2818 1528 2862 causa
1541 2794 1620 2862 fidei

298 2901 524 2986 amittendae,
540 2923 621 2968 nam
638 2901 797 2992 superbis
812 2906 898 2969 Deus
913 2902 1057 2987 resistit,
1072 2902 1262 2969 humilibus
1278 2902 1339 2969 dat
1352 2903 1517 2990 gratiam!
1536 2903 1622 2968 Assi-

297 3016 427 3098 gnatur
443 3011 481 3077 in
498 3009 563 3077 hac
583 3008 780 3099 emphatica
797 3009 919 3076 Christi
938 3011 1110 3078 locutione
1127 3009 1296 3100 quomodo
1311 3010 1496 3099 potestis...
1514 3008 1620 3075 docu-

298 3123 456 3185 mentum
472 3114 689 3206 praeclarum
701 3115 744 3182 iis
762 3137 911 3206 qnorum
925 3123 975 3183 eet
986 3115 1073 3183 alios
1083 3116 1128 3183 ud
1147 3115 1251 3183 fidem
1270 3116 1442 3184 adducere
1460 3118 1541 3183 etin
1554 3115 1622 3182 lide

106 3298 110 3305 ¹
298 3228 456 3314 suscepta
479 3222 638 3290 retinere.
665 3223 787 3311 Utique
809 3221 984 3290 ambitiosi
1006 3229 1041 3289 et
1061 3223 1225 3312 superbia
1245 3230 1415 3290 tumentes
1439 3223 1561 3289 nolunt
1587 3224 1622 3288 in

223 3403 227 3421 Ι
300 3329 534 3421 captivitatem
549 3327 709 3415 redigere
723 3327 934 3396 intellectum
954 3329 990 3396 in
1004 3329 1207 3419 obsequium
1221 3330 1346 3397 Christi
1364 3330 1398 3415 (2
1419 3335 1492 3397 Cor.
1515 3334 1620 3416 lou).

346 3440 488 3525 Demnm
506 3440 543 3502 et
562 3456 680 3511 eorum
703 3435 945 3522 gloriationem
968 3435 1011 3502 de
1031 3439 1136 3503 sacris
1154 3437 1276 3502 litteris
1299 3460 1333 3503 v.
1344 3423 1399 3502 ‘39
1422 3437 1565 3503 destruit
1590 3444 1624 3503 et

301 3532 452 3631 lloysen,
468 3562 572 3631 quem
585 3545 705 3608 contra
719 3542 888 3609 Christum
902 3548 935 3609 et
949 3544 1022 3609 eius
1035 3543 1159 3628 agendi
1176 3542 1317 3609 modum
1333 3548 1508 3631 tamquam
1524 3566 1623 3611 accu-

301 3654 450 3729 satorem
459 3645 700 3737 producebant
714 3647 769 3734 (cf.
787 3670 820 3714 v,
839 3648 1076 3737 10),ips0rum
1101 3671 1171 3715 esse
1191 3656 1426 3716 accusatorem
1441 3649 1566 3716 dicitv.
1581 3656 1621 3718 t5

303 3754 540 3846 rwliteputarc
554 3754 637 3844 quio
651 3775 714 3842 eqo
733 3767 952 3822 accusaturus
973 3757 1037 3821 sim
1060 3779 1115 3822 cos
1135 3754 1231 3845 apud
1253 3759 1411 3839 Patrcm;
1429 3757 1557 3823 locutio
1574 3764 1624 3823 est

303 3862 504 3952 praesertim
523 3865 601 3949 post
619 3882 653 3927 v.
675 3865 778 3926 2227
799 3861 1010 3951 emphaticu;
1024 3864 1164 3929 omnino
1178 3884 1248 3929 non
1258 3886 1345 3952 opus
1357 3871 1407 3929 est
1421 3885 1473 3930 me
1484 3887 1622 3930 accusa·

303 3975 394 4048 tore,
410 3966 482 4034 iam
492 3965 585 4033 enim
593 3972 732 4055 praesto
749 3973 800 4033 est
816 3966 919 4047 alius,
935 3967 995 4033 ille
1011 3969 1103 4034 idem
1113 3991 1217 4057 quem
1227 3976 1374 4036 vestrum
1385 3977 1566 4059 patronum
1583 3994 1623 4037 ac

303 4074 515 4142 defensorem
526 4070 761 4139 arbitramini:
775 4086 823 4139 cst
833 4073 895 4164 qui
901 4087 1040 4141 accuset
1048 4098 1116 4157 cos,
1128 4086 1202 4143 ἔστιν
1212 4077 1349 4157 exsistit,
1362 4078 1457 4143 adest
1467 4089 1481 4144 ὁ
1492 4108 1623 4164 zum:-

304 4192 363 4270 ρῶν
379 4190 459 4265 ὑμῶν
470 4182 649 4250 accusator
659 4184 785 4264 vester,
798 4181 858 4270 qui
873 4181 940 4246 hoc
953 4181 989 4247 in
1006 4204 1041 4249 se
1056 4204 1179 4249 munus
1194 4183 1351 4262 assumit,
1364 4186 1495 4269 Moyses·
1508 4184 1545 4249 iu
1555 4207 1622 4272 quo

304 4309 361 4354 vos
373 4285 517 4377 speratis
527 4291 675 4369 ἠλπίωτε
691 4286 728 4351 in
743 4308 812 4375 quo
826 4309 920 4376 spem
936 4287 1124 4356 collocastis
1141 4297 1175 4355 et
1191 4289 1391 4355 collocatum
1410 4290 1559 4372 hahetis,
1580 4292 1622 4357 de

302 4395 402 4462 cuius
420 4390 611 4483 patrocinio
629 4390 726 4459 vobis
745 4394 983 4479 gratulamini,
1002 4396 1084 4485 quia
1099 4397 1299 4461 scrutamini
1319 4397 1480 4463 mandata
1499 4399 1571 4464 eius
1591 4406 1624 4464 et

302 4500 416 4586 legem
432 4501 504 4567 eius
520 4495 764 4565 traditionibus
781 4500 901 4567 vestris
918 4503 1014 4591 quasi
1033 4524 1112 4589 sepe
1129 4501 1174 4566 ad
1193 4503 1418 4570 arctissimam
1438 4506 1623 4570 observan-

303 4607 386 4673 tiam
398 4602 679 4674 circumdedistis.
696 4610 805 4696 Atque
820 4629 877 4674 eos
891 4607 1031 4674 minime
1043 4608 1140 4693 lloysi
1154 4609 1293 4676 credere
1305 4611 1456 4677 affirmat
1467 4613 1624 4698 quamvis

302 4711 346 4778 de
364 4734 405 4779 eo
425 4714 616 4801 glorientur
637 4713 777 4802 eiusque
797 4713 911 4801 legem
921 4735 964 4780 se
985 4720 1140 4781 accurate
1164 4739 1300 4783 servare
1326 4717 1451 4783 iactent
1468 4717 1621 4807 adeoque

303 4821 436 4905 lloysen
459 4842 558 4888 suum
579 4817 673 4911 apud
692 4821 797 4887 Deum
819 4828 1000 4911 patronum
1022 4821 1204 4890 celebrent.
1229 4830 1277 4889 lta
1296 4824 1398 4890 simul
1419 4825 1544 4912 prohat
1561 4849 1622 4892 eur

304 4928 429 5012 lloyses
441 4928 485 4994 sit
509 4948 627 4995 eorum
645 4933 820 4994 accusator
838 4936 872 4996 et
890 4950 992 5020 quam
1014 4929 1135 4996 merito
1152 4954 1209 4998 eos
1228 4938 1362 4998 accuset
1378 4954 1409 4996 v.
1427 4939 1469 4998 to
1483 4934 1513 4998 si
1529 4934 1620 5000 cuim

258 5266 392 5312 A
