4116 5648
854 367 936 412 roan.
961 346 1062 417 1934.

291 501 347 582 ¹¹3
365 498 427 567 inl.
447 523 501 586 cp.
521 495 577 585 35)
599 493 777 566 dexterum
797 501 887 567 latus
901 497 1027 565 dicitur
1045 520 1261 588 percussum,
1282 498 1377 586 quod
1401 518 1481 567 cum
1503 520 1523 563 a
1542 520 1621 565 eon-
1762 464 1775 485 Ἃ

287 611 383 672 sueto
400 602 502 671 modo
525 602 667 671 recedat
679 606 817 672 tortasse
832 612 925 673 certa
945 603 1127 671 traditione
1146 603 1321 692 proditum
1336 610 1397 670 est.
1414 610 1545 672 Nomen
1558 605 1622 670 mi·

286 712 354 778 litis
381 709 477 776 illius
505 708 614 778 fertur
636 712 825 798 Longinus,
857 733 874 778 e
896 717 994 798 λόγχῃ
1020 713 1181 776 enatum?
1202 718 1354 778 ceterum
1376 709 1412 776 in
1441 709 1621 796 evangelio

285 814 460 882 Nicodemi
480 817 636 883 centurio
658 816 725 882 hoc
747 817 887 885 nomine
910 815 1115 904 appellatur.
1143 816 1192 882 Uti
1221 815 1325 882 verba
1344 816 1478 901 dicunt,
1501 836 1620 883 verum

287 922 492 1006 sanguinem
518 928 552 989 et
573 944 690 989 veram
713 943 839 1011 aquam
861 945 879 990 e
902 922 1007 989 latere
1027 922 1190 989 transfixo
1214 922 1320 988 exisse
1342 923 1528 991 tenendum
1551 927 1617 1002 est;

286 1048 365 1093 nam
387 1049 508 1096 cavere
528 1033 664 1118 oportet
682 1049 836 1096 errorem
856 1028 900 1097 ab
921 1028 1119 1096 Innocentio
1135 1032 1176 1094 lli
1192 1028 1394 1095 damnatum
1410 1029 1466 1116 (ct.
1491 1032 1617 1096 Decret.

283 1137 384 1221 Greg.
408 1139 449 1201 IX
463 1135 525 1201 lih.
552 1138 594 1200 lll
619 1134 669 1200 tit.
698 1138 736 1200 tl
762 1157 790 1202 c.
809 1140 840 1224 8)
867 1156 933 1201 non
949 1157 1064 1202 veram
1084 1157 1212 1225 aquam
1232 1135 1334 1202 luisse
1354 1133 1414 1202 sed
1438 1134 1619 1202 humorem

283 1240 575 1330 phlegmaticum,
598 1238 773 1329 phlegma.
791 1241 938 1309 Dubium
952 1241 1013 1336 vix
1028 1248 1078 1309 est
1092 1240 1177 1331 quiu
1194 1241 1230 1307 in
1245 1241 1309 1308 hoc
1324 1249 1449 1309 eventu
1462 1240 1621 1308 miraculi

284 1347 478 1438 quidquam
497 1332 736 1429 intervenerit,
755 1347 877 1414 saltem
892 1347 928 1413 in
943 1369 1032 1438 aqua
1045 1349 1104 1437 (cl.
1126 1346 1389 1439 Theophilum.
1407 1347 1520 1414 Thom.
1545 1346 1617 1416 cai.

283 1456 362 1520 Bar.
392 1456 476 1542 Lep.
504 1452 592 1519 Corl.
617 1451 721 1542 Schq.
743 1453 878 1541 Selia),
907 1454 1063 1542 quamvis
1088 1454 1197 1546 aliqui
1219 1462 1350 1542 negent
1374 1451 1639 1541 evangelistam

285 1582 365 1626 eum
381 1565 542 1626 eventum
566 1558 799 1626 considerasse
826 1558 1084 1642 miraculosum,
1112 1563 1195 1651 quia
1217 1560 1252 1627 id
1276 1539 1474 1628 nullalenus
1492 1558 1619 1628 iudicet

282 1665 363 1755 (Fit.
398 1665 530 1753 Weiss).
556 1664 622 1732 Sed
655 1664 783 1756 ubique
808 1666 1024 1754 evangelista
1046 1674 1165 1734 narrat
1188 1689 1277 1757 rem,
1307 1667 1422 1756 prouti
1450 1673 1545 1754 gesta
1568 1671 1620 1734 est

282 1772 370 1838 nihil
392 1771 510 1839 dicens
525 1772 569 1838 de
590 1772 776 1854 miraculo,
802 1774 896 1862 quod
910 1772 1019 1860 igitur
1038 1795 1077 1840 ex
1100 1782 1224 1842 eventu
1245 1773 1320 1864 ipso
1342 1772 1618 1840 concludendum

281 1886 341 1945 est.
364 1877 487 1968 Aliqua
507 1879 676 1946 naturalis
690 1878 844 1947 conditio
855 1880 910 1946 cui
925 1902 979 1947 res
992 1879 1194 1950 miraculosa
1206 1903 1317 1972 aquae
1333 1880 1506 1948 effluentis
1522 1879 1619 1970 quasi

278 1986 529 2074 superstruitur
547 1985 642 2052 cerni
664 1992 776 2076 potest
794 1988 830 2054 in
855 1987 1049 2076 pericardio
1073 2010 1142 2078 quo
1166 2010 1225 2056 cor
1248 1986 1456 2067 involvitur3
1482 2008 1564 2054 nam
1582 1985 1620 2053 in

279 2093 390 2181 spatio
410 2091 503 2182 quod
526 2091 629 2158 corde
649 2115 720 2159 non
739 2091 903 2182 impletur
922 2095 1075 2161 eontinet
1090 2092 1323 2183 pericardium
1343 2092 1514 2182 liquorem
1528 2091 1618 2182 peri·

280 2197 405 2280 cardii,
431 2199 500 2264 lere
520 2197 700 2265 dimidiam
715 2201 850 2265 unciam
864 2200 920 2287 (cl.
939 2198 1057 2287 Hyrtl,
1073 2202 1251 2266 Anatomie
1265 2206 1317 2267 12.
1336 2198 1391 2266 ed.
1403 2223 1439 2290 p.
1452 2200 1541 2289 882).
1556 2203 1618 2266 Pe·

281 2304 430 2371 ricardio
444 2304 561 2393 itaque
581 2303 672 2372 laeso
684 2304 800 2394 liquor
817 2304 875 2372 ille
889 2305 1020 2373 ellluxit
1033 2307 1091 2394 (ct.
1107 2309 1265 2396 Lcnqeu,
1283 2311 1394 2374 Letzte
1410 2306 1620 2393 Lebcnstage

279 2416 355 2478 lesu
372 2434 405 2500 p.
429 2411 521 2500 357).
540 2411 607 2477 alii
627 2433 701 2478 rem
721 2408 892 2502 explicent
907 2411 1125 2481 distinctione
1146 2414 1234 2480 lacta
1253 2413 1344 2480 iuter
1359 2434 1474 2479 serum
1490 2418 1524 2480 et
1547 2409 1621 2501 pla·

281 2523 416 2584 centam
440 2517 496 2607 (cl.
523 2517 659 2606 Sctz.);
685 2541 748 2607 per
770 2525 916 2585 mortem
939 2520 1031 2586 enim
1059 2519 1238 2606 sanguinis
1257 2517 1434 2606 coagulati
1458 2515 1621 2604 globulos

279 2631 455 2713 separatos
469 2624 514 2690 ab
530 2623 664 2713 liquore
676 2647 902 2715 quemscrum
919 2630 1043 2692 vocant
1057 2647 1127 2692 una
1141 2647 1219 2692 cum
1235 2648 1311 2692 sero
1325 2625 1420 2715 quod
1434 2624 1619 2692 maximam

279 2736 411 2819 partem
431 2752 542 2819 aquae
564 2731 716 2797 continet
733 2731 918 2811 effluxisse,
942 2737 978 2797 at
1001 2752 1115 2799 serum
1134 2739 1251 2800 tamen
1273 2733 1413 2823 proprie
1435 2754 1525 2821 aqua
1548 2753 1619 2798 non

278 2843 345 2918 est,
361 2836 462 2902 sicuti
479 2838 583 2903 etiam
598 2836 659 2903 ille
676 2837 792 2927 liquor
805 2837 991 2927 pericardii
1007 2838 1156 2906 viscosus
1169 2847 1219 2906 est
1231 2846 1265 2906 et
1283 2839 1425 2906 minime
1443 2837 1519 2906 lluit
1531 2836 1619 2906 sieut

278 2965 379 3032 aqua.
399 2949 508 3022 Quare
527 2942 700 3011 concludit
720 2943 810 3012 Cori.
834 2945 1040 3031 sanguinem
1065 2945 1201 3013 fluxisse
1226 2946 1320 3013 iuxta
1341 2945 1435 3033 leges
1457 2951 1615 3026 naturae,

278 3071 405 3139 aquam
426 3072 488 3138 per
504 3049 719 3117 miraculum.

318 3209 365 3269 Ad
383 3226 481 3286 quem
506 3215 657 3271 eventum
678 3211 830 3272 loannem
850 3229 979 3291 quoque
1002 3213 1162 3290 respicere
1178 3230 1273 3291 saepe
1287 3212 1380 3273 aiunt
1394 3212 1427 3272 in
1442 3212 1545 3290 prima
1561 3227 1618 3272 sua

278 3306 414 3384 epistola
432 3309 485 3378 5,6
502 3323 509 3366 :
527 3307 580 3368 hic
598 3314 648 3368 est
666 3309 723 3385 qui
743 3309 831 3369 venit
850 3326 906 3387 per
925 3327 1044 3387 aquam
1063 3315 1095 3371 et
1116 3311 1319 3391 sanguinem,
1341 3311 1430 3371 Iesus
1453 3308 1616 3380 Christus,

278 3421 340 3463 non
357 3404 388 3463 in
401 3421 486 3481 aqua
502 3405 624 3474 solum,
641 3405 697 3466 sed
714 3406 748 3466 in
762 3424 845 3485 aqua
858 3412 890 3468 et
904 3408 1069 3486 sanguine.
1088 3408 1150 3469 Sed
1170 3409 1250 3470 haec
1265 3409 1360 3469 verba
1380 3407 1486 3468 multo
1502 3406 1619 3468 melius
1680 3468 1682 3472 ,
1752 3467 1754 3471 ,

277 3508 458 3580 congruunt
473 3502 632 3581 baptismo
647 3502 781 3576 Christi,
798 3521 863 3583 quo
880 3511 1017 3566 mortem
1035 3523 1069 3566 se
1087 3506 1255 3567 obiturum
1269 3505 1478 3585 significavit,
1495 3510 1527 3565 et
1544 3521 1619 3564 san·

276 3599 383 3677 guinis
403 3598 551 3660 ellusioni
574 3600 608 3659 in
628 3601 779 3678 passione
800 3602 920 3674 lactae;
938 3608 1103 3681 praetcrea
1118 3603 1248 3664 attende
1267 3620 1342 3665 cum
1363 3602 1506 3682 emphasi
1527 3600 1616 3662 dici:

278 3714 342 3756 non
358 3697 390 3756 in
407 3714 490 3774 aqua
505 3697 627 3770 solum,
645 3698 751 3759 sedin
768 3717 850 3778 aqua
864 3705 897 3760 et
911 3701 1078 3779 sanguine.
1096 3700 1159 3761 Sed
1175 3702 1201 3762 si
1218 3702 1257 3762 de
1275 3700 1490 3779 perforatione
1511 3699 1619 3760 lateris

278 3798 364 3853 esset
382 3810 504 3866 sermo,
520 3794 628 3871 potius
648 3793 823 3856 dicendum
846 3802 938 3856 erat:
962 3814 1024 3857 non
1049 3797 1081 3856 in
1101 3799 1254 3876 sanguine
1274 3797 1400 3869 solum,
1418 3797 1474 3858 sed
1494 3796 1525 3856 iu
1546 3813 1619 3857 san·

277 3891 373 3968 guina
397 3896 429 3951 et
451 3908 549 3969 aqua;
574 3909 649 3951 nam
672 3908 791 3970 aquam
811 3911 828 3954 e
851 3911 1003 3972 percusso
1023 3894 1123 3955 latere
1144 3895 1276 3956 eltluere
1299 3895 1350 3955 vix
1373 3895 1546 3974 quisquam
1570 3911 1620 3953 ex·

277 3993 450 4066 spectaret,
469 3990 657 4068 sanguinem
680 3989 811 4051 eltluere
833 4008 928 4052 nemo
950 3992 1130 4053 miraretur.
1157 3995 1237 4054 Dein
1266 3992 1351 4071 quod
1372 3993 1393 4052 l.
1415 4010 1443 4053 c.
1460 3992 1616 4052 additur:

275 4087 407 4164 spiritus
423 4088 540 4165 estqui
555 4088 757 4160 testificatur,
776 4087 903 4149 videtur
917 4088 1029 4150 reterri
1045 4090 1084 4150 ad
1102 4091 1310 4169 baptismum.

315 4183 406 4255 Quod
429 4184 529 4261 aliqui
553 4185 675 4262 opinati
697 4191 770 4247 sunt
785 4187 947 4247 Christum
968 4192 1063 4265 rupto
1078 4190 1173 4248 corde
1191 4189 1327 4259 obiisse,
1348 4188 1473 4249 admitti
1490 4186 1614 4266 nequit.

278 4284 356 4342 Nam
371 4280 448 4342 artis
463 4282 607 4343 medicae
628 4284 723 4361 periti
739 4284 848 4346 dicunt
862 4289 1030 4362 rupturam
1046 4286 1150 4347 cordis
1166 4305 1229 4347 non
1248 4286 1376 4347 evenire
1392 4287 1456 4346 nisi
1472 4287 1504 4346 in
1524 4301 1615 4364 orga-

277 4380 379 4440 nismo
404 4379 551 4440 morbido
572 4398 628 4441 seu
650 4381 760 4459 aliquo
780 4381 905 4444 delectu
925 4382 1106 4456 laborante;
1124 4385 1166 4444 ita
1188 4385 1300 4445 scribit
1322 4403 1353 4445 v.
1368 4403 1399 4464 g.
1420 4382 1585 4463 Niemcycr
1605 4399 1616 4441 :

277 4477 412 4537 niemals
427 4478 573 4537 zerrcisst
589 4479 640 4538 ein
652 4479 812 4557 gesundes
828 4482 922 4552 Herz,
938 4497 992 4541 eor
1006 4498 1121 4542 sanum
1132 4482 1293 4561 rumpitur
1303 4499 1472 4560 nunquam
1487 4478 1612 4558 (Patho-

277 4573 361 4651 logie
378 4576 388 4634 l
405 4595 436 4654 p.
454 4576 527 4644 304,
546 4576 623 4635 item
646 4575 772 4654 chert,
791 4579 971 4639 Praktische
992 4580 1144 4650 lledizin,
1162 4583 1190 4639 2.
1209 4580 1259 4640 ed.
1278 4581 1289 4641 l
1307 4598 1337 4659 p.
1355 4580 1439 4658 685).
1458 4579 1525 4639 lam
1546 4577 1615 4638 evi·

280 4673 358 4732 dens
374 4678 423 4732 est
438 4674 472 4732 in
487 4673 556 4734 Iesu
578 4674 761 4735 morbidam
779 4676 885 4736 cordis
906 4677 1123 4750 allectionem,
1142 4679 1267 4739 noriam
1287 4677 1395 4738 cordis
1417 4660 1615 4754 pinguitudi-

278 4787 350 4829 nem
373 4787 456 4847 quac
479 4778 527 4831 est
548 4777 699 4848 rupturae
723 4791 814 4834 eausa
836 4775 1023 4853 praecipua,
1044 4777 1165 4836 assumi
1185 4777 1368 4838 nullatenus
1390 4792 1498 4855 posse.
1515 4774 1614 4835 Porro
