4050 5648
340 540 343 545 ,
375 561 376 565 ¹
456 485 545 550 lasus
564 480 681 546 autem
694 479 738 549 de
760 480 827 549 alia
846 475 949 565 plane
963 476 1121 548 libertate
1141 482 1175 543 et
1194 480 1357 546 servitute
1379 481 1478 572 loqui·
1492 503 1527 548 se
1547 482 1744 552 manifestat

411 592 445 655 et
463 608 532 678 qua
550 583 687 654 funesta
702 587 884 654 teneantur
898 585 1062 654 servitute
1074 582 1168 650 haud
1182 585 1328 653 obscure
1342 607 1398 651 eos
1411 590 1569 675 coarguit
1586 609 1616 655 v.
1635 591 1677 654 at
1692 611 1742 653 re-

410 688 547 785 spondit
568 690 615 759 eis
629 695 720 761 Iesus
743 711 756 755 .·
774 711 891 774 amen,
919 713 1020 760 amen
1038 690 1114 757 dico
1137 692 1250 777 vobis;
1268 690 1389 756 modus
1411 695 1577 760 narrandi
1593 696 1629 762 in
1648 717 1680 762 v.
1699 700 1740 761 33

409 796 549 866 omnino
561 799 682 888 exigit,
705 794 818 883 utqui
838 800 911 863 lesu
927 799 1096 867 obiiciant
1114 798 1181 864 sint
1200 821 1240 865 ex
1254 796 1324 863 illis
1338 795 1422 887 ipsis
1439 797 1571 864 ludaeis
1591 803 1652 888 qui
1667 822 1742 869 ore·
1790 864 1792 868 .

409 901 579 988 dideraut,
597 905 647 972 uti
665 904 723 969 Or,
739 901 818 970 θὴν.
834 905 920 993 Rup.
937 904 1011 973 Cui.
1029 901 1135 969 Mald.
1154 903 1255 972 Sclrz.
1269 902 1336 970 Fil.
1358 905 1477 970 merito
1493 913 1644 986 censent,
1657 906 1740 973 dum

300 1031 318 1090 '.
408 1006 469 1074 alii
485 1010 698 1079 arbitrantur
717 1029 775 1075 eos
798 1010 1012 1100 respondisse
1032 1008 1093 1097 qui
1113 1007 1284 1077 increduli
1308 1018 1508 1077 manserunt
1528 1010 1628 1099 (Aup.
1657 1010 1737 1079 Bed.

279 1122 285 1139 ¹
310 1106 313 1111 ’
408 1113 480 1181 Tol.
504 1118 595 1184 lans.
612 1117 693 1181 Bar.
716 1116 800 1205 Lap.
822 1115 962 1207 Sctp.);
984 1120 1108 1205 putant
1121 1117 1193 1183 scil.
1215 1115 1353 1204 eosqui
1373 1115 1535 1183 dicuntur
1555 1117 1739 1186 credidisse

289 1214 297 1237 ³
405 1241 476 1288 nou
490 1221 638 1314 potuisse
647 1224 719 1287 tam
734 1219 801 1288 cito
814 1220 940 1290 iterum
955 1222 1112 1289 exsistere
1128 1220 1251 1290 Christi
1263 1222 1489 1290 adversarios.
1509 1223 1577 1290 Sed
1593 1244 1740 1310 evauge-

405 1325 483 1398 lista
497 1350 568 1396 non
581 1326 656 1394 sino
675 1331 767 1395 certo
782 1329 924 1396 consilio
939 1325 1037 1395 addit
1048 1348 1242 1395 sermonem
1259 1327 1334 1395 fieri
1346 1328 1392 1396 ad
1409 1327 1556 1396 Iudaeos
1568 1337 1603 1397 et
1615 1328 1739 1397 modus

276 1454 282 1464 ·
314 1461 323 1472 ·
349 1459 350 1462 ’
405 1455 473 1525 quo
482 1431 638 1503 ¹Christus
652 1454 711 1501 eos
724 1432 911 1523 alloquitur
925 1434 985 1523 qui
1000 1433 1223 1500 crediderunt
1235 1432 1381 1501 Izulaeos
1398 1435 1465 1501 iam
1481 1437 1562 1503 satis
1575 1436 1734 1518 ostendit,

300 1623 304 1632 Ι
404 1562 461 1608 eos
475 1537 650 1631 pertinere
664 1540 711 1609 ad
723 1538 802 1607 illos
815 1540 941 1630 quihus
963 1539 1038 1630 ipse
1058 1545 1149 1607 lesus
1163 1562 1198 1607 se
1217 1563 1287 1607 nou
1309 1541 1419 1608 credit
1437 1541 1543 1631 (zib)
1561 1549 1735 1611 eteorum

353 1668 356 1674 ·
404 1644 580 1736 responsio
589 1645 735 1715 nimium
745 1647 940 1715 manifestat
952 1652 1082 1736 quanto
1100 1653 1234 1714 tumore
1246 1669 1367 1714 eorum
1379 1647 1565 1715 animlsiut
1581 1649 1733 1739 impleti,

298 1736 301 1741 ’
403 1773 481 1820 cam
499 1750 572 1819 scil.
589 1751 744 1820 indolem
758 1752 908 1843 produnt
921 1775 1027 1843 quam
1040 1758 1133 1821 lesus
1147 1759 1226 1834 5,tt
1242 1754 1473 1844 reprehendit,
1491 1758 1562 1832 Qua
1575 1756 1736 1824 servitute

404 1862 589 1926 teneantur
605 1859 725 1949 (quam
740 1858 859 1949 utique
877 1880 1064 1946 agnoscere
1079 1859 1215 1948 nolunt)
1231 1864 1322 1927 lesus
1336 1861 1482 1950 explicat
1498 1884 1506 1930 :
1524 1861 1608 1952 quia
1626 1863 1736 1931 omnis

322 2024 325 2030 .
402 1964 466 2054 qui
476 1963 770 2056 scrupeorum,
783 1988 898 2034 seruus
908 1979 958 2033 est
970 1966 1125 2056 peccati,·
1139 1966 1172 2032 ci
1189 1972 1239 2033 est
1252 1966 1425 2034 subiectus
1442 1990 1464 2034 a
1482 1990 1551 2058 quo
1563 1967 1673 2056 victus
1685 1976 1735 2037 est

292 2087 297 2094 ·
331 2091 334 2101 ·
402 2075 437 2139 et
451 2070 534 2140 dnm
551 2071 707 2139 homose
721 2071 838 2140 subdit
851 2071 1005 2155 dominio
1020 2072 1153 2163 peccati
1163 2075 1306 2163 eiusque
1322 2073 1437 2140 evadit
1452 2096 1586 2153 servus,
1603 2097 1643 2142 eo
1658 2076 1732 2165 ipso

402 2181 510 2245 cessat
523 2199 594 2245 esse
608 2177 702 2246 tilius
716 2179 786 2246 uei.
802 2183 891 2247 Beue
905 2185 1004 2247 notat
1019 2182 1111 2270 Aup.
1129 2185 1260 2269 quanto
1275 2180 1429 2269 pondere
1445 2185 1534 2247 lesus
1548 2179 1730 2271 loquatur:

401 2305 518 2368 amen,
534 2305 636 2352 amen
650 2282 728 2352 dico
742 2284 851 2369 υοὸίε,
873 2313 890 2346 «
910 2287 1036 2353 veritas
1052 2285 1150 2363 dicit;
1166 2285 1235 2353 iam
1250 2292 1419 2376 quantum
1435 2287 1500 2354 hoc
1513 2287 1732 2381 commenda-

401 2394 474 2458 tum
490 2389 550 2471 sit,
567 2413 607 2457 cx
627 2390 708 2481 ipsa·
721 2390 957 2478 geminatione
975 2392 1189 2480 cognoscite,
1211 2393 1449 2473 commendat,
1470 2392 1636 2473 inculcat,
1654 2392 1732 2460 dor-

400 2496 544 2565 mientes
557 2495 816 2586 quodammodo
831 2498 970 2578 excitat,
987 2499 1137 2565 intentos
1158 2498 1255 2580 iacit,
1273 2500 1449 2566 contemni
1469 2521 1538 2565 non
1555 2501 1626 2567 vult
1646 2528 1676 2567 u.
1694 2504 1732 2566 at

401 2601 485 2673 dioit
503 2602 630 2687 omnic,
646 2608 684 2671 ut
695 2624 797 2672 nemo
808 2604 1009 2694 excipiatur,
1029 2604 1176 2673 cuiusvis
1189 2603 1330 2671 tandem
1349 2605 1393 2671 sit
1406 2604 1598 2692 diguitatis3
1620 2606 1730 2674 incul-

293 2774 296 2780 ,
399 2715 455 2777 cat
466 2729 550 2798 ergo
565 2709 699 2778 ludaeis
710 2709 778 2777 illis
790 2711 918 2779 frustra
931 2732 988 2779 eos
1003 2711 1146 2798 gloriari
1161 2711 1204 2777 de
1219 2710 1353 2799 origine
1368 2710 1413 2779 ab
1425 2711 1600 2780 Abraham
1613 2713 1726 2780 ducta.

400 2818 439 2882 ut
456 2814 569 2905 qualis
583 2816 701 2884 futura
717 2817 761 2884 sit
774 2838 893 2885 eorum
907 2839 996 2901 sors,
1014 2818 1178 2907 parabola
1195 2817 1250 2884 vel
1267 2818 1422 2908 exemplo
1438 2818 1591 2885 declarat
1611 2841 1618 2887 :
1636 2842 1668 2885 v.
1686 2826 1727 2888 35

398 2932 637 2989 serouscutem
649 2944 721 2989 non
738 2936 853 2991 munet
866 2923 903 2990 in
917 2922 1018 2991 domo
1038 2925 1074 2990 iu
1091 2938 1285 3008 aetermcm3
1305 2931 1415 3014 potest
1433 2946 1453 2991 a
1468 2924 1611 2992 domino
1623 2926 1727 2993 vendi

398 3026 704 3115 alteri,·ablegari;
722 3051 792 3096 non
809 3028 980 3097 hebetius
993 3030 1172 3112 manendi,
1188 3030 1285 3097 nullo
1301 3030 1403 3097 modo
1418 3030 1589 3121 particeps
1602 3039 1654 3099 est
1667 3032 1727 3099 he·

396 3132 552 3201 reditatis
561 3135 717 3223 nequein
729 3134 866 3224 plenam
879 3136 1126 3226 possessionem
1137 3138 1307 3230 bonorum
1318 3137 1611 3224 heriiugreditur;
1626 3139 1725 3228 proin
1816 3225 1819 3228 ἦ
1879 3164 1882 3171 ·
1935 3158 1938 3169 ·

395 3239 485 3306 servi
498 3240 631 3330 pcccati
644 3263 666 3307 a
677 3262 785 3328 regno
804 3241 864 3309 uei
878 3248 912 3308 et
930 3242 1031 3310 bonis
1045 3243 1171 3309 divinis
1190 3244 1212 3308 i.
1231 3265 1261 3309 e.
1280 3266 1301 3310 a
1316 3244 1449 3310 familia
1465 3243 1521 3311 Dei
1536 3250 1570 3312 et
1590 3243 1725 3312 heredi·

289 3378 293 3384 <
396 3351 465 3412 tate
482 3346 620 3414 coelesti
634 3347 875 3428 excluduntur3
890 3347 989 3437 filius
1004 3361 1119 3416 autem
1144 3362 1260 3417 mouet
1282 3351 1319 3415 iu
1334 3361 1531 3434 aeteruum,·
1552 3352 1605 3418 ius
1621 3351 1726 3418 habet

394 3457 598 3542 perpetuum
617 3452 827 3522 manendiin
837 3455 1200 3539 domo,iusbonorum
1210 3463 1244 3523 et
1254 3457 1466 3524 hereditatis.
1480 3461 1597 3524 Parem
1608 3460 1724 3547 itaque

395 3580 474 3626 cum
486 3565 584 3649 patre
598 3560 764 3628 honorem
780 3566 813 3628 et
822 3561 912 3628 servi
924 3584 946 3629 a
957 3561 1066 3629 libero
1081 3563 1310 3631 differentiam
1325 3563 1497 3650 siguificat
1516 3561 1646 3652 (Chat,
1660 3564 1724 3632 hac

396 3664 507 3755 posita
528 3666 750 3735 similitudine
776 3667 1049 3736 animadvertere
1077 3676 1277 3759 promptum
1310 3676 1360 3737 est
1389 3692 1493 3760 quam
1524 3669 1724 3738 terribiliter

395 3771 574 3840 denuntiet
586 3771 717 3840 ludaeis
731 3773 825 3864 quod
842 3773 933 3864 ipsos
947 3775 1039 3842 exire
1053 3783 1190 3864 oportet
1205 3777 1335 3866 (Eup).
1355 3781 1424 3842 lam
1439 3798 1557 3844 omncs
1568 3777 1723 3844 homines

395 3885 518 3947 natura
535 3884 615 3946 suut
625 3881 731 3962 servi,
752 3881 842 3948 servi
860 3883 1007 3970 peccati,
1026 3904 1113 3950 unus
1125 3889 1175 3948 est
1192 3888 1316 3949 natura
1337 3883 1438 3949 Filius
1453 3883 1513 3972 qui
1527 3888 1577 3950 est
1596 3885 1628 3948 in
1644 3883 1720 3950 sinu

395 3985 518 4069 Patris,
534 3987 594 4076 qui
609 3986 709 4054 estin
723 3987 817 4054 coelo
839 3988 949 4077 (1,18;
971 3992 1083 4076 ³,1³);
1107 3988 1199 4055 unde
1223 3989 1407 4078 applicatio
1422 3989 1657 4056 similitudinis
1668 3990 1720 4057 ia-

394 4091 460 4160 cile
472 4098 581 4183 patet;
603 4092 709 4159 immo
724 4091 761 4159 iu
778 4092 887 4160 altero
904 4095 1060 4161 membro
1079 4095 1149 4161 iam
1165 4096 1327 4161 transitus
1349 4094 1393 4161 ab
1409 4095 1564 4185 exemplo
1582 4096 1626 4162 ad
1646 4118 1720 4163 rem

394 4199 533 4286 agnosci
547 4205 673 4290 potest;
696 4200 743 4266 ita
764 4209 779 4268 ὁ
799 4205 859 4280 υἱός
877 4199 919 4267 de
939 4202 1022 4268 Filio
1047 4202 1103 4267 Dei
1127 4201 1369 4288 intelligitura
1391 4201 1469 4270 Chr.
1494 4205 1574 4290 Cpr.
1604 4201 1716 4268 Ttom.

395 4304 509 4387 Scia,
526 4305 609 4374 dum
627 4307 687 4374 alii
706 4328 900 4373 samonem
917 4307 1154 4397 parabolicum
1177 4309 1213 4374 iu
1231 4317 1375 4397 utroque
1395 4307 1550 4374 membro
1574 4307 1722 4374 retinent

395 4411 453 4500 (ci.
468 4410 598 4481 ›Theod
613 4416 661 4480 M.
682 4412 764 4480 Bed.
782 4415 869 4503 Rup.
894 4414 967 4482 cai.
988 4415 1056 4483 Tol.
1074 4416 1165 4481 lans.
1183 4418 1276 4481 Patr.
1298 4414 1416 4500 cort).

438 4518 541 4586 Filius
553 4541 634 4586 vero
649 4519 810 4587 dominus
824 4525 872 4587 est
888 4528 921 4587 et
935 4521 1067 4588 domini
1085 4529 1135 4589 est
1149 4544 1262 4589 servos
1280 4521 1440 4602 liberare,
1458 4521 1714 4600 manumittere;

395 4622 483 4691 filius
501 4631 615 4694 autem
635 4625 795 4694 dominus
809 4649 849 4694 eo
871 4649 1010 4718 quoque
1030 4629 1242 4719 perhibetur,
1269 4628 1351 4718 quia
1376 4635 1489 4695 manet
1508 4629 1542 4694 in
1562 4627 1665 4695 domo
1678 4627 1715 4695 in

393 4739 596 4823 perpetuum
612 4733 687 4801 iure
701 4735 816 4803 nativo
833 4739 866 4800 et
885 4735 1043 4823 proprio;
1067 4736 1158 4803 unde
1177 4734 1396 4824 consequitur
1410 4758 1442 4803 v.
1465 4741 1507 4802 36
1519 4734 1550 4800 si
1563 4756 1642 4824 erpo
1659 4757 1716 4802 vos
