4050 5648
688 498 745 545 con
766 464 951 550 rorrssuru'rr
972 499 1090 548 neeeur
1112 466 1250 548 'romum
1270 498 1442 571 rucroaru.
1491 478 1496 484 ’
1582 470 1585 477 ’

404 639 496 714 12,8;
515 634 629 712 ΞΒΜ.
646 637 744 703 ttarc.
767 640 879 718 1332.
899 636 978 700 Luc.
998 638 1182 722 1,aa;3‚23
1198 632 1291 723 etc).
1313 633 1407 703 Unde
1421 637 1514 724 patet
1529 635 1623 723 apud
1635 637 1730 728 ipsos
1791 666 1793 672 ·

400 736 596 825 synopticos
615 742 696 809 satis
717 742 811 810 clarc
831 737 990 809 altiorem
1011 739 1134 811 Christi
1156 748 1317 809 naturam
1334 764 1374 810 ac
1393 739 1547 809 divinam
1567 739 1727 812 indicari.
1809 773 1811 777 ¹
1838 792 1840 799 ι

402 848 525 912 Verum
543 844 631 916 illud
650 850 766 939 potius
779 843 880 914 nulla
893 849 1025 916 ratione
1041 845 1205 934 explicari
1222 853 1349 938 potest,
1368 848 1460 938 quod
1472 848 1524 915 illi
1537 846 1637 916 nobis
1649 870 1729 936 per-

399 949 543 1020 suadere
554 949 822 1042 voluntetqued
833 950 922 1021 nibil
933 961 985 1022 est
994 953 1059 1021 nisi
1071 951 1234 1041 aenigma
1246 953 1539 1043 psychologicum,
1554 954 1729 1045 quomodo
1831 948 1840 1035 j

399 1055 472 1125 scii.
493 1060 653 1150 discipuli
672 1057 906 1148 apostolorum
930 1081 1008 1128 eum
1028 1063 1135 1126 Deum
1155 1059 1311 1149 putarint
1333 1080 1435 1147 quem
1455 1059 1602 1149 apostoli
1618 1063 1728 1129 solum
1832 1072 1837 1087 ’“

400 1162 686 1235 hominemtuisse
696 1162 905 1249 docuissent3
922 1185 1039 1233 verum
1054 1188 1124 1233 non
1133 1166 1246 1232 solum
1256 1164 1420 1251 aenigma
1431 1170 1492 1248 est,
1504 1165 1565 1233 sed
1575 1187 1629 1232 res
1641 1189 1730 1256 quae
1821 1212 1838 1226 .-

399 1274 518 1362 nequit
532 1274 689 1360 cogitari.

442 1379 565 1449 Dicunt
579 1380 872 1467 praetereuntium
886 1400 1027 1470 prorsus
1042 1380 1233 1465 imaginem
1246 1378 1372 1446 Christi
1386 1378 1589 1447 exhiberiin
1605 1384 1729 1470 quarto
1780 1363 1782 1367 ἵ
1829 1365 1840 1453 s

397 1485 591 1573 evangelio,
609 1505 714 1572 quam
734 1487 828 1577 apud
842 1484 1049 1575 synopticos.
1068 1491 1117 1552 lta
1133 1486 1166 1552 ei
1183 1483 1325 1552 attribui
1344 1490 1545 1576 potestatem
1565 1487 1729 1556 miracula
1838 1527 1840 1530 ·

397 1588 653 1682 patrandiquae
662 1590 767 1679 longe
780 1591 922 1661 excedat
933 1590 1030 1659 iilam
1042 1612 1131 1682 quae
1139 1592 1233 1681 apud
1245 1613 1303 1659 eos
1313 1591 1730 1682 deprehendaturffland·
1801 1641 1806 1681 ἶ

397 1717 483 1784 com.
502 1719 535 1785 p.
554 1694 589 1786 9)
607 1716 615 1764 :
632 1718 758 1786 aquam
779 1699 906 1766 mutari
923 1698 961 1764 in
980 1699 1115 1781 vinum;
1134 1704 1297 1786 aegrotos
1314 1699 1427 1765 sanari
1447 1696 1570 1765 itincre
1593 1699 1728 1767 dierum

397 1803 577 1886 distantes,
593 1803 756 1872 claudum
768 1811 811 1874 38
822 1826 1010 1888 annorum,
1026 1825 1197 1873 caecuma
1208 1804 1401 1888 nativitate,
1419 1811 1593 1873 mortuum
1604 1804 1673 1873 iam
1689 1829 1729 1874 ex
1810 1792 1840 1903 js

396 1913 557 2000 quattuor
571 1909 692 1977 diebus
703 1912 908 1980 resuscitari.
931 1911 999 1980 Sed
1016 1933 1077 1991 en,
1094 1910 1188 2001 apud
1203 1911 1401 2002 synopticos
1415 1916 1613 2002 potestatem
1627 1913 1729 1981 mira·
1833 1914 1836 1919 ’

376 2013 473 2084 'cula
492 2017 652 2105 patrandi
675 2017 779 2085 etiam
803 2018 986 2086 duodecim
1010 2016 1189 2107 discipulis
1211 2018 1390 2104 largitur:
1411 2019 1567 2085 infirmos
1590 2025 1726 2101 curate,
1833 2058 1840 2091 ;

397 2129 549 2190 mortuos
566 2124 744 2206 suscitate,
766 2125 920 2214 leprosos
938 2123 1121 2205 mundate,
1143 2124 1329 2191 daemones
1352 2124 1464 2191 ciieite
1484 2124 1612 2214 (natta.
1636 2131 1726 2209 10,8.
1830 2110 1837 2161 5

396 2232 474 2296 Luc.
488 2229 577 2319 9,1),
593 2231 680 2298 etad
692 2231 911 2321 septuaginta
925 2252 1063 2322 quoque
1079 2230 1163 2298 dicit
1177 2254 1186 2300 :
1199 2236 1316 2299 curate
1331 2229 1502 2313 infirmos,
1515 2230 1575 2321 qui
1585 2230 1728 2299 reduces
1831 2230 1838 2295 ζ

397 2334 549 2403 referunt
565 2360 573 2403 :
594 2339 698 2405 etiam
714 2337 899 2406 daemones
916 2336 1148 2406 subiiciuntur
1162 2337 1264 2405 nobis
1279 2337 1314 2404 in
1329 2336 1470 2406 nomine
1483 2341 1543 2405 tuo
1559 2337 1652 2427 (Luc.
1672 2345 1726 2420 10,
1813 2363 1817 2371 ⁴

396 2443 1725 2536 9.17).Nonnemaiorquaedampotestaaapudsynoptioosexhiherividetur,
1834 2443 1840 2458 '

395 2549 477 2638 quia
495 2571 571 2616 eam
586 2556 637 2617 tot
650 2551 727 2618 aliis
747 2557 858 2642 potest
877 2551 1049 2619 tribuere?
1063 2555 1102 2618 Et
1116 2553 1176 2641 qui
1191 2553 1264 2640 ipse
1286 2555 1438 2618 mortuos
1452 2549 1573 2616 excitat
1588 2555 1623 2617 et
1636 2550 1728 2617 hanc

395 2662 598 2746 potestatem
617 2657 693 2724 aliis
708 2657 868 2744 largitur,
886 2657 976 2725 hanc
991 2678 1187 2724 mensuram
1200 2657 1376 2747 potestatis
1389 2677 1458 2723 non
1472 2655 1575 2743 longe
1588 2660 1728 2746 superat

395 2768 568 2830 mortuum
587 2763 859 2853 quatriduanum
878 2763 1086 2832 suscitando.
1108 2762 1211 2852 Apud
1229 2761 1425 2852 synopticos
1444 2762 1569 2830 mulier
1586 2768 1728 2830 sanatur

393 2870 567 2956 sanguinis
581 2871 711 2937 fluxum
730 2892 831 2960 passa
847 2892 910 2960 per
928 2891 1037 2938 annos
1055 2869 1238 2937 duodecim
1255 2869 1384 2957 (Matth.
1403 2874 1494 2952 930.
1512 2875 1610 2937 Maro.
1633 2875 1724 2953 535.

392 2980 470 3042 Luc.
488 2977 583 3065 ΒΜ)
598 2984 633 3045 et
650 2976 721 3043 alia
734 2999 799 3065 per
812 2975 1003 3044 octodecim
1023 2998 1131 3043 annos
1148 2975 1329 3062 alligatae
1343 2981 1460 3043 satana
1481 2975 1573 3065 (Luc.
1592 2974 1725 3063 13,16);

392 3080 483 3171 apud
504 3084 701 3170 synopticos
722 3086 812 3149 iesus
826 3104 897 3149 non
912 3083 1022 3149 solum
1037 3087 1135 3148 sanat
1148 3081 1221 3148 solo
1238 3087 1325 3148 nutu
1345 3081 1530 3148 voluntatis
1546 3085 1727 3167 aegrotum

393 3187 584 3271 absentem,
601 3209 719 3255 verum
739 3189 809 3254 iam
824 3210 845 3254 a
860 3188 976 3277 priore
995 3187 1146 3254 creditur
1161 3210 1183 3254 a
1196 3188 1397 3254 centurione
1412 3186 1449 3255 id
1465 3209 1561 3277 posse
1580 3187 1725 3255 efficere.

395 3296 497 3361 Porro
510 3293 539 3360 si
554 3293 813 3361 considerantur
829 3315 917 3383 quae
933 3294 1130 3361 referuntur
1149 3294 1264 3361 Matth.
1287 3300 1385 3376 8,16;
1399 3299 1496 3376 9373
1512 3297 1611 3361 Marc.
1635 3300 1725 3376 132.
1770 3372 1772 3376 ,
1837 3344 1840 3350 .

395 3405 474 3467 Luc.
489 3407 568 3481 nte
582 3407 667 3484 etc,
684 3401 753 3467 iam
768 3401 880 3468 elucet
895 3401 1068 3468 immerito
1083 3401 1186 3467 asseri
1202 3401 1237 3466 in
1251 3405 1375 3490 quarto
1388 3400 1567 3487 evangelio
1581 3404 1728 3489 potesta·
1836 3442 1840 3452 -

393 3512 462 3574 tem
472 3506 575 3594 longe
587 3507 764 3575 maiorem.
776 3511 1010 3574 —Praeterea
1021 3512 1163 3575 monent
1173 3511 1283 3574 lesum
1296 3505 1333 3572 in
1345 3507 1412 3573 hoc
1422 3505 1602 3592 evangelio
1612 3505 1726 3574 statim
1831 3532 1837 3539 ’

394 3613 438 3681 ab
452 3613 550 3681 initio
563 3635 646 3681 suae
661 3612 841 3701 dignitatis
854 3611 922 3680 sibi
935 3635 1008 3680 ease
1020 3614 1213 3702 conscium,
1230 3634 1367 3702 semper
1377 3633 1516 3680 manere
1528 3612 1674 3679 eundem
1691 3614 1727 3680 in
1831 3643 1837 3698 ss

395 3720 460 3786 hac
474 3720 604 3807 gloriae
613 3741 695 3787 suae
706 3719 1000 3802 manifestatione,
1013 3719 1122 3786 solum
1134 3719 1178 3786 de
1187 3742 1222 3786 se
1235 3725 1341 3787 etaua
1352 3725 1477 3786 natura
1486 3718 1604 3787 divina
1615 3718 1724 3809 loqui,
1836 3794 1839 3801 ,

395 3825 548 3893 exhiberi
563 3826 769 3894 omniscium
779 3848 787 3910 ;
798 3826 883 3892 dum
893 3825 987 3916 apud
996 3827 1192 3915 synopticos
1207 3830 1298 3892 lesus
1308 3825 1476 3917 paulatim
1487 3826 1522 3892 in
1533 3825 1726 3912 cognitione
1836 3894 1839 3898 .

396 3933 547 4000 muneris
558 3933 611 3999 sui
625 3932 798 4023 proficiat,
816 3933 929 4023 primo
943 3931 986 3999 de
999 3955 1040 3999 eo
1055 3933 1091 3998 in
1105 3931 1278 4022 baptismo
1293 3930 1465 4015 eruditus,
1482 3931 1727 3999 tentationibus

396 4038 574 4129 probatus,
585 4037 747 4125 indigens
757 4062 821 4129 pro
831 4061 866 4106 se
876 4040 1033 4105 oratione
1044 4038 1089 4106 ad
1101 4043 1225 4121 Deum3
1239 4039 1350 4105 omitti
1365 4039 1403 4105 in
1412 4044 1534 4128 quarto
1545 4038 1726 4127 evangelio

396 4166 485 4235 quae
499 4150 657 4211 naturam
673 4144 825 4213 divinam
839 4144 1044 4229 dedeceant,
1061 4146 1273 4233 agoniamin
1286 4145 1403 4228 horto,
1421 4145 1674 4213 derelictionem
1689 4144 1725 4211 in
1833 4192 1836 4196 -

397 4272 513 4333 cruce,
528 4253 601 4317 sitis
615 4251 825 4320 mentionem
834 4251 910 4320 fieri
919 4251 1042 4335 solum,
1054 4260 1092 4321 ut
1106 4257 1404 4320 consummaretur
1411 4252 1586 4342 Scriptura
1602 4251 1726 4341 (Holtz-

395 4380 518 4442 mann,
534 4357 622 4424 Einl.
641 4381 676 4448 p.
700 4362 861 4441 teratu
878 4358 1062 4427 Handcom.
1082 4383 1116 4449 p.
1135 4360 1220 4448 aa).
1238 4364 1362 4426 Verum
1376 4359 1462 4426 haec
1479 4360 1596 4424 omnia
1614 4379 1677 4448 per
1690 4379 1725 4425 se

395 4463 586 4547 diluuntur,
606 4464 792 4533 dummodo
814 4466 893 4556 quis
912 4465 999 4533 sciat
1019 4466 1190 4533 Christum
1213 4471 1320 4534 Deum
1341 4487 1411 4532 esse
1436 4470 1471 4530 et
1494 4463 1669 4531 hominem
1692 4474 1725 4532 et

397 4576 556 4639 ioannem
569 4593 609 4638 ea
618 4571 986 4662 omittereplerumque
995 4595 1084 4662 quac
1095 4573 1139 4640 ab
1151 4573 1229 4640 aliis
1239 4576 1378 4639 narrata
1387 4576 1475 4638 sunt.
1489 4576 1724 4661 insuperopns

395 4684 500 4746 estut
518 4678 705 4768 synopticis
720 4700 844 4746 nonen
859 4679 1205 4769 adscribanturquae
1225 4677 1368 4745 minime
1384 4676 1525 4760 docent;
1542 4679 1591 4746 ita
1609 4679 1724 4746 nulla-

396 4785 627 4853 tenusdocent
639 4790 748 4854 lesum
758 4785 931 4876 baptismo
946 4786 1086 4855 tandem
1097 4785 1259 4854 didicisse
1274 4807 1309 4852 se
1320 4807 1392 4855 esse
1400 4785 1541 4853 forsitan
1556 4785 1720 4854 Messiam.

395 4895 508 4982 Neque
522 4890 616 4982 apud
631 4896 795 4961 loannem
809 4892 933 4961 desunt
945 4916 1035 4986 quae
1047 4892 1200 4961 animum
1213 4894 1286 4961 eius
1299 4892 1488 4961 humanum
1504 4893 1608 4961 trariis
1622 4891 1723 4961 affec-
