<?xml version="1.0" encoding="UTF-8"?>
<!DOCTYPE html PUBLIC "-//W3C//DTD XHTML 1.0 Transitional//EN"
    "http://www.w3.org/TR/xhtml1/DTD/xhtml1-transitional.dtd">
<html xmlns="http://www.w3.org/1999/xhtml" xml:lang="en" lang="en">
 <head>
  <title>
</title>
<meta http-equiv="Content-Type" content="text/html;charset=utf-8" />
  <meta name='ocr-system' content='tesseract 3.04.00' />
  <meta name='ocr-capabilities' content='ocr_page ocr_carea ocr_par ocr_line ocrx_word'/>
</head>
<body>
  <div class='ocr_page' id='page_1' title='image "./commentariusinq00knabgoog_0096.png"; bbox 0 0 4116 5648; ppageno 0'>
   <div class='ocr_carea' id='block_1_1' title="bbox 347 627 1753 2664">
    <p class='ocr_par' dir='ltr' id='par_1_1' title="bbox 347 627 1753 2664">
     <span class='ocr_line' id='line_1_1' title="bbox 421 627 1742 713; baseline -0.001 -18"><span class='ocrx_word' id='word_1_1' title='bbox 421 631 658 713; x_wconf 65' lang='lat' dir='ltr'>quid‘Verbum·</span> <span class='ocrx_word' id='word_1_2' title='bbox 670 629 822 712; x_wconf 77' lang='lat' dir='ltr'>singulari</span> <span class='ocrx_word' id='word_1_3' title='bbox 841 630 967 695; x_wconf 87' lang='lat' dir='ltr'>ratione</span> <span class='ocrx_word' id='word_1_4' title='bbox 985 630 1102 713; x_wconf 95' lang='lat' dir='ltr'>populo</span> <span class='ocrx_word' id='word_1_5' title='bbox 1124 627 1225 688; x_wconf 92' lang='lat' dir='ltr'>electo</span> <span class='ocrx_word' id='word_1_6' title='bbox 1240 646 1314 706; x_wconf 89' lang='lat' dir='ltr'>prae</span> <span class='ocrx_word' id='word_1_7' title='bbox 1334 629 1405 689; x_wconf 91' lang='lat' dir='ltr'>aliis</span> <span class='ocrx_word' id='word_1_8' title='bbox 1426 627 1574 706; x_wconf 81' lang='lat' dir='ltr'>gentibus</span> <span class='ocrx_word' id='word_1_9' title='bbox 1595 629 1742 707; x_wconf 78' lang='lat' dir='ltr'>largitum</span> 
     </span>
     <span class='ocr_line' id='line_1_2' title="bbox 361 724 1744 809; baseline -0.001 -19"><span class='ocrx_word' id='word_1_10' title='bbox 361 726 363 730; x_wconf 62' lang='lat'>&#39;</span> <span class='ocrx_word' id='word_1_11' title='bbox 420 731 476 797; x_wconf 81' lang='lat' dir='ltr'>sit,</span> <span class='ocrx_word' id='word_1_12' title='bbox 491 727 622 792; x_wconf 88' lang='lat' dir='ltr'>evidens</span> <span class='ocrx_word' id='word_1_13' title='bbox 643 735 702 792; x_wconf 87' lang='lat' dir='ltr'>est.</span> <span class='ocrx_word' id='word_1_14' title='bbox 718 730 755 788; x_wconf 82' lang='lat' dir='ltr'>at</span> <span class='ocrx_word' id='word_1_15' title='bbox 772 727 800 787; x_wconf 91' lang='lat' dir='ltr'>si</span> <span class='ocrx_word' id='word_1_16' title='bbox 815 748 844 790; x_wconf 87' lang='lat' dir='ltr'>v.</span> <span class='ocrx_word' id='word_1_17' title='bbox 863 732 902 804; x_wconf 84' lang='lat' dir='ltr'>lt)</span> <span class='ocrx_word' id='word_1_18' title='bbox 920 724 1128 809; x_wconf 79' lang='lat' dir='ltr'><strong>explicaveris</strong></span> <span class='ocrx_word' id='word_1_19' title='bbox 1143 724 1183 784; x_wconf 91' lang='lat' dir='ltr'>de</span> <span class='ocrx_word' id='word_1_20' title='bbox 1208 727 1325 787; x_wconf 93' lang='lat' dir='ltr'>mundo</span> <span class='ocrx_word' id='word_1_21' title='bbox 1340 732 1413 787; x_wconf 90' lang='lat' dir='ltr'>ante</span> <span class='ocrx_word' id='word_1_22' title='bbox 1430 725 1677 786; x_wconf 91' lang='lat' dir='ltr'>incarnationem</span> <span class='ocrx_word' id='word_1_23' title='bbox 1695 728 1744 805; x_wconf 92' lang='lat' dir='ltr'>(ut</span> 
     </span>
     <span class='ocr_line' id='line_1_3' title="bbox 421 822 1742 908; baseline -0.003 -22"><span class='ocrx_word' id='word_1_24' title='bbox 421 827 485 886; x_wconf 89' lang='lat' dir='ltr'>iere</span> <span class='ocrx_word' id='word_1_25' title='bbox 498 843 610 890; x_wconf 91' lang='lat' dir='ltr'>omnes</span> <span class='ocrx_word' id='word_1_26' title='bbox 623 824 807 908; x_wconf 84' lang='lat' dir='ltr'>exponunt),</span> <span class='ocrx_word' id='word_1_27' title='bbox 823 846 901 890; x_wconf 93' lang='lat' dir='ltr'>num</span> <span class='ocrx_word' id='word_1_28' title='bbox 914 827 973 889; x_wconf 92' lang='lat' dir='ltr'>tibi</span> <span class='ocrx_word' id='word_1_29' title='bbox 988 822 1183 903; x_wconf 83' lang='lat' dir='ltr'>persuaseris</span> <span class='ocrx_word' id='word_1_30' title='bbox 1199 822 1424 901; x_wconf 74' lang='lat' dir='ltr'>evangelistam</span> <span class='ocrx_word' id='word_1_31' title='bbox 1441 830 1542 884; x_wconf 92' lang='lat' dir='ltr'>totum</span> <span class='ocrx_word' id='word_1_32' title='bbox 1558 823 1637 885; x_wconf 93' lang='lat' dir='ltr'>illud</span> <span class='ocrx_word' id='word_1_33' title='bbox 1656 825 1742 901; x_wconf 93' lang='lat' dir='ltr'>quod</span> 
     </span>
     <span class='ocr_line' id='line_1_4' title="bbox 420 918 1744 1007; baseline -0.003 -23"><span class='ocrx_word' id='word_1_34' title='bbox 420 924 503 985; x_wconf 89' lang='lat' dir='ltr'>Deus</span> <span class='ocrx_word' id='word_1_35' title='bbox 517 943 574 1006; x_wconf 90' lang='lat' dir='ltr'>pro</span> <span class='ocrx_word' id='word_1_36' title='bbox 587 921 682 1007; x_wconf 86' lang='lat' dir='ltr'>lsrael</span> <span class='ocrx_word' id='word_1_37' title='bbox 696 921 771 985; x_wconf 83' lang='lat' dir='ltr'>lecit</span> <span class='ocrx_word' id='word_1_38' title='bbox 790 930 822 986; x_wconf 90' lang='lat' dir='ltr'>et</span> <span class='ocrx_word' id='word_1_39' title='bbox 842 924 928 1004; x_wconf 92' lang='lat' dir='ltr'>quod</span> <span class='ocrx_word' id='word_1_40' title='bbox 943 923 975 982; x_wconf 96' lang='lat' dir='ltr'>in</span> <span class='ocrx_word' id='word_1_41' title='bbox 991 920 1082 980; x_wconf 90' lang='lat' dir='ltr'>libris</span> <span class='ocrx_word' id='word_1_42' title='bbox 1097 920 1339 1000; x_wconf 73' lang='lat' dir='ltr'>sapient&#39;ialibus</span> <span class='ocrx_word' id='word_1_43' title='bbox 1359 919 1437 979; x_wconf 89' lang='lat' dir='ltr'>adeo</span> <span class='ocrx_word' id='word_1_44' title='bbox 1453 920 1613 997; x_wconf 89' lang='lat' dir='ltr'>praeclare</span> <span class='ocrx_word' id='word_1_45' title='bbox 1634 922 1672 982; x_wconf 89' lang='lat' dir='ltr'>de</span> <span class='ocrx_word' id='word_1_46' title='bbox 1687 918 1744 981; x_wconf 89' lang='lat' dir='ltr'>Sa·</span> 
     </span>
     <span class='ocr_line' id='line_1_5' title="bbox 419 1016 1744 1100; baseline -0.004 -19"><span class='ocrx_word' id='word_1_47' title='bbox 419 1021 544 1100; x_wconf 88' lang='lat' dir='ltr'>pientia</span> <span class='ocrx_word' id='word_1_48' title='bbox 565 1019 698 1082; x_wconf 81' lang='lat' dir='ltr'>effertur</span> <span class='ocrx_word' id='word_1_49' title='bbox 711 1022 856 1083; x_wconf 88' lang='lat' dir='ltr'>voluisse</span> <span class='ocrx_word' id='word_1_50' title='bbox 872 1019 1000 1082; x_wconf 85' lang='lat' dir='ltr'>silentio</span> <span class='ocrx_word' id='word_1_51' title='bbox 1019 1035 1177 1098; x_wconf 81' lang='lat' dir='ltr'>premere,</span> <span class='ocrx_word' id='word_1_52' title='bbox 1195 1016 1337 1095; x_wconf 88' lang='lat' dir='ltr'>quamvis</span> <span class='ocrx_word' id='word_1_53' title='bbox 1360 1016 1420 1075; x_wconf 89' lang='lat' dir='ltr'>sibi</span> <span class='ocrx_word' id='word_1_54' title='bbox 1442 1019 1641 1093; x_wconf 76' lang='lat' dir='ltr'>proposuerit</span> <span class='ocrx_word' id='word_1_55' title='bbox 1661 1020 1693 1078; x_wconf 95' lang='lat' dir='ltr'>in</span> <span class='ocrx_word' id='word_1_56' title='bbox 1715 1037 1744 1077; x_wconf 90' lang='lat' dir='ltr'>v.</span> 
     </span>
     <span class='ocr_line' id='line_1_6' title="bbox 420 1113 1744 1197; baseline -0.003 -17"><span class='ocrx_word' id='word_1_57' title='bbox 420 1122 525 1183; x_wconf 70' lang='lat' dir='ltr'>aeuo</span> <span class='ocrx_word' id='word_1_58' title='bbox 539 1118 592 1179; x_wconf 88' lang='lat' dir='ltr'>illa</span> <span class='ocrx_word' id='word_1_59' title='bbox 605 1114 770 1190; x_wconf 86' lang='lat' dir='ltr'>recensere</span> <span class='ocrx_word' id='word_1_60' title='bbox 790 1136 873 1197; x_wconf 92' lang='lat' dir='ltr'>quae</span> <span class='ocrx_word' id='word_1_61' title='bbox 890 1116 1028 1181; x_wconf 85' lang='lat' dir='ltr'>Verbum</span> <span class='ocrx_word' id='word_1_62' title='bbox 1043 1117 1082 1177; x_wconf 89' lang='lat' dir='ltr'>ab</span> <span class='ocrx_word' id='word_1_63' title='bbox 1097 1116 1227 1177; x_wconf 83' lang='lat' dir='ltr'>exordio</span> <span class='ocrx_word' id='word_1_64' title='bbox 1241 1115 1367 1192; x_wconf 87' lang='lat' dir='ltr'>generis</span> <span class='ocrx_word' id='word_1_65' title='bbox 1382 1113 1511 1174; x_wconf 88' lang='lat' dir='ltr'>humani</span> <span class='ocrx_word' id='word_1_66' title='bbox 1527 1131 1583 1192; x_wconf 93' lang='lat' dir='ltr'>pro</span> <span class='ocrx_word' id='word_1_67' title='bbox 1601 1116 1744 1176; x_wconf 93' lang='lat' dir='ltr'>omnium</span> 
     </span>
     <span class='ocr_line' id='line_1_7' title="bbox 420 1211 1744 1295; baseline -0.006 -16"><span class='ocrx_word' id='word_1_68' title='bbox 420 1219 519 1279; x_wconf 91' lang='lat' dir='ltr'>salute</span> <span class='ocrx_word' id='word_1_69' title='bbox 540 1217 753 1294; x_wconf 82' lang='lat' dir='ltr'>praestiterit?</span> <span class='ocrx_word' id='word_1_70' title='bbox 768 1216 902 1295; x_wconf 89' lang='lat' dir='ltr'>insuper</span> <span class='ocrx_word' id='word_1_71' title='bbox 915 1214 1143 1276; x_wconf 91' lang='lat' dir='ltr'>attendendum</span> <span class='ocrx_word' id='word_1_72' title='bbox 1158 1216 1206 1273; x_wconf 90' lang='lat' dir='ltr'>est</span> <span class='ocrx_word' id='word_1_73' title='bbox 1221 1212 1254 1271; x_wconf 96' lang='lat' dir='ltr'>in</span> <span class='ocrx_word' id='word_1_74' title='bbox 1269 1231 1298 1271; x_wconf 88' lang='lat' dir='ltr'>v.</span> <span class='ocrx_word' id='word_1_75' title='bbox 1318 1214 1356 1271; x_wconf 79' lang='lat' dir='ltr'>lt</span> <span class='ocrx_word' id='word_1_76' title='bbox 1370 1211 1463 1272; x_wconf 89' lang='lat' dir='ltr'>aliter</span> <span class='ocrx_word' id='word_1_77' title='bbox 1477 1229 1657 1273; x_wconf 89' lang='lat' dir='ltr'>sermonem</span> <span class='ocrx_word' id='word_1_78' title='bbox 1678 1213 1744 1272; x_wconf 78' lang='lat' dir='ltr'>iteri</span> 
     </span>
     <span class='ocr_line' id='line_1_8' title="bbox 420 1308 1747 1388; baseline -0.006 -12"><span class='ocrx_word' id='word_1_79' title='bbox 420 1315 460 1376; x_wconf 93' lang='lat' dir='ltr'>de</span> <span class='ocrx_word' id='word_1_80' title='bbox 474 1313 596 1386; x_wconf 89' lang='lat' dir='ltr'>Verbo,</span> <span class='ocrx_word' id='word_1_81' title='bbox 611 1316 650 1378; x_wconf 91' lang='lat' dir='ltr'>de</span> <span class='ocrx_word' id='word_1_82' title='bbox 672 1315 740 1376; x_wconf 91' lang='lat' dir='ltr'>eius</span> <span class='ocrx_word' id='word_1_83' title='bbox 760 1312 844 1375; x_wconf 91' lang='lat' dir='ltr'>inter</span> <span class='ocrx_word' id='word_1_84' title='bbox 864 1330 922 1374; x_wconf 92' lang='lat' dir='ltr'>nos</span> <span class='ocrx_word' id='word_1_85' title='bbox 942 1310 1153 1384; x_wconf 86' lang='lat' dir='ltr'>habitatione,</span> <span class='ocrx_word' id='word_1_86' title='bbox 1169 1310 1208 1370; x_wconf 91' lang='lat' dir='ltr'>de</span> <span class='ocrx_word' id='word_1_87' title='bbox 1228 1309 1348 1388; x_wconf 83' lang='lat' dir='ltr'>gloriae</span> <span class='ocrx_word' id='word_1_88' title='bbox 1372 1308 1628 1369; x_wconf 81' lang='lat' dir='ltr'>manifestatione</span> <span class='ocrx_word' id='word_1_89' title='bbox 1649 1326 1747 1388; x_wconf 91' lang='lat' dir='ltr'>quam</span> 
     </span>
     <span class='ocr_line' id='line_1_9' title="bbox 418 1407 1750 1498; baseline -0.002 -28"><span class='ocrx_word' id='word_1_90' title='bbox 418 1413 453 1471; x_wconf 93' lang='lat' dir='ltr'>in</span> <span class='ocrx_word' id='word_1_91' title='bbox 467 1429 497 1471; x_wconf 86' lang='lat' dir='ltr'>v.</span> <span class='ocrx_word' id='word_1_92' title='bbox 514 1413 625 1490; x_wconf 67' lang='lat' dir='ltr'>ll-133</span> <span class='ocrx_word' id='word_1_93' title='bbox 639 1427 736 1491; x_wconf 89' lang='lat' dir='ltr'>quare</span> <span class='ocrx_word' id='word_1_94' title='bbox 751 1412 847 1472; x_wconf 87' lang='lat' dir='ltr'>statui</span> <span class='ocrx_word' id='word_1_95' title='bbox 862 1409 977 1488; x_wconf 89' lang='lat' dir='ltr'>nequit</span> <span class='ocrx_word' id='word_1_96' title='bbox 990 1410 1151 1488; x_wconf 81' lang='lat' dir='ltr'>utrimque</span> <span class='ocrx_word' id='word_1_97' title='bbox 1171 1407 1255 1498; x_wconf 82' lang='lat' dir='ltr'>idem</span> <span class='ocrx_word' id='word_1_98' title='bbox 1272 1407 1441 1469; x_wconf 89' lang='lat' dir='ltr'>enuntiari.</span> <span class='ocrx_word' id='word_1_99' title='bbox 1461 1409 1555 1467; x_wconf 91' lang='lat' dir='ltr'>Porro</span> <span class='ocrx_word' id='word_1_100' title='bbox 1573 1407 1599 1466; x_wconf 94' lang='lat' dir='ltr'>si</span> <span class='ocrx_word' id='word_1_101' title='bbox 1615 1425 1644 1466; x_wconf 86' lang='lat' dir='ltr'>v.</span> <span class='ocrx_word' id='word_1_102' title='bbox 1661 1410 1750 1468; x_wconf 70' lang='lat' dir='ltr'>tlte</span> 
     </span>
     <span class='ocr_line' id='line_1_10' title="bbox 419 1505 1748 1588; baseline -0.002 -19"><span class='ocrx_word' id='word_1_103' title='bbox 419 1509 523 1572; x_wconf 88' lang='lat' dir='ltr'>solum</span> <span class='ocrx_word' id='word_1_104' title='bbox 547 1511 587 1572; x_wconf 91' lang='lat' dir='ltr'>de</span> <span class='ocrx_word' id='word_1_105' title='bbox 608 1515 752 1588; x_wconf 90' lang='lat' dir='ltr'>tempore</span> <span class='ocrx_word' id='word_1_106' title='bbox 774 1512 848 1586; x_wconf 91' lang='lat' dir='ltr'>post</span> <span class='ocrx_word' id='word_1_107' title='bbox 870 1507 1125 1569; x_wconf 82' lang='lat' dir='ltr'>incarnationem</span> <span class='ocrx_word' id='word_1_108' title='bbox 1150 1505 1350 1584; x_wconf 84' lang='lat' dir='ltr'>exposueris,</span> <span class='ocrx_word' id='word_1_109' title='bbox 1367 1505 1399 1565; x_wconf 94' lang='lat' dir='ltr'>id</span> <span class='ocrx_word' id='word_1_110' title='bbox 1419 1520 1590 1583; x_wconf 82' lang='lat' dir='ltr'>agnoscere</span> <span class='ocrx_word' id='word_1_111' title='bbox 1614 1505 1748 1566; x_wconf 87' lang='lat' dir='ltr'>debebis</span> 
     </span>
     <span class='ocr_line' id='line_1_11' title="bbox 420 1601 1749 1685; baseline -0.004 -18"><span class='ocrx_word' id='word_1_112' title='bbox 420 1606 630 1678; x_wconf 73' lang='lat' dir='ltr'>incommodi,</span> <span class='ocrx_word' id='word_1_113' title='bbox 647 1605 712 1666; x_wconf 89' lang='lat' dir='ltr'>dici</span> <span class='ocrx_word' id='word_1_114' title='bbox 735 1607 867 1685; x_wconf 91' lang='lat' dir='ltr'>quidem</span> <span class='ocrx_word' id='word_1_115' title='bbox 887 1605 1027 1667; x_wconf 90' lang='lat' dir='ltr'>Verbum</span> <span class='ocrx_word' id='word_1_116' title='bbox 1052 1604 1248 1665; x_wconf 79' lang='lat' dir='ltr'>illuminasse</span> <span class='ocrx_word' id='word_1_117' title='bbox 1270 1619 1400 1663; x_wconf 90' lang='lat' dir='ltr'>omnem</span> <span class='ocrx_word' id='word_1_118' title='bbox 1424 1601 1603 1675; x_wconf 92' lang='lat' dir='ltr'>hominem,</span> <span class='ocrx_word' id='word_1_119' title='bbox 1620 1608 1653 1662; x_wconf 93' lang='lat' dir='ltr'>at</span> <span class='ocrx_word' id='word_1_120' title='bbox 1676 1607 1749 1662; x_wconf 91' lang='lat' dir='ltr'>ante</span> 
     </span>
     <span class='ocr_line' id='line_1_12' title="bbox 421 1700 1747 1778; baseline -0.005 -12"><span class='ocrx_word' id='word_1_121' title='bbox 421 1703 672 1766; x_wconf 87' lang='lat' dir='ltr'>incarnationem</span> <span class='ocrx_word' id='word_1_122' title='bbox 684 1720 757 1764; x_wconf 91' lang='lat' dir='ltr'>earn</span> <span class='ocrx_word' id='word_1_123' title='bbox 767 1702 1036 1765; x_wconf 81' lang='lat' dir='ltr'>illuminationem</span> <span class='ocrx_word' id='word_1_124' title='bbox 1046 1719 1110 1763; x_wconf 91' lang='lat' dir='ltr'>non</span> <span class='ocrx_word' id='word_1_125' title='bbox 1125 1701 1273 1762; x_wconf 90' lang='lat' dir='ltr'>babuisse</span> <span class='ocrx_word' id='word_1_126' title='bbox 1289 1700 1389 1762; x_wconf 92' lang='lat' dir='ltr'>ullum</span> <span class='ocrx_word' id='word_1_127' title='bbox 1402 1700 1550 1760; x_wconf 87' lang='lat' dir='ltr'>ellectum</span> <span class='ocrx_word' id='word_1_128' title='bbox 1564 1701 1747 1778; x_wconf 88' lang='lat' dir='ltr'>salutarem,</span> 
     </span>
     <span class='ocr_line' id='line_1_13' title="bbox 420 1798 1747 1877; baseline -0.005 -14"><span class='ocrx_word' id='word_1_129' title='bbox 420 1802 532 1863; x_wconf 89' lang='lat' dir='ltr'>saltem</span> <span class='ocrx_word' id='word_1_130' title='bbox 554 1801 678 1862; x_wconf 90' lang='lat' dir='ltr'>nullum</span> <span class='ocrx_word' id='word_1_131' title='bbox 693 1800 844 1876; x_wconf 91' lang='lat' dir='ltr'>indicari,</span> <span class='ocrx_word' id='word_1_132' title='bbox 860 1819 934 1863; x_wconf 91' lang='lat' dir='ltr'>cum</span> <span class='ocrx_word' id='word_1_133' title='bbox 954 1801 1047 1862; x_wconf 91' lang='lat' dir='ltr'>unice</span> <span class='ocrx_word' id='word_1_134' title='bbox 1068 1802 1224 1860; x_wconf 89' lang='lat' dir='ltr'>statuatur</span> <span class='ocrx_word' id='word_1_135' title='bbox 1240 1817 1247 1859; x_wconf 92' lang='lat'>:</span> <span class='ocrx_word' id='word_1_136' title='bbox 1263 1798 1399 1859; x_wconf 92' lang='lat' dir='ltr'>mundus</span> <span class='ocrx_word' id='word_1_137' title='bbox 1419 1816 1494 1858; x_wconf 91' lang='lat' dir='ltr'>eum</span> <span class='ocrx_word' id='word_1_138' title='bbox 1508 1815 1571 1858; x_wconf 92' lang='lat' dir='ltr'>non</span> <span class='ocrx_word' id='word_1_139' title='bbox 1588 1798 1747 1877; x_wconf 82' lang='lat' dir='ltr'>cognovit.</span> 
     </span>
     <span class='ocr_line' id='line_1_14' title="bbox 422 1883 1749 1978; baseline -0.004 -18"><span class='ocrx_word' id='word_1_140' title='bbox 422 1901 461 1968; x_wconf 85' lang='lat' dir='ltr'>lit</span> <span class='ocrx_word' id='word_1_141' title='bbox 484 1902 594 1964; x_wconf 86' lang='lat' dir='ltr'>tamen</span> <span class='ocrx_word' id='word_1_142' title='bbox 612 1897 755 1978; x_wconf 87' lang='lat' dir='ltr'>proiecto</span> <span class='ocrx_word' id='word_1_143' title='bbox 778 1899 811 1958; x_wconf 92' lang='lat' dir='ltr'>in</span> <span class='ocrx_word' id='word_1_144' title='bbox 836 1905 943 1961; x_wconf 86' lang='lat' dir='ltr'>vetere</span> <span class='ocrx_word' id='word_1_145' title='bbox 966 1898 1093 1960; x_wconf 86' lang='lat' dir='ltr'>loedere</span> <span class='ocrx_word' id='word_1_146' title='bbox 1116 1896 1215 1958; x_wconf 90' lang='lat' dir='ltr'>etiam</span> <span class='ocrx_word' id='word_1_147' title='bbox 1235 1883 1474 1975; x_wconf 90' lang='lat' dir='ltr'>reperiebantur</span> <span class='ocrx_word' id='word_1_148' title='bbox 1498 1896 1614 1965; x_wconf 87' lang='lat' dir='ltr'>sancti,</span> <span class='ocrx_word' id='word_1_149' title='bbox 1638 1901 1670 1956; x_wconf 93' lang='lat' dir='ltr'>et</span> <span class='ocrx_word' id='word_1_150' title='bbox 1694 1912 1749 1957; x_wconf 92' lang='lat' dir='ltr'>eos</span> 
     </span>
     <span class='ocr_line' id='line_1_15' title="bbox 421 1993 1749 2076; baseline -0.004 -19"><span class='ocrx_word' id='word_1_151' title='bbox 421 1997 514 2076; x_wconf 91' lang='lat' dir='ltr'>plane</span> <span class='ocrx_word' id='word_1_152' title='bbox 526 1996 762 2076; x_wconf 80' lang='lat' dir='ltr'>defuisseinter</span> <span class='ocrx_word' id='word_1_153' title='bbox 773 2000 886 2074; x_wconf 79' lang='lat' dir='ltr'>gentes</span> <span class='ocrx_word' id='word_1_154' title='bbox 902 1996 973 2075; x_wconf 93' lang='lat' dir='ltr'>quis</span> <span class='ocrx_word' id='word_1_155' title='bbox 988 1995 1149 2057; x_wconf 90' lang='lat' dir='ltr'>aliirmare</span> <span class='ocrx_word' id='word_1_156' title='bbox 1163 1993 1314 2055; x_wconf 87' lang='lat' dir='ltr'>audebit?</span> <span class='ocrx_word' id='word_1_157' title='bbox 1328 1995 1394 2054; x_wconf 94' lang='lat' dir='ltr'>lam</span> <span class='ocrx_word' id='word_1_158' title='bbox 1409 2010 1483 2053; x_wconf 88' lang='lat' dir='ltr'>vero</span> <span class='ocrx_word' id='word_1_159' title='bbox 1497 1994 1558 2054; x_wconf 91' lang='lat' dir='ltr'>tide</span> <span class='ocrx_word' id='word_1_160' title='bbox 1574 1999 1605 2054; x_wconf 94' lang='lat' dir='ltr'>et</span> <span class='ocrx_word' id='word_1_161' title='bbox 1620 1994 1749 2054; x_wconf 89' lang='lat' dir='ltr'>caritate</span> 
     </span>
     <span class='ocr_line' id='line_1_16' title="bbox 421 2090 1750 2173; baseline -0.004 -18"><span class='ocrx_word' id='word_1_162' title='bbox 421 2094 536 2156; x_wconf 93' lang='lat' dir='ltr'>imbuti</span> <span class='ocrx_word' id='word_1_163' title='bbox 550 2095 653 2156; x_wconf 88' lang='lat' dir='ltr'>sancti</span> <span class='ocrx_word' id='word_1_164' title='bbox 667 2093 721 2155; x_wconf 92' lang='lat' dir='ltr'>isti</span> <span class='ocrx_word' id='word_1_165' title='bbox 732 2093 899 2155; x_wconf 85' lang='lat' dir='ltr'>hebebant</span> <span class='ocrx_word' id='word_1_166' title='bbox 914 2093 1049 2173; x_wconf 83' lang='lat' dir='ltr'>gratiam</span> <span class='ocrx_word' id='word_1_167' title='bbox 1064 2092 1334 2163; x_wconf 75' lang='lat' dir='ltr'>sanctificantem,</span> <span class='ocrx_word' id='word_1_168' title='bbox 1353 2095 1503 2168; x_wconf 85' lang='lat' dir='ltr'>erantque</span> <span class='ocrx_word' id='word_1_169' title='bbox 1520 2090 1617 2169; x_wconf 84' lang='lat' dir='ltr'>igitur</span> <span class='ocrx_word' id='word_1_170' title='bbox 1630 2109 1668 2150; x_wconf 79' lang='lat' dir='ltr'>ea</span> <span class='ocrx_word' id='word_1_171' title='bbox 1686 2092 1750 2151; x_wconf 88' lang='lat' dir='ltr'>Deo</span> 
     </span>
     <span class='ocr_line' id='line_1_17' title="bbox 347 2191 1616 2275; baseline -0.004 -22"><span class='ocrx_word' id='word_1_172' title='bbox 347 2269 350 2275; x_wconf 88' lang='lat'>.</span> <span class='ocrx_word' id='word_1_173' title='bbox 421 2191 661 2264; x_wconf 87' lang='lat' dir='ltr'>nati,lllii1lei.</span> <span class='ocrx_word' id='word_1_174' title='bbox 1614 2254 1616 2258; x_wconf 58' lang='grc'><strong>,</strong></span> 
     </span>
     <span class='ocr_line' id='line_1_18' title="bbox 447 2286 1753 2370; baseline -0.003 -18"><span class='ocrx_word' id='word_1_175' title='bbox 447 2288 577 2352; x_wconf 65' lang='grc' dir='ltr'>401)ἰίοῆ</span> <span class='ocrx_word' id='word_1_176' title='bbox 594 2287 678 2351; x_wconf 85' lang='lat' dir='ltr'>Cort.</span> <span class='ocrx_word' id='word_1_177' title='bbox 698 2289 728 2352; x_wconf 93' lang='lat' dir='ltr'>ei</span> <span class='ocrx_word' id='word_1_178' title='bbox 753 2288 1204 2370; x_wconf 81' lang='lat' dir='ltr'>explicationiauctoritatem</span> <span class='ocrx_word' id='word_1_179' title='bbox 1220 2291 1346 2349; x_wconf 87' lang='lat' dir='ltr'>Petrum</span> <span class='ocrx_word' id='word_1_180' title='bbox 1363 2306 1400 2348; x_wconf 87' lang='lat' dir='ltr'>ex</span> <span class='ocrx_word' id='word_1_181' title='bbox 1426 2304 1596 2357; x_wconf 89' lang='lat' dir='ltr'>consensu,</span> <span class='ocrx_word' id='word_1_182' title='bbox 1615 2291 1648 2347; x_wconf 90' lang='lat' dir='ltr'>ut</span> <span class='ocrx_word' id='word_1_183' title='bbox 1669 2286 1753 2348; x_wconf 90' lang='lat' dir='ltr'>vidc-</span> 
     </span>
     <span class='ocr_line' id='line_1_19' title="bbox 421 2384 1752 2464; baseline -0.004 -15"><span class='ocrx_word' id='word_1_184' title='bbox 421 2392 483 2460; x_wconf 93' lang='lat' dir='ltr'>tur‚</span> <span class='ocrx_word' id='word_1_185' title='bbox 499 2386 655 2448; x_wconf 89' lang='lat' dir='ltr'>unanimi.</span> <span class='ocrx_word' id='word_1_186' title='bbox 672 2389 788 2450; x_wconf 91' lang='lat' dir='ltr'>Verum</span> <span class='ocrx_word' id='word_1_187' title='bbox 804 2387 973 2449; x_wconf 71' lang='lat' dir='ltr'>‘observari</span> <span class='ocrx_word' id='word_1_188' title='bbox 993 2386 1089 2448; x_wconf 90' lang='lat' dir='ltr'>debet</span> <span class='ocrx_word' id='word_1_189' title='bbox 1108 2389 1217 2448; x_wconf 91' lang='lat' dir='ltr'>Patres</span> <span class='ocrx_word' id='word_1_190' title='bbox 1239 2385 1370 2464; x_wconf 90' lang='lat' dir='ltr'>quidem</span> <span class='ocrx_word' id='word_1_191' title='bbox 1388 2404 1416 2444; x_wconf 76' lang='lat' dir='ltr'>a.</span> <span class='ocrx_word' id='word_1_192' title='bbox 1434 2386 1522 2445; x_wconf 87' lang='lat' dir='ltr'>ll-13</span> <span class='ocrx_word' id='word_1_193' title='bbox 1537 2384 1692 2461; x_wconf 83' lang='lat' dir='ltr'>explicare</span> <span class='ocrx_word' id='word_1_194' title='bbox 1712 2384 1752 2444; x_wconf 93' lang='lat' dir='ltr'>de</span> 
     </span>
     <span class='ocr_line' id='line_1_20' title="bbox 369 2481 1751 2567; baseline -0.006 -21"><span class='ocrx_word' id='word_1_195' title='bbox 369 2563 372 2567; x_wconf 16' lang='grc' dir='ltr'><em>ι</em></span> <span class='ocrx_word' id='word_1_196' title='bbox 422 2493 564 2564; x_wconf 91' lang='lat' dir='ltr'>tempore</span> <span class='ocrx_word' id='word_1_197' title='bbox 577 2488 648 2563; x_wconf 90' lang='lat' dir='ltr'>post</span> <span class='ocrx_word' id='word_1_198' title='bbox 666 2485 924 2547; x_wconf 89' lang='lat' dir='ltr'>lucarnationem</span> <span class='ocrx_word' id='word_1_199' title='bbox 945 2483 988 2565; x_wconf 82' lang='lat' dir='ltr'>(et</span> <span class='ocrx_word' id='word_1_200' title='bbox 1003 2485 1100 2546; x_wconf 88' lang='lat' dir='ltr'>verba</span> <span class='ocrx_word' id='word_1_201' title='bbox 1120 2483 1175 2544; x_wconf 92' lang='lat' dir='ltr'>illa</span> <span class='ocrx_word' id='word_1_202' title='bbox 1193 2483 1255 2544; x_wconf 90' lang='lat' dir='ltr'>boc</span> <span class='ocrx_word' id='word_1_203' title='bbox 1271 2499 1400 2560; x_wconf 90' lang='lat' dir='ltr'>quoque</span> <span class='ocrx_word' id='word_1_204' title='bbox 1424 2487 1549 2559; x_wconf 90' lang='lat' dir='ltr'>tempus</span> <span class='ocrx_word' id='word_1_205' title='bbox 1564 2481 1751 2558; x_wconf 89' lang='lat' dir='ltr'>complecti,</span> 
     </span>
     <span class='ocr_line' id='line_1_21' title="bbox 422 2578 1750 2664; baseline -0.003 -22"><span class='ocrx_word' id='word_1_206' title='bbox 422 2583 525 2645; x_wconf 91' lang='lat' dir='ltr'>nullus</span> <span class='ocrx_word' id='word_1_207' title='bbox 537 2583 649 2664; x_wconf 79' lang='lat' dir='ltr'>nego),</span> <span class='ocrx_word' id='word_1_208' title='bbox 666 2588 699 2644; x_wconf 93' lang='lat' dir='ltr'>at</span> <span class='ocrx_word' id='word_1_209' title='bbox 710 2584 880 2644; x_wconf 87' lang='lat' dir='ltr'>neminem</span> <span class='ocrx_word' id='word_1_210' title='bbox 895 2599 1037 2644; x_wconf 89' lang='lat' dir='ltr'>asserere</span> <span class='ocrx_word' id='word_1_211' title='bbox 1053 2581 1092 2642; x_wconf 93' lang='lat' dir='ltr'>de</span> <span class='ocrx_word' id='word_1_212' title='bbox 1105 2580 1165 2642; x_wconf 90' lang='lat' dir='ltr'>hoc</span> <span class='ocrx_word' id='word_1_213' title='bbox 1176 2582 1280 2641; x_wconf 90' lang='lat' dir='ltr'>solum</span> <span class='ocrx_word' id='word_1_214' title='bbox 1294 2585 1439 2657; x_wconf 91' lang='lat' dir='ltr'>tempore</span> <span class='ocrx_word' id='word_1_215' title='bbox 1455 2578 1551 2639; x_wconf 83' lang='lat' dir='ltr'>rerba</span> <span class='ocrx_word' id='word_1_216' title='bbox 1567 2595 1636 2638; x_wconf 91' lang='lat' dir='ltr'>esse</span> <span class='ocrx_word' id='word_1_217' title='bbox 1654 2578 1750 2649; x_wconf 88' lang='lat' dir='ltr'>dicta,</span> 
     </span>
    </p>
   </div>
   <div class='ocr_carea' id='block_1_2' title="bbox 331 2675 1750 2761">
    <p class='ocr_par' dir='ltr' id='par_1_2' title="bbox 331 2675 1750 2761">
     <span class='ocr_line' id='line_1_22' title="bbox 331 2675 1750 2761; baseline -0.005 -18"><span class='ocrx_word' id='word_1_218' title='bbox 331 2755 335 2761; x_wconf 22' lang='lat'>⁸</span> <span class='ocrx_word' id='word_1_219' title='bbox 421 2680 584 2743; x_wconf 91' lang='lat' dir='ltr'>neminem</span> <span class='ocrx_word' id='word_1_220' title='bbox 601 2697 718 2760; x_wconf 79' lang='lat' dir='ltr'>negare</span> <span class='ocrx_word' id='word_1_221' title='bbox 738 2685 831 2742; x_wconf 91' lang='lat' dir='ltr'>autea</span> <span class='ocrx_word' id='word_1_222' title='bbox 847 2695 976 2758; x_wconf 92' lang='lat' dir='ltr'>quoque</span> <span class='ocrx_word' id='word_1_223' title='bbox 993 2680 1076 2740; x_wconf 90' lang='lat' dir='ltr'>illios</span> <span class='ocrx_word' id='word_1_224' title='bbox 1095 2678 1153 2739; x_wconf 90' lang='lat' dir='ltr'>Dei</span> <span class='ocrx_word' id='word_1_225' title='bbox 1170 2678 1341 2739; x_wconf 81' lang='lat' dir='ltr'>exstitisse.</span> <span class='ocrx_word' id='word_1_226' title='bbox 1355 2675 1639 2754; x_wconf 78' lang='lat' dir='ltr'>Quareexplicatio</span> <span class='ocrx_word' id='word_1_227' title='bbox 1655 2693 1750 2754; x_wconf 92' lang='lat' dir='ltr'>supra</span> 
     </span>
    </p>
   </div>
   <div class='ocr_carea' id='block_1_3' title="bbox 418 2773 1744 2954">
    <p class='ocr_par' dir='ltr' id='par_1_3' title="bbox 418 2773 1744 2954">
     <span class='ocr_line' id='line_1_23' title="bbox 418 2773 1744 2859; baseline -0.006 -19"><span class='ocrx_word' id='word_1_228' title='bbox 418 2779 657 2859; x_wconf 87' lang='lat' dir='ltr'>propositanon</span> <span class='ocrx_word' id='word_1_229' title='bbox 671 2781 721 2840; x_wconf 84' lang='lat' dir='ltr'>est</span> <span class='ocrx_word' id='word_1_230' title='bbox 731 2782 842 2840; x_wconf 93' lang='lat' dir='ltr'>contra</span> <span class='ocrx_word' id='word_1_231' title='bbox 853 2777 1150 2857; x_wconf 88' lang='lat' dir='ltr'>interpretationem</span> <span class='ocrx_word' id='word_1_232' title='bbox 1166 2778 1313 2848; x_wconf 84' lang='lat' dir='ltr'>Petrum,</span> <span class='ocrx_word' id='word_1_233' title='bbox 1325 2776 1379 2835; x_wconf 90' lang='lat' dir='ltr'>sed</span> <span class='ocrx_word' id='word_1_234' title='bbox 1396 2792 1467 2836; x_wconf 92' lang='lat' dir='ltr'>eam</span> <span class='ocrx_word' id='word_1_235' title='bbox 1482 2773 1614 2834; x_wconf 89' lang='lat' dir='ltr'>includit</span> <span class='ocrx_word' id='word_1_236' title='bbox 1627 2779 1659 2833; x_wconf 93' lang='lat' dir='ltr'>et</span> <span class='ocrx_word' id='word_1_237' title='bbox 1674 2790 1744 2834; x_wconf 92' lang='lat' dir='ltr'>earn</span> 
     </span>
     <span class='ocr_line' id='line_1_24' title="bbox 422 2872 1609 2954; baseline -0.006 -17"><span class='ocrx_word' id='word_1_238' title='bbox 422 2877 516 2940; x_wconf 89' lang='lat' dir='ltr'>latius</span> <span class='ocrx_word' id='word_1_239' title='bbox 530 2876 673 2938; x_wconf 76' lang='lat' dir='ltr'>extendit</span> <span class='ocrx_word' id='word_1_240' title='bbox 686 2875 863 2938; x_wconf 88' lang='lat' dir='ltr'>secundum</span> <span class='ocrx_word' id='word_1_241' title='bbox 877 2892 914 2937; x_wconf 89' lang='lat' dir='ltr'>ea</span> <span class='ocrx_word' id='word_1_242' title='bbox 928 2876 999 2954; x_wconf 93' lang='lat' dir='ltr'>ipsa</span> <span class='ocrx_word' id='word_1_243' title='bbox 1013 2892 1096 2954; x_wconf 91' lang='lat' dir='ltr'>quae</span> <span class='ocrx_word' id='word_1_244' title='bbox 1111 2874 1243 2936; x_wconf 88' lang='lat' dir='ltr'>indubie</span> <span class='ocrx_word' id='word_1_245' title='bbox 1255 2891 1274 2934; x_wconf 93' lang='lat' dir='ltr'>a</span> <span class='ocrx_word' id='word_1_246' title='bbox 1288 2874 1432 2934; x_wconf 88' lang='lat' dir='ltr'>Patribus</span> <span class='ocrx_word' id='word_1_247' title='bbox 1445 2872 1609 2932; x_wconf 89' lang='lat' dir='ltr'>docentur.</span> 
     </span>
    </p>
   </div>
   <div class='ocr_carea' id='block_1_4' title="bbox 421 3087 1838 4770">
    <p class='ocr_par' dir='ltr' id='par_1_4' title="bbox 421 3087 1838 4770">
     <span class='ocr_line' id='line_1_25' title="bbox 467 3087 1749 3178; baseline -0.002 -22"><span class='ocrx_word' id='word_1_248' title='bbox 467 3094 573 3166; x_wconf 88' lang='lat' dir='ltr'>Quam</span> <span class='ocrx_word' id='word_1_249' title='bbox 595 3089 725 3177; x_wconf 80' lang='lat' dir='ltr'>insigni</span> <span class='ocrx_word' id='word_1_250' title='bbox 746 3089 849 3157; x_wconf 90' lang='lat' dir='ltr'>modo</span> <span class='ocrx_word' id='word_1_251' title='bbox 871 3090 1021 3156; x_wconf 89' lang='lat' dir='ltr'>Verbum</span> <span class='ocrx_word' id='word_1_252' title='bbox 1045 3088 1082 3156; x_wconf 93' lang='lat' dir='ltr'>id</span> <span class='ocrx_word' id='word_1_253' title='bbox 1103 3088 1326 3176; x_wconf 86' lang='lat' dir='ltr'>compleverit</span> <span class='ocrx_word' id='word_1_254' title='bbox 1338 3095 1372 3153; x_wconf 90' lang='lat' dir='ltr'>et</span> <span class='ocrx_word' id='word_1_255' title='bbox 1392 3087 1578 3154; x_wconf 84' lang='lat' dir='ltr'>absolverit</span> <span class='ocrx_word' id='word_1_256' title='bbox 1598 3090 1690 3178; x_wconf 87' lang='lat' dir='ltr'>quod</span> <span class='ocrx_word' id='word_1_257' title='bbox 1705 3090 1749 3155; x_wconf 87' lang='lat' dir='ltr'>ab</span> 
     </span>
     <span class='ocr_line' id='line_1_26' title="bbox 422 3193 1749 3284; baseline -0.002 -22"><span class='ocrx_word' id='word_1_258' title='bbox 422 3195 562 3263; x_wconf 83' lang='lat' dir='ltr'>exordio</span> <span class='ocrx_word' id='word_1_259' title='bbox 576 3195 713 3282; x_wconf 85' lang='lat' dir='ltr'>generis</span> <span class='ocrx_word' id='word_1_260' title='bbox 730 3193 875 3283; x_wconf 85' lang='lat' dir='ltr'>humani</span> <span class='ocrx_word' id='word_1_261' title='bbox 889 3199 923 3262; x_wconf 88' lang='lat' dir='ltr'>et</span> <span class='ocrx_word' id='word_1_262' title='bbox 938 3194 976 3262; x_wconf 90' lang='lat' dir='ltr'>in</span> <span class='ocrx_word' id='word_1_263' title='bbox 998 3195 1127 3284; x_wconf 89' lang='lat' dir='ltr'>populo</span> <span class='ocrx_word' id='word_1_264' title='bbox 1143 3193 1252 3261; x_wconf 91' lang='lat' dir='ltr'>electo</span> <span class='ocrx_word' id='word_1_265' title='bbox 1267 3193 1310 3260; x_wconf 92' lang='lat' dir='ltr'>ad</span> <span class='ocrx_word' id='word_1_266' title='bbox 1326 3194 1469 3260; x_wconf 91' lang='lat' dir='ltr'>salutem</span> <span class='ocrx_word' id='word_1_267' title='bbox 1486 3201 1686 3262; x_wconf 85' lang='lat' dir='ltr'>cunctorum</span> <span class='ocrx_word' id='word_1_268' title='bbox 1701 3196 1749 3261; x_wconf 86' lang='lat' dir='ltr'>ei-</span> 
     </span>
     <span class='ocr_line' id='line_1_27' title="bbox 421 3300 1752 3392; baseline -0.002 -23"><span class='ocrx_word' id='word_1_269' title='bbox 421 3302 516 3385; x_wconf 87' lang='lat' dir='ltr'>iecit,</span> <span class='ocrx_word' id='word_1_270' title='bbox 540 3301 611 3369; x_wconf 92' lang='lat' dir='ltr'>iam</span> <span class='ocrx_word' id='word_1_271' title='bbox 632 3301 814 3392; x_wconf 85' lang='lat' dir='ltr'>exponitur</span> <span class='ocrx_word' id='word_1_272' title='bbox 832 3300 921 3368; x_wconf 92' lang='lat' dir='ltr'>serie</span> <span class='ocrx_word' id='word_1_273' title='bbox 944 3301 1154 3373; x_wconf 87' lang='lat' dir='ltr'>narrationis</span> <span class='ocrx_word' id='word_1_274' title='bbox 1177 3301 1223 3367; x_wconf 92' lang='lat' dir='ltr'>ad</span> <span class='ocrx_word' id='word_1_275' title='bbox 1248 3301 1356 3389; x_wconf 86' lang='lat' dir='ltr'>ipsam</span> <span class='ocrx_word' id='word_1_276' title='bbox 1379 3303 1652 3368; x_wconf 87' lang='lat' dir='ltr'>incarnationem</span> <span class='ocrx_word' id='word_1_277' title='bbox 1675 3323 1752 3391; x_wconf 91' lang='lat' dir='ltr'>per-</span> 
     </span>
     <span class='ocr_line' id='line_1_28' title="bbox 423 3407 1752 3497; baseline -0.001 -22"><span class='ocrx_word' id='word_1_278' title='bbox 423 3408 526 3477; x_wconf 90' lang='lat' dir='ltr'>ducta</span> <span class='ocrx_word' id='word_1_279' title='bbox 545 3431 578 3476; x_wconf 87' lang='lat' dir='ltr'>v.</span> <span class='ocrx_word' id='word_1_280' title='bbox 603 3415 644 3476; x_wconf 81' lang='lat' dir='ltr'>rt</span> <span class='ocrx_word' id='word_1_281' title='bbox 663 3420 696 3476; x_wconf 86' lang='lat' dir='ltr'>et</span> <span class='ocrx_word' id='word_1_282' title='bbox 718 3411 863 3477; x_wconf 84' lang='lat' dir='ltr'>Verbum</span> <span class='ocrx_word' id='word_1_283' title='bbox 882 3428 963 3474; x_wconf 86' lang='lat' dir='ltr'>care</span> <span class='ocrx_word' id='word_1_284' title='bbox 983 3409 1122 3496; x_wconf 77' lang='lat' dir='ltr'>factum</span> <span class='ocrx_word' id='word_1_285' title='bbox 1142 3419 1210 3492; x_wconf 84' lang='lat' dir='ltr'>est,·</span> <span class='ocrx_word' id='word_1_286' title='bbox 1223 3429 1348 3473; x_wconf 90' lang='lat' dir='ltr'>nexum</span> <span class='ocrx_word' id='word_1_287' title='bbox 1364 3407 1455 3474; x_wconf 85' lang='lat' dir='ltr'>varie</span> <span class='ocrx_word' id='word_1_288' title='bbox 1469 3415 1681 3497; x_wconf 91' lang='lat' dir='ltr'>proponunt,</span> <span class='ocrx_word' id='word_1_289' title='bbox 1704 3411 1752 3475; x_wconf 87' lang='lat' dir='ltr'>ai·</span> 
     </span>
     <span class='ocr_line' id='line_1_29' title="bbox 422 3513 1751 3604; baseline -0.002 -21"><span class='ocrx_word' id='word_1_290' title='bbox 422 3517 505 3583; x_wconf 86' lang='lat' dir='ltr'>ierri</span> <span class='ocrx_word' id='word_1_291' title='bbox 517 3537 656 3583; x_wconf 88' lang='lat' dir='ltr'>causam</span> <span class='ocrx_word' id='word_1_292' title='bbox 668 3519 802 3583; x_wconf 88' lang='lat' dir='ltr'>nostrae</span> <span class='ocrx_word' id='word_1_293' title='bbox 814 3513 993 3594; x_wconf 84' lang='lat' dir='ltr'>filiationis</span> <span class='ocrx_word' id='word_1_294' title='bbox 1006 3514 1207 3604; x_wconf 76' lang='lat' dir='ltr'>adoptivae3</span> <span class='ocrx_word' id='word_1_295' title='bbox 1228 3541 1244 3575; x_wconf 94' lang='lat'>«</span> <span class='ocrx_word' id='word_1_296' title='bbox 1266 3535 1365 3580; x_wconf 89' lang='lat' dir='ltr'>verus</span> <span class='ocrx_word' id='word_1_297' title='bbox 1385 3515 1441 3580; x_wconf 84' lang='lat' dir='ltr'>bei</span> <span class='ocrx_word' id='word_1_298' title='bbox 1464 3513 1565 3580; x_wconf 84' lang='lat' dir='ltr'>lilius</span> <span class='ocrx_word' id='word_1_299' title='bbox 1580 3515 1687 3581; x_wconf 88' lang='lat' dir='ltr'>lactus</span> <span class='ocrx_word' id='word_1_300' title='bbox 1701 3521 1751 3580; x_wconf 91' lang='lat' dir='ltr'>est</span> 
     </span>
     <span class='ocr_line' id='line_1_30' title="bbox 423 3619 1746 3713; baseline -0.002 -24"><span class='ocrx_word' id='word_1_301' title='bbox 423 3622 516 3689; x_wconf 88' lang='lat' dir='ltr'>filius</span> <span class='ocrx_word' id='word_1_302' title='bbox 538 3622 704 3705; x_wconf 89' lang='lat' dir='ltr'>hominis,</span> <span class='ocrx_word' id='word_1_303' title='bbox 725 3627 764 3691; x_wconf 89' lang='lat' dir='ltr'>ut</span> <span class='ocrx_word' id='word_1_304' title='bbox 785 3620 946 3688; x_wconf 90' lang='lat' dir='ltr'>homines</span> <span class='ocrx_word' id='word_1_305' title='bbox 966 3620 1027 3688; x_wconf 85' lang='lat' dir='ltr'>[tei</span> <span class='ocrx_word' id='word_1_306' title='bbox 1051 3619 1138 3713; x_wconf 85' lang='lat' dir='ltr'>filios</span> <span class='ocrx_word' id='word_1_307' title='bbox 1159 3620 1310 3687; x_wconf 80' lang='lat' dir='ltr'>efficeret</span> <span class='ocrx_word' id='word_1_308' title='bbox 1326 3649 1342 3682; x_wconf 88' lang='lat'>»</span> <span class='ocrx_word' id='word_1_309' title='bbox 1363 3620 1459 3709; x_wconf 75' lang='lat' dir='ltr'>(Chr.</span> <span class='ocrx_word' id='word_1_310' title='bbox 1480 3621 1623 3711; x_wconf 77' lang='lat' dir='ltr'>Theopd.</span> <span class='ocrx_word' id='word_1_311' title='bbox 1643 3622 1746 3688; x_wconf 82' lang='lat' dir='ltr'>Eutlz.</span> 
     </span>
     <span class='ocr_line' id='line_1_31' title="bbox 423 3726 1748 3817; baseline -0.002 -22"><span class='ocrx_word' id='word_1_312' title='bbox 423 3730 515 3817; x_wconf 66' lang='lat' dir='ltr'>Aue.</span> <span class='ocrx_word' id='word_1_313' title='bbox 530 3727 612 3796; x_wconf 77' lang='lat' dir='ltr'>aed,</span> <span class='ocrx_word' id='word_1_314' title='bbox 628 3727 751 3817; x_wconf 65' lang='lat' dir='ltr'>Sclq„</span> <span class='ocrx_word' id='word_1_315' title='bbox 768 3732 803 3794; x_wconf 91' lang='lat' dir='ltr'>et</span> <span class='ocrx_word' id='word_1_316' title='bbox 826 3729 852 3794; x_wconf 85' lang='grc' dir='ltr'><em>Τ</em></span> <span class='ocrx_word' id='word_1_317' title='bbox 851 3726 899 3796; x_wconf 84' lang='lat' dir='ltr'>ol.</span> <span class='ocrx_word' id='word_1_318' title='bbox 916 3726 1003 3793; x_wconf 94' lang='lat' dir='ltr'>illud</span> <span class='ocrx_word' id='word_1_319' title='bbox 1022 3739 1054 3793; x_wconf 87' lang='lat' dir='ltr'>et</span> <span class='ocrx_word' id='word_1_320' title='bbox 1074 3726 1221 3816; x_wconf 84' lang='lat' dir='ltr'>explicat</span> <span class='ocrx_word' id='word_1_321' title='bbox 1239 3727 1353 3816; x_wconf 72' lang='lat' dir='ltr'>quaid),</span> <span class='ocrx_word' id='word_1_322' title='bbox 1373 3727 1424 3792; x_wconf 87' lang='lat' dir='ltr'>vel</span> <span class='ocrx_word' id='word_1_323' title='bbox 1444 3727 1526 3793; x_wconf 89' lang='lat' dir='ltr'>baec</span> <span class='ocrx_word' id='word_1_324' title='bbox 1538 3726 1619 3793; x_wconf 85' lang='lat' dir='ltr'>addi</span> <span class='ocrx_word' id='word_1_325' title='bbox 1635 3749 1677 3794; x_wconf 92' lang='lat' dir='ltr'>ne</span> <span class='ocrx_word' id='word_1_326' title='bbox 1697 3727 1748 3794; x_wconf 92' lang='lat' dir='ltr'>in-</span> 
     </span>
     <span class='ocr_line' id='line_1_32' title="bbox 424 3826 1838 3923; baseline -0.001 -21"><span class='ocrx_word' id='word_1_327' title='bbox 424 3832 587 3902; x_wconf 86' lang='lat' dir='ltr'>credibile</span> <span class='ocrx_word' id='word_1_328' title='bbox 614 3834 772 3902; x_wconf 89' lang='lat' dir='ltr'>videatur</span> <span class='ocrx_word' id='word_1_329' title='bbox 788 3833 944 3901; x_wconf 89' lang='lat' dir='ltr'>homines</span> <span class='ocrx_word' id='word_1_330' title='bbox 963 3855 1005 3899; x_wconf 83' lang='lat' dir='ltr'>er</span> <span class='ocrx_word' id='word_1_331' title='bbox 1027 3839 1095 3901; x_wconf 84' lang='lat' dir='ltr'>[teo</span> <span class='ocrx_word' id='word_1_332' title='bbox 1115 3834 1227 3914; x_wconf 89' lang='lat' dir='ltr'>nasei,</span> <span class='ocrx_word' id='word_1_333' title='bbox 1243 3855 1330 3914; x_wconf 45' lang='lat' dir='ltr'>‚cum</span> <span class='ocrx_word' id='word_1_334' title='bbox 1353 3833 1424 3923; x_wconf 90' lang='lat' dir='ltr'>ipse</span> <span class='ocrx_word' id='word_1_335' title='bbox 1448 3837 1533 3899; x_wconf 82' lang='lat' dir='ltr'>[leus</span> <span class='ocrx_word' id='word_1_336' title='bbox 1555 3857 1594 3900; x_wconf 87' lang='lat' dir='ltr'>es</span> <span class='ocrx_word' id='word_1_337' title='bbox 1609 3833 1746 3900; x_wconf 90' lang='lat' dir='ltr'>homine</span> <span class='ocrx_word' id='word_1_338' title='bbox 1829 3826 1838 3834; x_wconf 79' lang='grc'><em>’</em></span> 
     </span>
     <span class='ocr_line' id='line_1_33' title="bbox 424 3939 1748 4032; baseline 0 -24"><span class='ocrx_word' id='word_1_339' title='bbox 424 3945 525 4008; x_wconf 86' lang='lat' dir='ltr'>natus</span> <span class='ocrx_word' id='word_1_340' title='bbox 538 3939 583 4008; x_wconf 85' lang='lat' dir='ltr'>sit</span> <span class='ocrx_word' id='word_1_341' title='bbox 602 3940 730 4030; x_wconf 75' lang='lat' dir='ltr'>(Thom.</span> <span class='ocrx_word' id='word_1_342' title='bbox 748 3943 841 4008; x_wconf 79' lang='lat' dir='ltr'>Iane.</span> <span class='ocrx_word' id='word_1_343' title='bbox 858 3939 961 4032; x_wconf 83' lang='lat' dir='ltr'>Lep.)</span> <span class='ocrx_word' id='word_1_344' title='bbox 975 3941 1028 4007; x_wconf 92' lang='lat' dir='ltr'>vel</span> <span class='ocrx_word' id='word_1_345' title='bbox 1042 3939 1191 4006; x_wconf 86' lang='lat' dir='ltr'>describi</span> <span class='ocrx_word' id='word_1_346' title='bbox 1207 3962 1298 4006; x_wconf 91' lang='lat' dir='ltr'>nunc</span> <span class='ocrx_word' id='word_1_347' title='bbox 1314 3940 1451 4006; x_wconf 90' lang='lat' dir='ltr'>modum</span> <span class='ocrx_word' id='word_1_348' title='bbox 1466 3940 1639 4022; x_wconf 81' lang='lat' dir='ltr'>veniendi,</span> <span class='ocrx_word' id='word_1_349' title='bbox 1658 3949 1748 4030; x_wconf 91' lang='lat' dir='ltr'>post-</span> 
     </span>
     <span class='ocr_line' id='line_1_34' title="bbox 425 4046 1747 4137; baseline -0.001 -23"><span class='ocrx_word' id='word_1_350' title='bbox 425 4069 529 4137; x_wconf 89' lang='lat' dir='ltr'>quem</span> <span class='ocrx_word' id='word_1_351' title='bbox 542 4046 671 4114; x_wconf 91' lang='lat' dir='ltr'>dictum</span> <span class='ocrx_word' id='word_1_352' title='bbox 686 4049 789 4115; x_wconf 89' lang='lat' dir='ltr'>estin</span> <span class='ocrx_word' id='word_1_353' title='bbox 802 4071 834 4114; x_wconf 91' lang='lat' dir='ltr'>v.</span> <span class='ocrx_word' id='word_1_354' title='bbox 854 4054 892 4114; x_wconf 87' lang='lat'>11</span> <span class='ocrx_word' id='word_1_355' title='bbox 914 4047 1027 4136; x_wconf 89' lang='lat' dir='ltr'>ipsum</span> <span class='ocrx_word' id='word_1_356' title='bbox 1048 4047 1179 4113; x_wconf 87' lang='lat' dir='ltr'>venisse</span> <span class='ocrx_word' id='word_1_357' title='bbox 1199 4046 1327 4134; x_wconf 72' lang='lat' dir='ltr'>(Thone.</span> <span class='ocrx_word' id='word_1_358' title='bbox 1350 4050 1433 4112; x_wconf 74' lang='lat' dir='ltr'>Bora.</span> <span class='ocrx_word' id='word_1_359' title='bbox 1453 4047 1524 4112; x_wconf 82' lang='lat' dir='ltr'>Cei.</span> <span class='ocrx_word' id='word_1_360' title='bbox 1545 4050 1664 4134; x_wconf 75' lang='lat' dir='ltr'>iens).</span> <span class='ocrx_word' id='word_1_361' title='bbox 1682 4047 1747 4113; x_wconf 90' lang='lat' dir='ltr'>Sed</span> 
     </span>
     <span class='ocr_line' id='line_1_35' title="bbox 424 4153 1744 4243; baseline -0.003 -21"><span class='ocrx_word' id='word_1_362' title='bbox 424 4155 470 4222; x_wconf 88' lang='lat' dir='ltr'>ad</span> <span class='ocrx_word' id='word_1_363' title='bbox 487 4153 591 4222; x_wconf 88' lang='lat' dir='ltr'>totius</span> <span class='ocrx_word' id='word_1_364' title='bbox 608 4154 744 4243; x_wconf 81' lang='lat' dir='ltr'>prologi</span> <span class='ocrx_word' id='word_1_365' title='bbox 759 4155 908 4222; x_wconf 81' lang='lat' dir='ltr'>formam</span> <span class='ocrx_word' id='word_1_366' title='bbox 924 4159 962 4220; x_wconf 87' lang='lat' dir='ltr'>et</span> <span class='ocrx_word' id='word_1_367' title='bbox 980 4174 1201 4243; x_wconf 83' lang='lat' dir='ltr'>progressum</span> <span class='ocrx_word' id='word_1_368' title='bbox 1228 4153 1522 4219; x_wconf 88' lang='lat' dir='ltr'>accommodatum</span> <span class='ocrx_word' id='word_1_369' title='bbox 1547 4154 1656 4239; x_wconf 84' lang='lat' dir='ltr'>magis</span> <span class='ocrx_word' id='word_1_370' title='bbox 1680 4160 1744 4236; x_wconf 92' lang='lat' dir='ltr'>est,</span> 
     </span>
     <span class='ocr_line' id='line_1_36' title="bbox 426 4259 1746 4349; baseline -0.003 -21"><span class='ocrx_word' id='word_1_371' title='bbox 426 4268 463 4328; x_wconf 89' lang='lat' dir='ltr'>ut</span> <span class='ocrx_word' id='word_1_372' title='bbox 482 4259 613 4328; x_wconf 92' lang='lat' dir='ltr'>sicutin</span> <span class='ocrx_word' id='word_1_373' title='bbox 625 4283 657 4326; x_wconf 90' lang='lat' dir='ltr'>v.</span> <span class='ocrx_word' id='word_1_374' title='bbox 677 4263 748 4338; x_wconf 79' lang='lat' dir='ltr'>aa,</span> <span class='ocrx_word' id='word_1_375' title='bbox 767 4260 817 4329; x_wconf 90' lang='lat' dir='ltr'>ita</span> <span class='ocrx_word' id='word_1_376' title='bbox 828 4260 864 4328; x_wconf 91' lang='lat' dir='ltr'>in</span> <span class='ocrx_word' id='word_1_377' title='bbox 880 4285 912 4328; x_wconf 89' lang='lat' dir='ltr'>v.</span> <span class='ocrx_word' id='word_1_378' title='bbox 928 4267 1012 4328; x_wconf 83' lang='lat' dir='ltr'>9-rt</span> <span class='ocrx_word' id='word_1_379' title='bbox 1027 4282 1167 4349; x_wconf 92' lang='lat' dir='ltr'>quoque</span> <span class='ocrx_word' id='word_1_380' title='bbox 1182 4261 1285 4327; x_wconf 89' lang='lat' dir='ltr'>series</span> <span class='ocrx_word' id='word_1_381' title='bbox 1300 4260 1503 4326; x_wconf 81' lang='lat' dir='ltr'>narrationis</span> <span class='ocrx_word' id='word_1_382' title='bbox 1519 4262 1746 4348; x_wconf 86' lang='lat' dir='ltr'>temporisque</span> 
     </span>
     <span class='ocr_line' id='line_1_37' title="bbox 425 4366 1750 4455; baseline -0.002 -20"><span class='ocrx_word' id='word_1_383' title='bbox 425 4366 856 4436; x_wconf 84' lang='lat' dir='ltr'>succedentisattendatur.</span> <span class='ocrx_word' id='word_1_384' title='bbox 871 4368 947 4435; x_wconf 77' lang='lat' dir='ltr'>Alia</span> <span class='ocrx_word' id='word_1_385' title='bbox 961 4388 1049 4455; x_wconf 88' lang='lat' dir='ltr'>quae</span> <span class='ocrx_word' id='word_1_386' title='bbox 1063 4367 1253 4453; x_wconf 82' lang='lat' dir='ltr'>excogitata</span> <span class='ocrx_word' id='word_1_387' title='bbox 1264 4376 1358 4448; x_wconf 72' lang='lat' dir='ltr'>scint,</span> <span class='ocrx_word' id='word_1_388' title='bbox 1375 4390 1414 4432; x_wconf 85' lang='lat' dir='ltr'>cx</span> <span class='ocrx_word' id='word_1_389' title='bbox 1427 4369 1497 4455; x_wconf 89' lang='lat' dir='ltr'>ipsa</span> <span class='ocrx_word' id='word_1_390' title='bbox 1514 4367 1750 4433; x_wconf 89' lang='lat' dir='ltr'>incarnatione</span> 
     </span>
     <span class='ocr_line' id='line_1_38' title="bbox 427 4472 1748 4563; baseline -0.002 -22"><span class='ocrx_word' id='word_1_391' title='bbox 427 4475 518 4541; x_wconf 83' lang='lat' dir='ltr'>iacta</span> <span class='ocrx_word' id='word_1_392' title='bbox 534 4472 656 4540; x_wconf 88' lang='lat' dir='ltr'>deduci</span> <span class='ocrx_word' id='word_1_393' title='bbox 678 4474 796 4562; x_wconf 88' lang='lat' dir='ltr'>utique</span> <span class='ocrx_word' id='word_1_394' title='bbox 821 4480 979 4563; x_wconf 88' lang='lat' dir='ltr'>possunt;</span> <span class='ocrx_word' id='word_1_395' title='bbox 998 4472 1079 4540; x_wconf 91' lang='lat' dir='ltr'>inde</span> <span class='ocrx_word' id='word_1_396' title='bbox 1097 4476 1210 4540; x_wconf 86' lang='lat' dir='ltr'>temen</span> <span class='ocrx_word' id='word_1_397' title='bbox 1230 4474 1383 4540; x_wconf 91' lang='lat' dir='ltr'>nondum</span> <span class='ocrx_word' id='word_1_398' title='bbox 1404 4473 1558 4561; x_wconf 89' lang='lat' dir='ltr'>sequitur</span> <span class='ocrx_word' id='word_1_399' title='bbox 1578 4494 1617 4537; x_wconf 91' lang='lat' dir='ltr'>ea</span> <span class='ocrx_word' id='word_1_400' title='bbox 1633 4473 1688 4539; x_wconf 90' lang='lat' dir='ltr'>hic</span> <span class='ocrx_word' id='word_1_401' title='bbox 1704 4474 1748 4539; x_wconf 76' lang='lat' dir='ltr'>al)</span> 
     </span>
     <span class='ocr_line' id='line_1_39' title="bbox 428 4579 1746 4671; baseline -0.004 -22"><span class='ocrx_word' id='word_1_402' title='bbox 428 4579 638 4668; x_wconf 82' lang='lat' dir='ltr'>evangelista</span> <span class='ocrx_word' id='word_1_403' title='bbox 663 4580 820 4670; x_wconf 84' lang='lat' dir='ltr'>explicite</span> <span class='ocrx_word' id='word_1_404' title='bbox 844 4581 991 4671; x_wconf 89' lang='lat' dir='ltr'>proponi</span> <span class='ocrx_word' id='word_1_405' title='bbox 1016 4580 1070 4645; x_wconf 91' lang='lat' dir='ltr'>vel</span> <span class='ocrx_word' id='word_1_406' title='bbox 1095 4580 1205 4646; x_wconf 89' lang='lat' dir='ltr'>innui.</span> <span class='ocrx_word' id='word_1_407' title='bbox 1231 4586 1371 4648; x_wconf 83' lang='lat' dir='ltr'>Carnem</span> <span class='ocrx_word' id='word_1_408' title='bbox 1401 4581 1478 4668; x_wconf 90' lang='lat' dir='ltr'>poni</span> <span class='ocrx_word' id='word_1_409' title='bbox 1499 4601 1560 4667; x_wconf 81' lang='lat' dir='ltr'>pue</span> <span class='ocrx_word' id='word_1_410' title='bbox 1585 4580 1746 4644; x_wconf 88' lang='lat' dir='ltr'>homine:</span> 
     </span>
     <span class='ocr_line' id='line_1_40' title="bbox 428 4684 1749 4770; baseline -0.002 -19"><span class='ocrx_word' id='word_1_411' title='bbox 428 4689 575 4755; x_wconf 94' lang='lat' dir='ltr'>Verbum</span> <span class='ocrx_word' id='word_1_412' title='bbox 594 4687 698 4754; x_wconf 90' lang='lat' dir='ltr'>homo</span> <span class='ocrx_word' id='word_1_413' title='bbox 714 4688 841 4754; x_wconf 88' lang='lat' dir='ltr'>lactum</span> <span class='ocrx_word' id='word_1_414' title='bbox 864 4689 946 4770; x_wconf 90' lang='lat' dir='ltr'>est¹,</span> <span class='ocrx_word' id='word_1_415' title='bbox 969 4694 1100 4755; x_wconf 85' lang='lat' dir='ltr'>veteres</span> <span class='ocrx_word' id='word_1_416' title='bbox 1117 4685 1184 4752; x_wconf 85' lang='lat' dir='ltr'>iam</span> <span class='ocrx_word' id='word_1_417' title='bbox 1202 4710 1241 4754; x_wconf 87' lang='lat' dir='ltr'>ex</span> <span class='ocrx_word' id='word_1_418' title='bbox 1259 4711 1321 4754; x_wconf 91' lang='lat' dir='ltr'>usu</span> <span class='ocrx_word' id='word_1_419' title='bbox 1343 4687 1432 4752; x_wconf 63' lang='lat' dir='ltr'>trecis</span> <span class='ocrx_word' id='word_1_420' title='bbox 1447 4687 1644 4765; x_wconf 86' lang='lat' dir='ltr'>ostendunt;</span> <span class='ocrx_word' id='word_1_421' title='bbox 1661 4684 1749 4749; x_wconf 90' lang='lat' dir='ltr'>unde</span> 
     </span>
    </p>
   </div>
   <div class='ocr_carea' id='block_1_5' title="bbox 463 4919 1594 5059">
    <p class='ocr_par' dir='ltr' id='par_1_5' title="bbox 463 4919 1594 5059">
     <span class='ocr_line' id='line_1_41' title="bbox 463 4919 1594 4984; baseline -0.007 -14"><span class='ocrx_word' id='word_1_422' title='bbox 463 4926 482 4970; x_wconf 85' lang='lat' dir='ltr'>t.</span> <span class='ocrx_word' id='word_1_423' title='bbox 496 4919 535 4971; x_wconf 82' lang='lat' dir='ltr'>cl.</span> <span class='ocrx_word' id='word_1_424' title='bbox 552 4921 686 4980; x_wconf 69' lang='lat' dir='ltr'>lustinus,</span> <span class='ocrx_word' id='word_1_425' title='bbox 701 4919 770 4983; x_wconf 75' lang='lat' dir='ltr'>Apol.</span> <span class='ocrx_word' id='word_1_426' title='bbox 792 4919 963 4982; x_wconf 75' lang='grc' dir='ltr'><strong>1,5;αὺτὸςὸ</strong></span> <span class='ocrx_word' id='word_1_427' title='bbox 979 4922 1057 4984; x_wconf 76' lang='grc' dir='ltr'><strong>Λόγος</strong></span> <span class='ocrx_word' id='word_1_428' title='bbox 1072 4919 1202 4982; x_wconf 64' lang='lat' dir='ltr'>papaten</span> <span class='ocrx_word' id='word_1_429' title='bbox 1216 4922 1257 4968; x_wconf 73' lang='lat' dir='ltr'>zai</span> <span class='ocrx_word' id='word_1_430' title='bbox 1272 4921 1394 4984; x_wconf 75' lang='grc' dir='ltr'>ἅνθρωπος</span> <span class='ocrx_word' id='word_1_431' title='bbox 1409 4919 1532 4981; x_wconf 73' lang='grc' dir='ltr'><strong>γενόμενος</strong></span> <span class='ocrx_word' id='word_1_432' title='bbox 1547 4920 1594 4964; x_wconf 89' lang='lat' dir='ltr'>etc.</span> 
     </span>
     <span class='ocr_line' id='line_1_42' title="bbox 896 5014 1290 5059; baseline 0.008 -3"><span class='ocrx_word' id='word_1_433' title='bbox 896 5020 1076 5058; x_wconf 73' lang='lat' dir='ltr'>salamenses</span> <span class='ocrx_word' id='word_1_434' title='bbox 1094 5018 1120 5058; x_wconf 87' lang='lat' dir='ltr'>ut</span> <span class='ocrx_word' id='word_1_435' title='bbox 1136 5020 1202 5057; x_wconf 79' lang='lat' dir='ltr'>roan.</span> <span class='ocrx_word' id='word_1_436' title='bbox 1221 5036 1252 5044; x_wconf 90' lang='grc'><strong>-</strong></span> <span class='ocrx_word' id='word_1_437' title='bbox 1268 5014 1290 5059; x_wconf 83' lang='grc'>6.</span> 
     </span>
    </p>
   </div>
   <div class='ocr_carea' id='block_1_6' title="bbox 0 0 2070 5648">
    <p class='ocr_par' dir='ltr' id='par_1_6' title="bbox 0 0 2070 5648">
     <span class='ocr_line' id='line_1_43' title="bbox 0 0 2070 5648; baseline 0 0"><span class='ocrx_word' id='word_1_438' title='bbox 0 0 2070 5648; x_wconf 95' lang='lat' dir='ltr'> </span> 
     </span>
    </p>
   </div>
  </div>
 </body>
</html>
