4050 5648
77 644 114 711 af
179 628 181 635 ¹
234 666 336 735 aegre
354 650 552 732 ferentium,
575 645 637 736 qui
654 645 848 717 existimant
862 652 967 719 satius
989 646 1109 728 luisse,
1131 651 1169 713 ut
1187 643 1368 715 consilium
1387 673 1407 716 a
1433 605 1560 739 caipha

233 750 352 823 datum
372 759 487 825 statim
511 753 720 821 exsecutioni
747 754 986 837 mandaretur;
1011 758 1044 819 et
1070 773 1146 819 cum
1171 752 1308 820 dicatur
1334 775 1341 820 :
1368 757 1451 844 quia
1472 751 1560 822 nihil

60 848 90 941 11³
129 846 152 893 ⁵·
232 862 413 950 proficitis,
437 882 494 928 eos
515 860 672 928 incusare
692 862 853 929 videntur
877 882 991 930 morae
1014 880 1054 926 ac
1075 859 1262 940 tarditatis,
1286 859 1346 948 qui
1373 861 1561 930 monebant

230 975 330 1037 caute
347 989 418 1036 csse
440 966 695 1055 procedendum
711 973 831 1035 contra
851 972 975 1051 lesum,
998 988 1041 1032 no
1061 967 1183 1034 turbae
1199 987 1286 1056 quae
1305 964 1337 1030 ei
1351 964 1562 1037 adhaereant

231 1075 419 1143 tumultum
442 1080 697 1142 commoverent
718 1073 772 1158 (ci.
799 1078 896 1142 lianc.
927 1078 1043 1154 1212,
1071 1078 1149 1141 Luc.
1173 1071 1432 1155 20,1eetsim.
1460 1080 1557 1143 llarc·

233 1184 327 1262 tt,a;
349 1183 427 1244 Luc.
448 1182 561 1271 22,2);
582 1209 598 1242 «
621 1181 686 1247 hoc
706 1177 826 1245 dicunt
849 1180 1044 1247 incusantes
1063 1181 1262 1269 semetipsos
1278 1176 1371 1269 quod
1399 1177 1558 1248 uoniam

94 1342 113 1357 ,.
229 1283 364 1373 pridem
384 1284 555 1354 Christum
570 1306 647 1352 cum
668 1289 792 1351 Lazaro
812 1285 1048 1354 interfecerint
1062 1307 1201 1376 seseque
1216 1285 1263 1352 ad
1277 1285 1417 1352 caedem
1440 1290 1567 1373 mutuo,

47 1394 90 1473 ’.-
230 1389 454 1459 cohortantur
464 1421 481 1454 ν
499 1394 594 1482 (Cyr.
608 1390 653 1458 ct.
667 1391 737 1457 Tol.
750 1391 858 1460 Mald.
874 1395 959 1481 [ορ.
979 1391 1121 1481 Calm.).·
1135 1390 1246 1459 Verba
1256 1399 1335 1458 sunt
1349 1390 1558 1483 complicum

54 1526 58 1533 ·
73 1499 79 1537 ³
101 1502 107 1523 ’·
230 1495 449 1566 excitantium
459 1500 537 1566 illos
551 1496 953 1586 quibusincumbebatcx
968 1497 1078 1566 oiiioio
1088 1520 1209 1566 vacare
1223 1497 1267 1565 ad
1279 1497 1570 1587 impediendum3'

42 1580 155 1697 {siffi-
229 1602 376 1671 excitant
393 1611 509 1672 autem
521 1603 743 1693 proponendo
758 1609 795 1670 ut
810 1604 1028 1672 considerent
1041 1604 1077 1671 id
1099 1605 1193 1695 quod
1213 1601 1347 1686 vident,
1375 1604 1469 1694 quod
1484 1605 1555 1672 scil.

45 1694 125 1801 {gfff
134 1738 142 1791 j
229 1707 318 1777 nihil
332 1711 518 1800 proficiunt
532 1709 577 1777 ad
589 1709 847 1801 impediendum
860 1710 987 1801 (Gai),
1009 1733 1083 1778 ecce
1099 1719 1256 1795 ὀνιὲσμσς,
1271 1709 1463 1800 hyperbole
1477 1732 1568 1778 con--

52 1818 135 1911 5ξῇιῇ
228 1818 324 1883 sueta
337 1816 381 1882 de
405 1838 534 1904 magna
554 1816 791 1898 multitudine,
813 1823 848 1884 et
862 1840 900 1885 ea
922 1817 1189 1904 exaggeratione
1215 1815 1319 1884 etiam
1344 1816 1475 1906 optime
1495 1818 1558 1884 de-

114 1916 121 1999 ]
135 1923 138 1929 ’
153 1991 156 1997 ,
228 1920 391 1988 scribitur
403 1923 574 2012 impotens
586 1945 707 1991 eorum
720 1923 833 2006 iuror;
845 1937 924 2012 post
936 1945 1020 1991 eum
1034 1924 1120 1991 obiit
1130 1926 1264 2008 ἀπῆλθεν
1275 1946 1283 2004 3
1296 1924 1365 1991 iam
1375 1921 1554 2003 deficiunt,

227 2025 393 2096 recedunt
407 2028 452 2095 ab
471 2030 672 2098 auctoritate
694 2029 965 2118 synedristarum
986 2035 1020 2098 et
1041 2053 1119 2098 eum
1138 2036 1330 2120 sequuntur
1350 2050 1454 2118 quem
1476 2028 1556 2096 odio
1617 2043 1621 2050 '

43 2120 105 2233 ζςῇ,
140 2158 143 2163 ’
227 2133 321 2201 letali
337 2134 402 2225 ipsi
419 2143 683 2226 prosequuntur.
702 2136 867 2203 Videntur
881 2138 1010 2227 quippe
1024 2136 1091 2204 sihi
1107 2136 1222 2204 videre
1237 2136 1272 2203 in
1293 2136 1360 2202 hoc
1379 2134 1555 2226 triumpho

225 2262 323 2307 suam
337 2242 491 2332 ipsorum
503 2241 653 2326 cladem,
668 2245 772 2311 totius
787 2243 905 2333 populi
925 2265 994 2311 asc
1010 2243 1255 2324 detectionem
1279 2269 1296 2304 ιι
1316 2242 1418 2308 turha
1436 2242 1555 2310 turba·

56 2408 89 2437 „s
226 2346 275 2413 vit
295 2349 431 2414 turham
452 2377 467 2408 ν
495 2348 626 2439 (Auo).
651 2351 766 2416 lterito
792 2356 888 2418 notat
910 2349 1055 2439 theoph.
1085 2371 1098 2414 .·
1124 2379 1140 2410 ο
1167 2349 1247 2417 vide
1273 2350 1553 2437 consequentiam

58 2440 66 2491 .·
85 2459 93 2527 ζ’
122 2456 148 2504 7
224 2452 427 2544 (ἀκολουθίαν)
443 2456 626 2544 passionis;
643 2456 817 2524 suscitavit
835 2461 1015 2538 Lazarum,
1041 2456 1206 2523 miraculo
1221 2457 1287 2523 hoc
1308 2455 1457 2522 maximo
1478 2477 1555 2522 om·

224 2561 320 2626 nium
341 2560 386 2627 ad
403 2561 505 2628 tinem
522 2567 709 2645 reservato;
726 2569 937 2655 quapropter
950 2563 1049 2629 multi
1064 2563 1283 2630 continebant
1297 2569 1330 2629 et
1348 2561 1551 2642 credebant;

223 2687 263 2732 ex
278 2688 317 2733 eo
333 2668 428 2757 quod
442 2669 545 2735 multi
558 2668 756 2750 credebant,
775 2669 886 2737 maior
899 2669 1068 2738 evadebat
1079 2669 1223 2749 invidia,
1241 2691 1282 2736 ex
1290 2669 1423 2736 invidia
1436 2674 1553 2736 autem

226 2773 460 2862 sequebantur
476 2775 623 2842 insidiae
642 2781 675 2842 et
689 2797 771 2846 crux
787 2803 817 2842 ν.

259 2964 331 3015 Sunt
345 2966 394 3028 qui
408 2967 574 3016 sollemnem
589 2967 746 3029 ingressum
761 2965 825 3016 Iesu
844 2968 935 3016 solum
950 2967 1096 3028 concipere
1111 2979 1142 3016 se
1160 2978 1244 3029 posse
1258 2963 1411 3026 affirment,
1428 2967 1453 3016 si
1473 2965 1553 3017 lesus

220 3055 310 3118 prima
324 3056 384 3104 vice
398 3054 434 3104 ad
453 3054 550 3104 urbem
564 3055 691 3115 acredat;
708 3053 782 3105 unde
797 3054 987 3105 narrationem
1010 3054 1123 3104 loannis
1145 3054 1201 3104 iam
1220 3067 1254 3105 eo
1274 3052 1385 3105 deiectu
1407 3054 1550 3117 laborare,

220 3144 287 3207 quia
304 3141 458 3193 secundum
481 3144 573 3206 ipsum
592 3144 700 3207 priores
718 3143 783 3193 Iesu
802 3144 831 3192 in
851 3142 947 3194 urbem
962 3143 1107 3206 ingressus
1121 3144 1183 3192 sine
1197 3155 1302 3207 pompa
1315 3140 1429 3193 tuerint.
1447 3142 1552 3207 Utique

110 3278 113 3283 ι
218 3232 244 3282 si
262 3233 438 3281 resuscitatio
453 3230 552 3281 hazan
567 3229 660 3297 (quam
675 3232 715 3280 ilii
728 3230 841 3295 neganti
857 3232 948 3281 locum
961 3245 1017 3282 non
1033 3232 1187 3296 habuisset,
1202 3230 1321 3282 tortasse
1336 3232 1392 3281 tale
1406 3231 1551 3282 turbarum

218 3318 342 3369 studium
361 3331 417 3368 non
435 3321 529 3369 statim
544 3321 639 3383 posset
653 3321 795 3384 explicari.
813 3319 869 3370 Sed
882 3320 931 3369 tali
946 3313 1081 3369 miraculo
1096 3322 1206 3384 patrato
1220 3319 1360 3384 populum
1376 3319 1486 3370 testivis
1501 3333 1549 3370 ac·

216 3408 432 3457 clamationihus
449 3408 573 3457 salutare
593 3408 699 3468 lesum,
714 3421 784 3458 sane
798 3421 855 3458 non
870 3413 914 3458 cst
927 3421 973 3459 res
986 3409 1131 3460 intellectu
1153 3408 1225 3458 adeo
1244 3406 1380 3469 difficilis,
1399 3409 1453 3458 etsi
1470 3409 1550 3459 Iesus

218 3495 333 3559 saepius
346 3497 401 3545 iam
416 3497 445 3544 in
460 3497 528 3546 urhe
549 3494 641 3547 tuerit.
659 3496 714 3555 Qui
727 3496 763 3547 ad
782 3495 884 3547 testum
900 3503 1049 3557 venerant,
1065 3498 1092 3548 ei
1114 3498 1226 3547 obviam
1247 3502 1315 3547 eunt
1334 3510 1361 3545 v.
1389 3495 1429 3545 ii.
1453 3497 1547 3556 Quare

141 3652 144 3656 ἢ
219 3586 372 3634 narrationi
387 3584 486 3634 loanni
505 3584 582 3634 nullo
601 3583 684 3634 modo
701 3600 712 3631 ι
728 3598 743 3636 e
757 3584 893 3635 diametro
908 3586 1061 3648 opponitur
1076 3602 1087 3632 ν
1104 3581 1153 3644 (im
1168 3583 1378 3636 schneidenden
1393 3582 1546 3649 contracti,

217 3673 292 3737 quod
311 3673 408 3723 Matth.
433 3671 558 3732 ‘unioni
582 3675 735 3722 narratur:
758 3677 897 3724 commota
921 3679 964 3724 est
989 3675 1121 3723 universa
1146 3673 1258 3732 civitas,
1275 3672 1371 3723 dicens
1392 3686 1399 3722 :
1420 3675 1484 3736 quis
1506 3680 1550 3724 est

221 3761 282 3811 hiet
1026 3756 1028 3760 ⁴

465 3935 488 4004 b)
505 3936 654 3989 Gentiles
670 3939 779 3989 iesum
796 3939 962 4002 quaerunt
977 3937 1093 3990 videre
1112 3938 1282 4002 reae-sa.

255 4114 343 4175 trun.
364 4115 451 4164 Erant
474 4120 569 4165 autem
593 4115 706 4178 quidam
720 4116 854 4178 gentiles,
936 4116 977 4176 tt,
1000 4115 1044 4166 20.
1065 4111 1148 4164 Ἦσαν
1167 4111 1193 4164 δὲ
1212 4110 1336 4177 Ἔλληνές
1355 4130 1418 4173 τινες
1443 4112 1469 4165 ἐν.
1495 4119 1545 4165 τῶν

215 4218 250 4256 ex
274 4205 318 4253 his
341 4207 390 4267 qui
408 4204 594 4254 ascenderant
610 4207 641 4252 ut
659 4203 809 4254 adorarent
828 4207 856 4254 in
897 4199 1081 4253 ἂνσὸσινόντων
1102 4200 1146 4252 ἵνα
1164 4199 1369 4270 προσκυνήσωσιν
1389 4199 1414 4252 ἐν
1434 4204 1466 4273 τῇ
1485 4199 1546 4272 ἑορ-

215 4295 262 4344 die
287 4292 367 4344 testo.
396 4293 439 4341 ai.
468 4293 502 4342 Hi
526 4304 595 4354 ergo
618 4297 796 4342 accesserunt
821 4292 857 4342 ad
897 4294 937 4361 τῇ·
953 4293 997 4342 21.
1013 4284 1081 4340 οὗτοι
1100 4283 1144 4340 obv
1159 4289 1298 4358 προσῆλθον
1315 4288 1547 4362 Φιλίππῳτῷᾶιιὸ

216 4382 376 4444 Philippum
387 4380 693 4445 quieratassethsaida
703 4381 854 4440 Galilaeae,
898 4377 1025 4445 Βηθσαιδὰ
1046 4381 1089 4442 τῆς
1115 4377 1260 4440 Γαλιλαίας,
1279 4379 1322 4430 καὶ
1346 4377 1450 4449 ἠρώτων
1469 4379 1545 4432 αὐτὸν

115 4466 117 4470 ’
216 4476 244 4520 et
259 4470 396 4533 rogabant
412 4483 475 4520 etim
490 4470 616 4520 dicentes
631 4482 638 4517 ε
656 4469 789 4529 Domine,
804 4482 856 4520 vo·
897 4468 1023 4538 λέγοντες,
1048 4465 1127 4534 κύριε,
1154 4465 1259 4538 θέλομεν
1283 4467 1326 4520 τὸν
1350 4466 1448 4534 Ἰησοῦν
1469 4465 1543 4521 ἰδεῖν.

216 4560 310 4609 tumus
326 4559 418 4609 lesum
432 4559 534 4608 videre.
547 4559 591 4608 22.
604 4558 688 4609 Venit
699 4557 854 4621 Philippus,
898 4559 942 4609 ii.
962 4554 1062 4627 ἔρχεται
1080 4553 1226 4617 suntme
1244 4557 1286 4608 καὶ
1304 4557 1374 4627 λέγει
1384 4562 1422 4627 τῷ
1432 4557 1543 4628 Ἀνδρέᾳ·

216 4649 245 4697 et
266 4645 333 4695 dicit
352 4648 481 4697 Andreae
505 4663 511 4695 :
543 4648 670 4698 Andreas
699 4659 808 4696 rursum
828 4653 856 4697 et
897 4643 997 4717 ἔρχεται
1025 4640 1143 4713 Ἀνδρέας
1171 4645 1213 4696 καλ
1239 4645 1365 4707 Φίλιππος
1391 4645 1432 4696 καὶ
1451 4644 1545 4716 λέγου-

217 4734 506 4796 Philippusdixemnt
519 4736 592 4786 lesu.
608 4737 653 4787 ii.
671 4737 748 4786 Iesus
762 4741 856 4786 autern
897 4751 935 4783 σιν
954 4737 991 4802 τῷ
1009 4731 1102 4799 Ἰησοῦ.
1125 4736 1168 4787 23.
1189 4733 1246 4786 tei
1269 4732 1365 4800 Ἰησοῦς
1384 4736 1544 4805 ἀποκρίνεται

218 4822 362 4885 respondit
375 4825 417 4871 eis
431 4823 528 4874 dicens
543 4839 550 4872 t
566 4826 650 4876 Venit
669 4827 738 4876 hora
752 4829 783 4874 ut
796 4824 856 4873 cla-
897 4818 981 4881 αὖτσῖς
999 4819 1094 4893 λέγων,
1109 4821 1278 4888 ’Ἐλήλυθενὴ
1301 4824 1355 4892 ὧροι
1373 4822 1418 4874 ἵνα
1437 4824 1544 4896 δοξασθῇ

215 4909 339 4962 rtficetur
352 4911 438 4961 Filius
452 4912 583 4963 hominis.
599 4915 641 4964 ii.
662 4918 759 4976 Amen,
773 4925 855 4964 amen
896 4909 979 4970 tutte
1002 4913 1046 4961 τοῦ
1064 4910 1204 4981 ἀνθρώπου,
1232 4915 1274 4965 it.
1295 4909 1362 4982 ἀρὴν
1382 4911 1449 4982 ἀμὴν
1475 4917 1544 4984 λέγω
