4050 5648
261 487 266 497 ’
354 482 414 543 534
884 498 964 544 ioan.
989 487 1142 561 leil-le.

358 651 474 715 cogens
500 645 536 700 ut
554 638 644 717 quasi
666 650 703 692 ex
722 632 910 695 auctoritate
938 638 970 698 in
991 656 1041 700 me
1065 634 1182 695 saevias
1208 658 1235 692 n.
1255 636 1351 696 Multa
1376 638 1546 719 explicavit
1567 634 1675 711 lans.,·

356 751 453 796 unum
486 755 550 796 non
579 728 757 807 explicavit,
783 728 849 789 scil.
881 732 957 796 illud
982 740 1167 818 propterea,
1199 749 1272 793 nam
1300 749 1338 792 ex
1366 736 1434 797 eius
1468 732 1675 816 explicatione

355 832 498 894 Christus
509 831 615 909 potius
632 827 673 885 ita
685 824 812 887 locutus
827 845 896 891 esse
912 834 1057 894 videtur:
1071 829 1126 888 etsi
1141 837 1174 891 tu
1189 849 1253 892 non
1268 830 1401 891 haberes
1415 838 1606 910 potestatem
1622 829 1677 889 ad·
1746 885 1748 888 ,

355 948 465 992 versus
485 944 536 986 me
555 924 651 984 ullam
669 925 731 983 nisi
745 925 801 985 tibi
815 926 922 990 datum
937 935 1021 992 esset
1036 928 1182 1005 desuper,
1198 935 1306 990 tamen
1324 928 1380 1006 qui
1396 946 1446 989 me
1462 931 1596 992 tradidit
1608 927 1675 999 tibi,

355 1027 458 1088 maius
474 1026 634 1100 peccatum
651 1021 755 1083 habet.
774 1025 882 1104 Neque
901 1027 990 1088 Patr.
1005 1026 1081 1088 setis
1099 1043 1168 1085 rem
1186 1026 1358 1106 explanat:
1379 1047 1394 1078 ι(
1409 1025 1517 1104 itaque
1535 1028 1678 1088 Christus

356 1124 459 1183 dicere
476 1118 578 1179 voluit
593 1120 698 1181 minus
718 1140 812 1200 quam
832 1125 965 1186 ludaeos
983 1123 1119 1184 Pilatum
1141 1129 1361 1203 peccaturum,
1379 1140 1441 1183 non
1457 1123 1588 1201 quidem
1603 1124 1680 1202 quia

355 1218 442 1278 illam
458 1220 648 1294 potestatem
664 1219 809 1295 haberet,
823 1223 877 1284 sed
889 1225 965 1301 quie
979 1224 1036 1295 ita,
1050 1224 1086 1281 ut
1101 1221 1239 1293 dicebat,
1252 1240 1285 1283 se
1298 1221 1413 1282 habere
1428 1222 1573 1299 putaret;
1587 1221 1678 1300 igno·
1730 1287 1736 1296 ,

356 1314 456 1375 rantia
471 1316 555 1376 enim
571 1319 631 1378 etsi
643 1318 826 1399 culpabilis,
844 1321 1007 1399 peccatum
1020 1318 1180 1380 minuit».
1197 1320 1257 1382 Sed
1274 1320 1416 1382 Christus
1430 1318 1509 1379 dicit
1523 1317 1552 1378 ei
1570 1333 1680 1378 revera

356 1411 464 1473 datum
488 1431 556 1475 esse
578 1415 700 1478 habere·
716 1421 921 1496 potestatem;
937 1416 1012 1476 dein
1027 1434 1066 1476 ne
1087 1417 1206 1479 Pilatus
1228 1419 1360 1497 quidem
1380 1417 1504 1496 putavit
1518 1415 1579 1476 sibi
1596 1415 1679 1475 inte·

357 1527 451 1588 grum
468 1529 537 1574 esse
550 1516 648 1575 etiam
667 1516 868 1574 innocentem
881 1513 1073 1592 crucitlgere.
1090 1517 1195 1576 Etiam
1215 1514 1307 1597 Scap.
1324 1519 1434 1577 censet
1447 1514 1571 1576 nullam
1589 1516 1674 1592 pote·

358 1614 473 1671 statem
490 1611 590 1672 Pilato
605 1629 623 1672 a
638 1611 759 1672 Christo
772 1611 804 1670 in
820 1627 854 1670 se
875 1610 1022 1686 concedi;
1039 1630 1136 1691 quare
1152 1615 1357 1693 synedrium,
1373 1612 1462 1692 quod
1471 1613 1593 1693 pariter
1606 1609 1680 1672 nul-

357 1707 419 1768 lam
434 1709 466 1770 in
483 1726 559 1770 eum
574 1709 679 1779 hahet,
697 1709 799 1768 maius
812 1711 1010 1771 committere
1023 1716 1202 1791 peccatum,
1213 1712 1288 1789 quia
1298 1712 1420 1790 primus
1431 1716 1541 1773 auctor
1552 1707 1682 1771 sceleris

358 1806 412 1867 sit.
428 1810 468 1868 nt
483 1807 623 1868 Christus
638 1806 721 1866 clare
743 1805 821 1865 dicit
840 1807 951 1868 datum
970 1826 1041 1870 esse
1060 1810 1163 1870 Pilato
1181 1809 1318 1887 desuper
1336 1807 1455 1869 habere
1469 1806 1679 1887 potestatem!

358 1906 465 1981 Neque
480 1905 584 1982 placet
598 1904 684 1982 quod
699 1901 761 1962 Fit.
780 1904 885 1977 hahet,
898 1912 1076 1985 propterea,
1089 1907 1166 1984 quia
1179 1912 1214 1967 tu
1230 1923 1263 1966 es
1279 1905 1362 1967 eain
1378 1923 1413 1967 re
1429 1906 1683 1967 instrumentum

358 2003 391 2061 in
414 2018 513 2061 manu
535 2000 657 2070 divina,
676 2001 729 2079 qui
755 2019 805 2062 me
825 2002 956 2063 tradidit
980 2004 1053 2075 tibi,
1077 2004 1183 2063 maius
1206 2009 1375 2081 peccatum
1399 2003 1507 2063 habet.
1528 2002 1683 2063 Desidere

359 2115 492 2170 nexum,
514 2098 590 2159 dein
612 2101 637 2159 si
654 2100 899 2161 instrumentum
917 2101 1115 2180 intelligitur,
1134 2102 1179 2162 uti
1199 2101 1295 2161 debet
1314 2101 1454 2179 concipi,
1472 2101 1571 2161 etiam
1586 2116 1683 2179 syne-

359 2197 477 2257 dristae
492 2214 529 2257 ea
546 2196 578 2257 in
594 2215 626 2259 re
643 2204 731 2258 erant
747 2199 958 2260 instrumenta
972 2200 1011 2260 ad
1027 2200 1172 2260 divinum
1185 2198 1418 2276 redemptionis
1438 2198 1610 2260 consilium
1630 2214 1684 2259 ex·

359 2295 571 2372 sequendum.

407 2444 521 2512 ludaei
539 2445 685 2534 superba
706 2446 764 2514 illa
778 2448 996 2536 responsione
1014 2470 1021 2514 :
1044 2470 1105 2514 nos
1124 2447 1235 2534 legem
1254 2447 1438 2530 habemus,
1456 2469 1526 2537 qua
1546 2447 1685 2514 eludere

363 2552 525 2620 volebant
540 2551 624 2619 illud
647 2551 744 2619 Pilati
771 2575 778 2621 :
806 2576 963 2640 egonon
983 2554 1121 2621 invenio
1145 2576 1299 2636 causam,
1323 2555 1465 2620 minime
1481 2553 1686 2623 obtinebant

362 2659 455 2749 quod
475 2658 651 2738 volebant;
669 2681 687 2725 e
707 2661 968 2727 contrafactum
986 2668 1037 2727 est
1054 2660 1115 2727 illa
1130 2660 1366 2751 responsione,
1384 2669 1423 2727 ut
1442 2661 1569 2727 Pilatus
1583 2658 1687 2726 vellet

363 2771 470 2833 lesum
489 2766 661 2833 dimittere
681 2789 713 2832 v.
739 2772 780 2833 12
799 2779 832 2832 et
855 2765 978 2860 caindo
999 2778 1032 2834 ἐκ
1057 2777 1178 2848 τούτου,
1201 2775 1342 2857 propter
1361 2767 1427 2834 hoc
1451 2769 1550 2855 (Arcp.
1570 2765 1685 2832 Thom.

365 2876 459 2939 Patr.
477 2872 576 2940 Schz.
608 2873 738 2961 Weiss.)
761 2902 777 2934 «
794 2873 908 2941 verbis
925 2875 1023 2941 illum
1044 2877 1243 2963 perterruit,
1261 2879 1475 2963 quapropter
1494 2873 1552 2938 ille
1574 2872 1686 2963 ipsum

362 2981 537 3047 absolvere
558 2981 741 3047 tentabat»
764 2980 890 3071 (Chr),
912 2981 970 3047 alii
986 2983 1151 3071 temporis
1170 2983 1345 3048 notionem
1359 2981 1560 3070 praeierunt
1580 2980 1685 3068 (lans.

366 3086 458 3156 Cori.
481 3087 582 3176 Fit),
604 3087 663 3154 sed
687 3110 765 3153 cum
785 3096 925 3155 conatus
947 3088 1006 3154 ille
1028 3089 1144 3154 statim
1165 3088 1229 3155 luit
1251 3085 1462 3154 clamoribus
1481 3086 1687 3153 ludaeorum

363 3194 479 3261 irritus
496 3197 620 3275 iactus,
643 3195 737 3261 notio
761 3218 803 3261 er
827 3219 864 3262 eo
886 3208 1034 3286 tempore
1053 3217 1122 3261 non
1145 3195 1319 3281 congruit,
1347 3193 1476 3284 optime
1501 3197 1615 3259 autem
1636 3190 1688 3259 al-

364 3309 437 3368 tera
461 3323 468 3368 :
494 3308 635 3391 propter
653 3301 810 3368 timorem
832 3302 931 3368 illum
951 3325 983 3366 v.
1010 3310 1029 3369 8
1052 3307 1087 3368 et
1110 3307 1253 3392 propter
1271 3285 1539 3377 verba'Christi,
1564 3297 1690 3387 quibus

365 3430 527 3496 magnam
546 3410 684 3498 culpam
700 3410 854 3475 contrairi
871 3431 889 3476 a
910 3409 1018 3475 Pilato
1031 3408 1122 3475 clare
1137 3407 1337 3476 enuntiatur
1352 3412 1386 3474 et
1404 3407 1505 3497 proin
1522 3405 1596 3472 iure
1611 3425 1688 3472 eum

365 3516 484 3583 timere
500 3515 685 3582 vindictam
705 3515 856 3582 divinam
876 3516 1018 3597 debere,
1041 3517 1226 3605 petaeredat
1247 3513 1381 3580 Pilatus
1401 3512 1574 3579 demittere
1588 3532 1687 3594 eum,·

365 3621 495 3712 prodiit
511 3622 637 3689 Pilatus
650 3621 774 3689 iterum
789 3644 827 3688 ex
842 3623 1013 3712 praetorio
1028 3623 1118 3688 loras
1133 3621 1177 3688 ad
1192 3621 1333 3688 ludaeos
1349 3621 1460 3708 iisque
1478 3616 1685 3706 significavit

367 3751 402 3796 se
433 3728 503 3795 iam
532 3728 708 3796 absolvere
736 3751 831 3795 reum
859 3736 892 3795 et
921 3751 997 3796 eum
1024 3729 1174 3795 liberum
1196 3727 1384 3804 dimittere;
1415 3725 1474 3793 sed
1499 3747 1602 3815 quam
1620 3723 1690 3815 pri-

367 3857 462 3903 mum
481 3834 535 3901 illi
555 3836 643 3902 hanc
668 3836 740 3902 eius
765 3836 973 3903 voluntatem
997 3836 1209 3925 percipiunt,
1227 3835 1340 3901 statim
1362 3832 1577 3900 clamoribus
1599 3830 1691 3898 obsi·

366 3949 459 4010 stunt
473 3948 507 4008 et
524 3964 580 4008 eas
596 3943 733 4009 tandem
753 3942 863 4009 minas
877 3944 1064 4032 proferunt,
1082 3941 1207 4030 quibus
1219 3942 1346 4008 Pilatus
1356 3941 1460 4006 victas
1472 3938 1533 4006 dat
1549 3957 1686 4016 manus3

369 4051 496 4117 trustra
516 4049 674 4127 tentavit;
696 4072 803 4138 quare
830 4072 837 4117 :
862 4052 1045 4139 qacaerebat
1070 4048 1259 4125 dimittere3
1287 4046 1409 4113 tredaci
1427 4058 1542 4112 autem
1563 4044 1693 4111 clamo·

367 4158 449 4224 bant
468 4155 618 4222 dicentes
637 4155 692 4221 :si
711 4156 800 4221 tunc
820 4154 976 4238 dineittis,
995 4178 1064 4221 non
1083 4177 1117 4221 es
1130 4155 1262 4220 amicus
1276 4153 1454 4235 Caesaris,·
1471 4152 1582 4218 omnis
1601 4150 1693 4218 enim

368 4265 431 4353 qui
451 4286 485 4330 se
510 4287 624 4354 repam
643 4263 732 4350 socii
758 4262 963 4329 contradicit
985 4262 1125 4331 Caesari
1131 4283 1144 4343 ,·
1163 4262 1251 4329 bene
1276 4261 1439 4327 hocloco
1463 4259 1583 4326 recolit
1609 4260 1690 4347 Gyr.
1744 4251 1747 4256 ⁴

369 4380 453 4462 quot
473 4371 574 4437 variis
592 4370 702 4436 modis
718 4375 826 4437 lesum
842 4368 985 4458 perdere
1005 4369 1193 4435 tentarint:
1218 4396 1233 4427 «
1252 4366 1488 4434 animadverte
1504 4364 1693 4432 calumnia-

371 4486 483 4547 torum
501 4479 649 4545 lurorem
662 4477 884 4555 indomitum,
901 4478 1049 4565 primum
1061 4478 1152 4543 enim
1167 4476 1329 4542 adversus
1340 4473 1492 4542 Caesaris
1509 4473 1693 4561 imperium

372 4586 503 4654 lacinus
529 4591 694 4652 tentatum
717 4606 787 4651 esse
814 4583 927 4650 miseri
955 4583 1231 4650 conclamabant.
1261 4581 1326 4648 Sed
1351 4603 1429 4647 cum
1454 4602 1522 4645 nou
1549 4579 1694 4645 multum

374 4695 581 4781 proficerent
604 4691 765 4758 adversus
784 4691 955 4759 Christum
969 4692 1029 4780 qui
1052 4712 1198 4778 regnum
1221 4711 1320 4755 suum
1342 4711 1408 4754 non
1431 4708 1502 4753 esse
1518 4691 1695 4753 terrenum

375 4798 504 4881 aiebat,
525 4821 640 4866 coram
660 4798 766 4864 Pilato
786 4798 949 4865 violatum
964 4818 1035 4864 esse
1056 4803 1158 4864 ileum
1175 4794 1429 4884 contendebant
1447 4792 1602 4860 dicentes
1619 4815 1626 4860 :
1644 4792 1697 4858 ui-

376 4905 459 4972 lium
473 4907 575 4973 Deise
587 4905 676 4972 iecit.
692 4909 813 4972 Verum
832 4926 911 4971 cum
928 4905 1053 4971 frustra
1067 4903 1206 4971 consilia
1220 4905 1284 4970 ista
1299 4901 1471 4984 cederent,
1489 4899 1532 4967 ad
1549 4900 1697 5002 primam
