4050 5648
258 658 452 749 passionem
474 669 509 732 ct
528 656 809 730 resurrectionem
837 685 934 733 suam
962 657 1152 728 credituros
1172 658 1302 749 ubique
1327 659 1432 755 (Aac.
1461 660 1576 731 Ttom.

258 767 339 835 Bar.
355 768 487 860 Scap).
1065 786 1067 789 ’

299 880 340 943 Et
359 875 473 942 statim
494 868 611 937 subdit
631 874 772 943 modum
794 881 828 942 et
851 894 988 942 causam
1010 871 1211 943 efficiendae
1229 873 1396 942 claritatis
1417 876 1536 969 (Κεφ.)
1550 877 1584 943 et

254 981 488 1049 necessitatem
515 980 679 1067 passionis
704 987 737 1049 et
760 980 880 1047 mortis
903 979 1128 1049 similitudine
1146 979 1300 1048 declarat
1320 979 1467 1072 (Ttom.)
1486 1007 1519 1052 v.
1540 987 1582 1050 tt

253 1107 370 1166 amen,
389 1103 489 1148 umen
504 1082 581 1153 dico
600 1087 707 1166 coba,
729 1079 797 1152 nisi
818 1106 966 1174 prauam
981 1086 1151 1174 [rumenti
1164 1083 1291 1154 cadens
1310 1089 1407 1155 πεσών
1429 1109 1509 1155 cum
1527 1110 1585 1157 oe·

251 1188 375 1260 ciderit
387 1188 424 1255 in
443 1202 567 1259 terram
584 1203 758 1259 mortuum
767 1190 894 1279 fucrit,
911 1213 973 1282 per
986 1191 1082 1261 illam
1093 1193 1132 1261 in
1143 1198 1255 1261 terram
1270 1191 1532 1261 dissolutionem.
1539 1193 1584 1262 ad

249 1317 377 1364 novam
389 1294 675 1384 germinationem
696 1295 797 1385 plane
814 1300 1053 1381 nasaniam,
1070 1322 1105 1367 v.
1123 1305 1166 1367 25
1184 1299 1298 1390 ipsam
1318 1299 1431 1367 solum
1444 1295 1580 1384 munet,

37 1370 157 1499 Ξ
180 1407 201 1417 “’
249 1401 340 1469 nibil
353 1398 607 1483 fructusaffert,
623 1401 656 1469 si
673 1415 790 1469 autem
802 1417 974 1473 mortuam
984 1405 1111 1493 fucrit,
1128 1403 1275 1471 multum
1290 1407 1445 1495 fructum
1462 1406 1579 1498 affert,

34 1506 94 1601 fra
107 1502 124 1601 l*
178 1531 182 1538 ’
248 1531 289 1576 ex
308 1530 376 1579 uno
394 1532 502 1599 grano
524 1507 633 1576 multa
649 1507 719 1576 alia
742 1517 965 1592 enascuntur3
987 1542 1002 1574 a
1027 1533 1063 1579 se
1081 1518 1198 1579 autem
1222 1511 1360 1581 dicebat
1385 1535 1394 1580 :
1419 1514 1492 1604 ipse
1508 1518 1583 1581 erat

37 1634 133 1711 ,⁶
149 1678 152 1683 .
248 1636 397 1703 granum
411 1613 688 1684 mortificandum
701 1621 736 1683 et
749 1607 1068 1708 multiplicandum
1086 1618 1366 1686 mortificandum
1377 1618 1582 1688 infidelitate

249 1712 789 1813 ludaeorum,multiplicandum
808 1722 876 1792 tide
897 1723 1105 1816 populorum
1126 1752 1143 1786 »
1165 1725 1270 1815 (tuq.
1287 1724 1400 1814 ded).
1418 1730 1502 1794 llors
1514 1725 1582 1793 ita·

173 1860 183 1906 :
250 1853 318 1922 que
333 1822 406 1898 eius
420 1827 545 1896 multos
561 1828 683 1897 afferet
701 1829 834 1897 tructus
857 1830 1007 1921 (llatth.),
1029 1830 1278 1921 amplissimam
1296 1830 1335 1898 in
1350 1831 1438 1900 coeli
1457 1831 1583 1900 horrea

37 1902 152 1995 ’ἶ
251 1957 394 2004 messem
421 1934 556 2022 colligit
577 1934 709 2026 (Eup),
727 1936 779 2003 uti
791 1937 862 2004 iam
875 1939 977 2006 isaias
990 1937 1160 2028 praedixit
1175 1961 1183 2007 :
1200 1937 1229 2005 si
1249 1937 1404 2029 posuerit
1419 1959 1483 2029 pro
1498 1960 1584 2029 peo-

250 2049 327 2111 cato
348 2042 499 2109 animam
526 2064 640 2125 mam,
663 2042 793 2110 videbit
816 2065 933 2111 semen
956 2045 1181 2132 longaevum
1207 2044 1288 2112 ideo
1317 2044 1517 2134 dispertiam
1550 2044 1583 2112 ei

250 2150 418 2241 plurimos
442 2146 633 2248 (sano-123
661 2148 760 2237 Tot).
788 2153 836 2217 lta
854 2173 992 2242 quoque
1013 2151 1215 2240 explicatur,
1232 2172 1296 2218 our
1308 2156 1445 2242 tempus
1458 2151 1583 2220 mortis

250 2259 372 2325 merito
398 2261 533 2346 tempus
555 2254 688 2341 gloriae
712 2262 746 2322 et
764 2256 1017 2326 clarificationis
1043 2256 1289 2348 appellaverit,
1307 2257 1390 2349 quia
1409 2280 1451 2325 ex
1469 2263 1581 2326 morte

249 2385 311 2431 sua
332 2383 460 2450 magna
482 2360 550 2429 sibi
570 2361 698 2449 gloria,
715 2382 864 2450 magnus
882 2367 956 2430 erat
967 2363 1096 2431 tructus
1110 2368 1354 2432 consecuturus
1370 2363 1526 2455 (Mala).
1610 2451 1613 2455 ⁷

294 2468 507 2538 Sententiam
524 2468 693 2558 quamde
711 2490 746 2536 se
767 2474 801 2536 et
814 2476 925 2538 morte
938 2491 1001 2537 sua
1014 2471 1250 2561 pronuntiavit
1262 2471 1334 2538 iam
1348 2470 1449 2539 docet
1463 2470 1577 2540 valere

248 2577 292 2644 de
307 2574 468 2643 omnibus
481 2595 626 2664 eamque
643 2574 780 2643 extendi
797 2575 843 2645 ad
862 2597 981 2644 omnes
998 2576 1059 2667 qui
1077 2576 1116 2644 in
1135 2578 1247 2666 ipsum
1265 2577 1432 2645 credituri
1447 2577 1532 2660 sint,
1549 2578 1577 2644 si

247 2683 380 2771 gloriae
394 2682 579 2772 participes
593 2703 664 2748 esse
682 2682 804 2764 velint;
831 2688 989 2773 oportere
1002 2688 1041 2750 ut
1057 2683 1123 2773 ipsi
1133 2705 1273 2775 quoque
1286 2682 1354 2752 sibi
1368 2683 1508 2773 suisque
1517 2705 1579 2752 ou-

246 2789 424 2880 pidatibus
438 2787 645 2872 moriantur3
663 2787 835 2877 quodnisi
851 2789 1096 2878 praestiterint,
1115 2812 1188 2857 non
1202 2789 1305 2857 modo
1318 2790 1425 2857 vitam
1438 2789 1576 2858 beatam

248 2919 317 2964 non
341 2917 413 2963 esse
437 2902 694 2978 consecuturos,
713 2916 836 2962 verum
862 2895 1034 2985 perituros
1060 2895 1118 2984 (ct.
1145 2896 1216 2962 Tol.
1244 2897 1372 2986 lans.);
1396 2895 1460 2987 qui
1482 2891 1577 2964 amat

247 3001 403 3069 animam
430 3023 544 3085 suam,
557 2998 680 3091 perdet
700 3022 776 3068 eam
791 3001 900 3091 etqui
920 3000 994 3068 odit
1012 3001 1167 3069 animam
1184 3024 1282 3070 suam
1298 3003 1335 3069 ia
1349 3001 1411 3070 hoc
1426 3002 1575 3087 mundo,

208 3131 211 3149 ·
248 3107 286 3176 in
302 3108 410 3175 vitam
425 3120 600 3175 ostentam
619 3106 768 3189 custodit
787 3127 884 3192 eum,·
897 3108 940 3174 cl.
961 3108 1073 3176 llatth.
1095 3114 1212 3192 10,35;
1234 3108 1352 3177 fideles
1366 3109 1411 3177 ad
1430 3115 1576 3178 mortem

247 3203 537 3283 contemnendam
565 3213 770 3281 adhortatur
796 3213 934 3302 (Theod.
959 3213 1060 3299 ter.);
1085 3236 1168 3282 nam
1194 3216 1253 3305 qui
1279 3215 1446 3298 animam,
1471 3215 1576 3284 vitam

247 3343 345 3389 suam
356 3320 406 3389 ita
419 3324 530 3402 amat,
546 3326 584 3388 ut
597 3341 673 3387 eam
689 3321 777 3388 tueri
798 3320 853 3386 vel
870 3320 1056 3388 iucundam
1077 3320 1223 3388 reddere
1247 3321 1321 3389 vult
1336 3327 1477 3412 peccato
1491 3344 1578 3412 apo·

246 3428 368 3496 stasiae
385 3428 439 3494 vel
453 3426 644 3516 voluptate,
658 3427 763 3493 vitam
777 3426 917 3516 perdet,
936 3428 1018 3517 quia
1031 3449 1066 3494 se
1077 3427 1230 3495 interitui
1244 3433 1385 3495 aeterno
1404 3429 1578 3518 mancipa-

248 3533 314 3612 bit;
335 3533 396 3623 qui
410 3555 491 3600 vero
503 3533 608 3600 vitam
627 3554 724 3600 suam
742 3555 807 3621 pro
823 3532 891 3600 fide
906 3533 1084 3622 profundit
1099 3533 1155 3600 vel
1171 3557 1235 3623 pro
1244 3536 1370 3602 virtute
1383 3536 1489 3603 vitam
1503 3534 1578 3622 agit

246 3640 370 3707 duram
385 3639 518 3707 deliciis
532 3639 664 3729 peccati
676 3638 827 3720 reiectis,
844 3640 873 3706 is
887 3639 992 3706 vitam
1007 3661 1105 3707 suam
1119 3645 1234 3708 servat
1248 3640 1315 3707 sibi
1330 3641 1436 3709 vitam
1450 3662 1577 3731 parans

245 3745 492 3814 beatissimam.
511 3751 540 3813 ls
559 3754 652 3813 amat
670 3745 821 3813 animam
840 3766 937 3813 suam
949 3745 1010 3836 qui
1026 3745 1183 3814 absurdis
1199 3748 1272 3814 eius
1290 3741 1577 3838 concupiscentiis

245 3853 479 3943 obtemperat,
497 3853 557 3942 qui
579 3853 656 3943 plus
677 3874 782 3942 quam
801 3873 867 3942 par
886 3856 935 3919 est
957 3853 988 3918 ei
1014 3852 1187 3939 indulget;
1209 3854 1237 3920 is
1256 3853 1328 3921 odit
1342 3876 1435 3938 cam,
1453 3854 1577 3945 quiilli

245 3959 439 4050 perniciosa
453 3959 585 4026 iubenti
602 3959 728 4026 resistit
748 3957 845 4046 (Chr.
862 3959 1019 4026 Ammon.
1040 3959 1075 4024 in
1092 3965 1159 4028 cat.
1178 3961 1308 4050 (lond).
1324 3966 1436 4029 Potest
1450 3962 1573 4042 etiam,

246 4072 284 4132 ut
300 4065 390 4136 Corl.
407 4066 554 4133 advertit
569 4075 622 4149 τὴν
643 4075 740 4153 ψυχὴν
757 4071 846 4134 αὑτοῦ
861 4087 925 4157 per
937 4065 1182 4135 aramaismum
1199 4068 1322 4156 exponi
1340 4089 1440 4135 sensu
1454 4079 1576 4135 semet-

247 4172 376 4263 ipsum,
397 4174 456 4264 qui
480 4193 597 4240 sensus
615 4171 726 4240 facilis
739 4177 805 4255 est,
827 4178 861 4240 et
874 4172 1014 4239 tandem
1029 4170 1074 4240 ad
1092 4173 1185 4240 idem
1206 4173 1341 4252 recidit.
1370 4200 1386 4235 a
1402 4178 1524 4261 ltagna
1542 4179 1577 4242 et

55 4316 60 4325 ·
166 4307 167 4311 ¹
214 4337 217 4342 ,
246 4280 335 4348 mira
348 4280 534 4363 sententia,
555 4278 849 4369 quemadmodum
868 4278 1073 4346 sithominis
1093 4279 1130 4346 in
1153 4280 1304 4346 animam
1316 4301 1413 4347 suam
1426 4302 1525 4361 amor
1538 4287 1577 4348 nt

245 4394 379 4476 pereat,
397 4388 517 4455 odium
536 4407 580 4451 ne
600 4387 734 4475 pereat!
756 4385 785 4451 si
803 4386 893 4453 male
905 4387 1074 4453 amaveris
1088 4390 1170 4452 tunc
1183 4384 1300 4468 odisti;
1318 4386 1346 4453 si
1360 4386 1449 4454 bene
1462 4386 1575 4455 oderis

245 4498 328 4561 tunc
348 4495 486 4575 amasti;
514 4490 633 4593 felices*
647 4490 708 4580 qui
726 4489 873 4560 oderunt
897 4492 1135 4575 custodiendo,
1156 4514 1201 4559 ne
1224 4492 1370 4582 perdant
1389 4493 1540 4561 amando
1557 4521 1573 4556 o

246 4601 375 4690 (Aust

290 4707 495 4775 Exhortatur
504 4708 621 4796 itaque
632 4705 782 4773 Christus
793 4704 838 4806 ad
850 4705 1014 4795 passionis
1021 4727 1101 4774 suae
1116 4706 1276 4774 sectanda
1287 4705 1432 4792 vestigia
1441 4706 1571 4795 (Aac),

246 4813 339 4904 quod
357 4814 479 4904 siquis
496 4813 753 4895 detrectaverit,
770 4810 841 4879 iam
853 4833 924 4880 non
941 4819 1039 4905 aptus
1058 4813 1170 4880 estad
1188 4813 1377 4880 ministeria
1390 4812 1444 4879 vel
1462 4812 1573 4880 officia

245 4919 377 4987 Christo
391 4921 615 5011 praestanda,
630 4921 698 4988 iam
719 4942 788 4987 non
811 4941 881 4987 esse
901 4926 1009 5010 potest
1023 4920 1100 4987 talis
1117 4918 1176 5010 qui
1196 4919 1322 4988 Christi
1338 4940 1476 4987 causam
1491 4942 1574 5010 pro·
