<?xml version="1.0" encoding="UTF-8"?>
<!DOCTYPE html PUBLIC "-//W3C//DTD XHTML 1.0 Transitional//EN"
    "http://www.w3.org/TR/xhtml1/DTD/xhtml1-transitional.dtd">
<html xmlns="http://www.w3.org/1999/xhtml" xml:lang="en" lang="en">
 <head>
  <title>
</title>
<meta http-equiv="Content-Type" content="text/html;charset=utf-8" />
  <meta name='ocr-system' content='tesseract 3.04.00' />
  <meta name='ocr-capabilities' content='ocr_page ocr_carea ocr_par ocr_line ocrx_word'/>
</head>
<body>
  <div class='ocr_page' id='page_1' title='image "./commentariusinq00knabgoog_0337.png"; bbox 0 0 4050 5648; ppageno 0'>
   <div class='ocr_carea' id='block_1_1' title="bbox 157 672 1647 787">
    <p class='ocr_par' dir='ltr' id='par_1_1' title="bbox 157 672 1647 787">
     <span class='ocr_line' id='line_1_1' title="bbox 157 672 1647 787; baseline 0.005 -25"><span class='ocrx_word' id='word_1_1' title='bbox 157 706 177 745; x_wconf 83' lang='lat'>;··</span> <span class='ocrx_word' id='word_1_2' title='bbox 205 772 208 778; x_wconf 51' lang='grc'><strong>,</strong></span> <span class='ocrx_word' id='word_1_3' title='bbox 325 696 423 766; x_wconf 90' lang='lat' dir='ltr'>talis</span> <span class='ocrx_word' id='word_1_4' title='bbox 412 706 464 767; x_wconf 88' lang='grc' dir='ltr'>ιιι</span> <span class='ocrx_word' id='word_1_5' title='bbox 474 672 610 782; x_wconf 78' lang='lat' dir='ltr'>concipi</span> <span class='ocrx_word' id='word_1_6' title='bbox 599 690 743 776; x_wconf 88' lang='lat' dir='ltr'>debet,</span> <span class='ocrx_word' id='word_1_7' title='bbox 756 701 794 762; x_wconf 92' lang='lat' dir='ltr'>ut</span> <span class='ocrx_word' id='word_1_8' title='bbox 807 701 894 764; x_wconf 83' lang='lat' dir='ltr'>Deus</span> <span class='ocrx_word' id='word_1_9' title='bbox 907 720 967 787; x_wconf 85' lang='lat' dir='ltr'>qur</span> <span class='ocrx_word' id='word_1_10' title='bbox 957 696 1129 764; x_wconf 88' lang='lat' dir='ltr'>liberum</span> <span class='ocrx_word' id='word_1_11' title='bbox 1141 693 1324 763; x_wconf 72' lang='lat' dir='ltr'><strong>arbitrium</strong></span> <span class='ocrx_word' id='word_1_12' title='bbox 1341 700 1438 768; x_wconf 86' lang='lat' dir='ltr'>dedit</span> <span class='ocrx_word' id='word_1_13' title='bbox 1451 707 1485 769; x_wconf 90' lang='lat' dir='ltr'>et</span> <span class='ocrx_word' id='word_1_14' title='bbox 1503 692 1647 770; x_wconf 86' lang='lat' dir='ltr'>abusum</span> 
     </span>
    </p>
   </div>
   <div class='ocr_carea' id='block_1_2' title="bbox 307 797 1702 3029">
    <p class='ocr_par' dir='ltr' id='par_1_2' title="bbox 316 797 1702 1848">
     <span class='ocr_line' id='line_1_2' title="bbox 324 797 1649 901; baseline 0.003 -30"><span class='ocrx_word' id='word_1_15' title='bbox 324 803 494 873; x_wconf 72' lang='lat' dir='ltr'><strong>libertatis</strong></span> <span class='ocrx_word' id='word_1_16' title='bbox 513 797 698 891; x_wconf 79' lang='lat' dir='ltr'>praevidit,</span> <span class='ocrx_word' id='word_1_17' title='bbox 716 802 817 870; x_wconf 86' lang='lat' dir='ltr'>etiam</span> <span class='ocrx_word' id='word_1_18' title='bbox 832 803 897 869; x_wconf 88' lang='lat' dir='ltr'>illa</span> <span class='ocrx_word' id='word_1_19' title='bbox 910 825 998 892; x_wconf 90' lang='lat' dir='ltr'>quae</span> <span class='ocrx_word' id='word_1_20' title='bbox 1017 822 1056 869; x_wconf 85' lang='lat' dir='ltr'>ex</span> <span class='ocrx_word' id='word_1_21' title='bbox 1075 799 1187 869; x_wconf 88' lang='lat' dir='ltr'>abusu</span> <span class='ocrx_word' id='word_1_22' title='bbox 1204 801 1270 901; x_wconf 91' lang='lat' dir='ltr'>boc</span> <span class='ocrx_word' id='word_1_23' title='bbox 1282 813 1485 894; x_wconf 86' lang='lat' dir='ltr'>sequuntur,</span> <span class='ocrx_word' id='word_1_24' title='bbox 1508 816 1649 901; x_wconf 88' lang='lat' dir='ltr'>peccata</span> 
     </span>
     <span class='ocr_line' id='line_1_3' title="bbox 323 905 1648 1007; baseline 0.003 -28"><span class='ocrx_word' id='word_1_25' title='bbox 323 912 396 980; x_wconf 90' lang='lat' dir='ltr'>scil</span> <span class='ocrx_word' id='word_1_26' title='bbox 410 930 490 978; x_wconf 90' lang='lat' dir='ltr'>suae</span> <span class='ocrx_word' id='word_1_27' title='bbox 505 905 748 993; x_wconf 80' lang='lat' dir='ltr'>gubernationi</span> <span class='ocrx_word' id='word_1_28' title='bbox 765 907 957 977; x_wconf 82' lang='lat' dir='ltr'>subservire</span> <span class='ocrx_word' id='word_1_29' title='bbox 976 906 1120 976; x_wconf 82' lang='lat' dir='ltr'>sacrati</span> <span class='ocrx_word' id='word_1_30' title='bbox 1138 930 1168 977; x_wconf 91' lang='lat' dir='ltr'>e.</span> <span class='ocrx_word' id='word_1_31' title='bbox 1185 914 1291 978; x_wconf 90' lang='lat' dir='ltr'>utres</span> <span class='ocrx_word' id='word_1_32' title='bbox 1308 910 1356 978; x_wconf 89' lang='lat' dir='ltr'>ita</span> <span class='ocrx_word' id='word_1_33' title='bbox 1377 913 1514 982; x_wconf 91' lang='lat' dir='ltr'>ordinet</span> <span class='ocrx_word' id='word_1_34' title='bbox 1527 919 1648 1007; x_wconf 87' lang='lat' dir='ltr'>quate-</span> 
     </span>
     <span class='ocr_line' id='line_1_4' title="bbox 324 1012 1646 1106; baseline 0.003 -20"><span class='ocrx_word' id='word_1_35' title='bbox 324 1040 388 1086; x_wconf 92' lang='lat' dir='ltr'>nus</span> <span class='ocrx_word' id='word_1_36' title='bbox 400 1019 475 1104; x_wconf 92' lang='lat' dir='ltr'>ipsa</span> <span class='ocrx_word' id='word_1_37' title='bbox 493 1012 586 1080; x_wconf 91' lang='lat' dir='ltr'>mala</span> <span class='ocrx_word' id='word_1_38' title='bbox 599 1015 819 1105; x_wconf 89' lang='lat' dir='ltr'>sapientiam</span> <span class='ocrx_word' id='word_1_39' title='bbox 835 1018 1039 1103; x_wconf 86' lang='lat' dir='ltr'>potentiam,</span> <span class='ocrx_word' id='word_1_40' title='bbox 1061 1013 1226 1084; x_wconf 90' lang='lat' dir='ltr'>iustitiam</span> <span class='ocrx_word' id='word_1_41' title='bbox 1239 1015 1298 1083; x_wconf 83' lang='lat' dir='ltr'>Dei</span> <span class='ocrx_word' id='word_1_42' title='bbox 1313 1020 1534 1106; x_wconf 78' lang='lat' dir='ltr'>patefaciant.</span> <span class='ocrx_word' id='word_1_43' title='bbox 1552 1027 1646 1090; x_wconf 92' lang='lat' dir='ltr'>lusu·</span> 
     </span>
     <span class='ocr_line' id='line_1_5' title="bbox 325 1118 1647 1219; baseline 0.006 -31"><span class='ocrx_word' id='word_1_44' title='bbox 325 1143 386 1213; x_wconf 87' lang='lat' dir='ltr'>per</span> <span class='ocrx_word' id='word_1_45' title='bbox 403 1142 443 1187; x_wconf 85' lang='lat' dir='ltr'>ex</span> <span class='ocrx_word' id='word_1_46' title='bbox 459 1120 561 1188; x_wconf 93' lang='lat' dir='ltr'>modo</span> <span class='ocrx_word' id='word_1_47' title='bbox 579 1120 745 1212; x_wconf 88' lang='lat' dir='ltr'>loquendi</span> <span class='ocrx_word' id='word_1_48' title='bbox 759 1118 954 1207; x_wconf 80' lang='lat' dir='ltr'>Scripturas</span> <span class='ocrx_word' id='word_1_49' title='bbox 973 1125 1061 1188; x_wconf 83' lang='lat' dir='ltr'>Deus</span> <span class='ocrx_word' id='word_1_50' title='bbox 1074 1120 1178 1190; x_wconf 88' lang='lat' dir='ltr'>etiam</span> <span class='ocrx_word' id='word_1_51' title='bbox 1194 1121 1256 1190; x_wconf 89' lang='lat' dir='ltr'>ille</span> <span class='ocrx_word' id='word_1_52' title='bbox 1269 1122 1385 1191; x_wconf 87' lang='lat' dir='ltr'>iacere</span> <span class='ocrx_word' id='word_1_53' title='bbox 1399 1124 1529 1194; x_wconf 91' lang='lat' dir='ltr'>dicitur</span> <span class='ocrx_word' id='word_1_54' title='bbox 1532 1151 1647 1219; x_wconf 87' lang='lat' dir='ltr'>‚quae</span> 
     </span>
     <span class='ocr_line' id='line_1_6' title="bbox 323 1225 1644 1320; baseline 0.008 -27"><span class='ocrx_word' id='word_1_55' title='bbox 323 1225 480 1315; x_wconf 91' lang='lat' dir='ltr'>quamvis</span> <span class='ocrx_word' id='word_1_56' title='bbox 496 1226 745 1295; x_wconf 86' lang='lat' dir='ltr'>conditionibus</span> <span class='ocrx_word' id='word_1_57' title='bbox 757 1228 896 1293; x_wconf 88' lang='lat' dir='ltr'>mutatis</span> <span class='ocrx_word' id='word_1_58' title='bbox 909 1228 965 1294; x_wconf 93' lang='lat' dir='ltr'>vel</span> <span class='ocrx_word' id='word_1_59' title='bbox 980 1225 1108 1294; x_wconf 88' lang='lat' dir='ltr'>maiore</span> <span class='ocrx_word' id='word_1_60' title='bbox 1121 1228 1237 1316; x_wconf 90' lang='lat' dir='ltr'>gratia</span> <span class='ocrx_word' id='word_1_61' title='bbox 1250 1230 1409 1320; x_wconf 87' lang='lat' dir='ltr'>apposita</span> <span class='ocrx_word' id='word_1_62' title='bbox 1421 1252 1491 1299; x_wconf 92' lang='lat' dir='ltr'>non</span> <span class='ocrx_word' id='word_1_63' title='bbox 1510 1235 1644 1319; x_wconf 87' lang='lat' dir='ltr'>flerent,</span> 
     </span>
     <span class='ocr_line' id='line_1_7' title="bbox 323 1330 1647 1409; baseline 0.007 -9"><span class='ocrx_word' id='word_1_64' title='bbox 323 1340 439 1402; x_wconf 87' lang='lat' dir='ltr'>tamen</span> <span class='ocrx_word' id='word_1_65' title='bbox 451 1332 707 1403; x_wconf 85' lang='lat' dir='ltr'>conditionibus</span> <span class='ocrx_word' id='word_1_66' title='bbox 725 1330 794 1398; x_wconf 91' lang='lat' dir='ltr'>illis</span> <span class='ocrx_word' id='word_1_67' title='bbox 813 1353 884 1400; x_wconf 91' lang='grc' dir='ltr'>ιιοιι</span> <span class='ocrx_word' id='word_1_68' title='bbox 902 1332 1051 1400; x_wconf 89' lang='lat' dir='ltr'>inductis</span> <span class='ocrx_word' id='word_1_69' title='bbox 1065 1333 1140 1401; x_wconf 87' lang='lat' dir='ltr'>lieri</span> <span class='ocrx_word' id='word_1_70' title='bbox 1162 1335 1359 1404; x_wconf 82' lang='lat' dir='ltr'>sinit&#39;llaec</span> <span class='ocrx_word' id='word_1_71' title='bbox 1379 1335 1410 1403; x_wconf 93' lang='lat' dir='ltr'>si</span> <span class='ocrx_word' id='word_1_72' title='bbox 1428 1340 1647 1409; x_wconf 84' lang='lat' dir='ltr'>consideran-</span> 
     </span>
     <span class='ocr_line' id='line_1_8' title="bbox 321 1439 1702 1535; baseline 0.005 -28"><span class='ocrx_word' id='word_1_73' title='bbox 321 1447 387 1525; x_wconf 89' lang='lat' dir='ltr'>tur,</span> <span class='ocrx_word' id='word_1_74' title='bbox 403 1441 573 1533; x_wconf 84' lang='lat' dir='ltr'>particula</span> <span class='ocrx_word' id='word_1_75' title='bbox 592 1439 651 1507; x_wconf 91' lang='lat' dir='ltr'>illa</span> <span class='ocrx_word' id='word_1_76' title='bbox 672 1439 741 1505; x_wconf 91' lang='lat' dir='ltr'>iam</span> <span class='ocrx_word' id='word_1_77' title='bbox 765 1456 840 1505; x_wconf 85' lang='grc' dir='ltr'>ιιοιι</span> <span class='ocrx_word' id='word_1_78' title='bbox 853 1443 963 1530; x_wconf 90' lang='lat' dir='ltr'>potest</span> <span class='ocrx_word' id='word_1_79' title='bbox 987 1460 1058 1506; x_wconf 92' lang='lat' dir='ltr'>esse</span> <span class='ocrx_word' id='word_1_80' title='bbox 1072 1440 1255 1509; x_wconf 80' lang='lat' dir='ltr'>offensioni</span> <span class='ocrx_word' id='word_1_81' title='bbox 1269 1442 1329 1532; x_wconf 83' lang='lat' dir='ltr'>(ci.</span> <span class='ocrx_word' id='word_1_82' title='bbox 1350 1465 1440 1535; x_wconf 90' lang='lat' dir='ltr'>quae</span> <span class='ocrx_word' id='word_1_83' title='bbox 1459 1443 1531 1511; x_wconf 84' lang='lat' dir='ltr'>dixi</span> <span class='ocrx_word' id='word_1_84' title='bbox 1544 1446 1590 1513; x_wconf 91' lang='lat' dir='ltr'>ad</span> <span class='ocrx_word' id='word_1_85' title='bbox 1604 1453 1643 1516; x_wconf 88' lang='lat' dir='ltr'>ls.</span> <span class='ocrx_word' id='word_1_86' title='bbox 1698 1488 1702 1494; x_wconf 93' lang='lat'>-</span> 
     </span>
     <span class='ocr_line' id='line_1_9' title="bbox 322 1543 1647 1642; baseline 0.002 -25"><span class='ocrx_word' id='word_1_87' title='bbox 322 1551 469 1640; x_wconf 83' lang='lat' dir='ltr'>6,s-10);</span> <span class='ocrx_word' id='word_1_88' title='bbox 490 1568 572 1616; x_wconf 91' lang='lat' dir='ltr'>nam</span> <span class='ocrx_word' id='word_1_89' title='bbox 591 1549 731 1636; x_wconf 90' lang='lat' dir='ltr'>peccato</span> <span class='ocrx_word' id='word_1_90' title='bbox 756 1543 904 1640; x_wconf 80' lang='lat' dir='ltr'>hominis</span> <span class='ocrx_word' id='word_1_91' title='bbox 932 1547 1107 1635; x_wconf 89' lang='lat' dir='ltr'>supposito</span> <span class='ocrx_word' id='word_1_92' title='bbox 1130 1552 1218 1616; x_wconf 83' lang='lat' dir='ltr'>Deus</span> <span class='ocrx_word' id='word_1_93' title='bbox 1245 1571 1366 1617; x_wconf 87' lang='lat' dir='ltr'>revera</span> <span class='ocrx_word' id='word_1_94' title='bbox 1399 1550 1475 1618; x_wconf 82' lang='lat' dir='ltr'>vult</span> <span class='ocrx_word' id='word_1_95' title='bbox 1495 1574 1559 1642; x_wconf 90' lang='lat' dir='ltr'>pro</span> <span class='ocrx_word' id='word_1_96' title='bbox 1584 1575 1647 1621; x_wconf 89' lang='lat' dir='ltr'>sua</span> 
     </span>
     <span class='ocr_line' id='line_1_10' title="bbox 318 1651 1645 1745; baseline 0.003 -21"><span class='ocrx_word' id='word_1_97' title='bbox 318 1657 497 1725; x_wconf 76' lang='lat' dir='ltr'>sanctitate</span> <span class='ocrx_word' id='word_1_98' title='bbox 512 1659 545 1720; x_wconf 93' lang='lat' dir='ltr'>ct</span> <span class='ocrx_word' id='word_1_99' title='bbox 559 1651 689 1719; x_wconf 88' lang='lat' dir='ltr'>iustitia</span> <span class='ocrx_word' id='word_1_100' title='bbox 700 1672 789 1741; x_wconf 91' lang='lat' dir='ltr'>quae</span> <span class='ocrx_word' id='word_1_101' title='bbox 804 1672 882 1719; x_wconf 82' lang='lat' dir='ltr'>cunr</span> <span class='ocrx_word' id='word_1_102' title='bbox 895 1658 1034 1744; x_wconf 87' lang='lat' dir='ltr'>peccato</span> <span class='ocrx_word' id='word_1_103' title='bbox 1051 1675 1141 1721; x_wconf 80' lang='lat' dir='ltr'>nexu</span> <span class='ocrx_word' id='word_1_104' title='bbox 1157 1653 1309 1745; x_wconf 88' lang='lat' dir='ltr'>quodam</span> <span class='ocrx_word' id='word_1_105' title='bbox 1324 1656 1461 1725; x_wconf 88' lang='lat' dir='ltr'>interno</span> <span class='ocrx_word' id='word_1_106' title='bbox 1471 1681 1512 1727; x_wconf 90' lang='lat' dir='ltr'>ac</span> <span class='ocrx_word' id='word_1_107' title='bbox 1528 1680 1645 1727; x_wconf 88' lang='lat' dir='ltr'>neces-</span> 
     </span>
     <span class='ocr_line' id='line_1_11' title="bbox 316 1757 1088 1848; baseline -0.005 -18"><span class='ocrx_word' id='word_1_108' title='bbox 316 1763 406 1841; x_wconf 87' lang='lat' dir='ltr'>sario</span> <span class='ocrx_word' id='word_1_109' title='bbox 420 1761 605 1829; x_wconf 86' lang='lat' dir='ltr'>coniuncta</span> <span class='ocrx_word' id='word_1_110' title='bbox 621 1763 702 1826; x_wconf 92' lang='lat' dir='ltr'>sunt</span> <span class='ocrx_word' id='word_1_111' title='bbox 717 1757 775 1847; x_wconf 87' lang='lat' dir='ltr'>(ci.</span> <span class='ocrx_word' id='word_1_112' title='bbox 795 1758 839 1825; x_wconf 90' lang='lat' dir='ltr'>ad</span> <span class='ocrx_word' id='word_1_113' title='bbox 859 1763 958 1826; x_wconf 75' lang='lat' dir='ltr'>llarc,</span> <span class='ocrx_word' id='word_1_114' title='bbox 981 1759 1088 1848; x_wconf 56' lang='lat' dir='ltr'>ledi).</span> 
     </span>
    </p>

    <p class='ocr_par' dir='ltr' id='par_1_3' title="bbox 307 1862 1644 3029">
     <span class='ocr_line' id='line_1_12' title="bbox 361 1862 1644 1956; baseline 0.003 -19"><span class='ocrx_word' id='word_1_115' title='bbox 361 1869 512 1937; x_wconf 73' lang='lat' dir='ltr'>Aderant</span> <span class='ocrx_word' id='word_1_116' title='bbox 524 1865 697 1956; x_wconf 83' lang='lat' dir='ltr'>pharisaei</span> <span class='ocrx_word' id='word_1_117' title='bbox 710 1864 777 1932; x_wconf 93' lang='lat' dir='ltr'>hoc</span> <span class='ocrx_word' id='word_1_118' title='bbox 787 1862 981 1949; x_wconf 88' lang='lat' dir='ltr'>audicntes;</span> <span class='ocrx_word' id='word_1_119' title='bbox 998 1864 1240 1936; x_wconf 82' lang='lat' dir='ltr'>intellexerunt</span> <span class='ocrx_word' id='word_1_120' title='bbox 1250 1867 1364 1935; x_wconf 88' lang='lat' dir='ltr'>notari</span> <span class='ocrx_word' id='word_1_121' title='bbox 1376 1891 1428 1951; x_wconf 85' lang='lat' dir='ltr'>se,</span> <span class='ocrx_word' id='word_1_122' title='bbox 1450 1892 1530 1938; x_wconf 89' lang='lat' dir='ltr'>cum</span> <span class='ocrx_word' id='word_1_123' title='bbox 1544 1876 1644 1941; x_wconf 83' lang='lat' dir='ltr'>caeco</span> 
     </span>
     <span class='ocr_line' id='line_1_13' title="bbox 319 1970 1642 2064; baseline 0.004 -21"><span class='ocrx_word' id='word_1_124' title='bbox 319 1975 582 2043; x_wconf 87' lang='lat' dir='ltr'>adversarentur</span> <span class='ocrx_word' id='word_1_125' title='bbox 595 1978 631 2039; x_wconf 89' lang='lat' dir='ltr'>et</span> <span class='ocrx_word' id='word_1_126' title='bbox 645 1970 795 2039; x_wconf 85' lang='lat' dir='ltr'>Christus</span> <span class='ocrx_word' id='word_1_127' title='bbox 809 1992 949 2039; x_wconf 86' lang='lat' dir='ltr'>caecum</span> <span class='ocrx_word' id='word_1_128' title='bbox 963 1971 1024 2063; x_wconf 91' lang='lat' dir='ltr'>qui</span> <span class='ocrx_word' id='word_1_129' title='bbox 1037 1995 1084 2040; x_wconf 29' lang='lat' dir='ltr'>ex*</span> <span class='ocrx_word' id='word_1_130' title='bbox 1093 1995 1195 2041; x_wconf 89' lang='lat' dir='ltr'>caeco</span> <span class='ocrx_word' id='word_1_131' title='bbox 1209 1973 1328 2041; x_wconf 89' lang='lat' dir='ltr'>videus</span> <span class='ocrx_word' id='word_1_132' title='bbox 1346 1975 1457 2044; x_wconf 85' lang='lat' dir='ltr'>factus</span> <span class='ocrx_word' id='word_1_133' title='bbox 1470 1977 1531 2060; x_wconf 83' lang='lat' dir='ltr'>sit,</span> <span class='ocrx_word' id='word_1_134' title='bbox 1550 1979 1642 2064; x_wconf 87' lang='lat' dir='ltr'>aliis,</span> 
     </span>
     <span class='ocr_line' id='line_1_14' title="bbox 318 2068 1644 2176; baseline 0.002 -25"><span class='ocrx_word' id='word_1_135' title='bbox 318 2082 354 2150; x_wconf 94' lang='lat' dir='ltr'>id</span> <span class='ocrx_word' id='word_1_136' title='bbox 367 2088 417 2150; x_wconf 90' lang='lat' dir='ltr'>est</span> <span class='ocrx_word' id='word_1_137' title='bbox 430 2083 503 2150; x_wconf 91' lang='lat' dir='ltr'>eius</span> <span class='ocrx_word' id='word_1_138' title='bbox 524 2068 728 2148; x_wconf 85' lang='lat' dir='ltr'>adversariis</span> <span class='ocrx_word' id='word_1_139' title='bbox 742 2082 947 2169; x_wconf 89' lang='lat' dir='ltr'>opponeret,</span> <span class='ocrx_word' id='word_1_140' title='bbox 971 2085 1006 2146; x_wconf 86' lang='lat' dir='ltr'>et</span> <span class='ocrx_word' id='word_1_141' title='bbox 1023 2080 1304 2149; x_wconf 86' lang='lat' dir='ltr'>animadvertunt</span> <span class='ocrx_word' id='word_1_142' title='bbox 1325 2083 1525 2152; x_wconf 86' lang='lat' dir='ltr'>caecitatem</span> <span class='ocrx_word' id='word_1_143' title='bbox 1543 2086 1644 2176; x_wconf 91' lang='lat' dir='ltr'>spiri·</span> 
     </span>
     <span class='ocr_line' id='line_1_15' title="bbox 319 2183 1644 2281; baseline 0.002 -24"><span class='ocrx_word' id='word_1_144' title='bbox 319 2188 449 2258; x_wconf 90' lang='lat' dir='ltr'>tualem</span> <span class='ocrx_word' id='word_1_145' title='bbox 468 2187 509 2256; x_wconf 92' lang='lat' dir='ltr'>iis</span> <span class='ocrx_word' id='word_1_146' title='bbox 522 2184 685 2276; x_wconf 81' lang='lat' dir='ltr'>impingi3</span> <span class='ocrx_word' id='word_1_147' title='bbox 707 2206 739 2252; x_wconf 90' lang='lat' dir='ltr'>v.</span> <span class='ocrx_word' id='word_1_148' title='bbox 757 2190 799 2252; x_wconf 80' lang='lat' dir='ltr'>to</span> <span class='ocrx_word' id='word_1_149' title='bbox 818 2196 851 2252; x_wconf 81' lang='lat' dir='ltr'>et</span> <span class='ocrx_word' id='word_1_150' title='bbox 865 2183 1052 2252; x_wconf 82' lang='lat' dir='ltr'>audierunt</span> <span class='ocrx_word' id='word_1_151' title='bbox 1065 2184 1210 2277; x_wconf 76' lang='lat' dir='ltr'>quidam</span> <span class='ocrx_word' id='word_1_152' title='bbox 1225 2209 1269 2254; x_wconf 79' lang='lat' dir='ltr'>er</span> <span class='ocrx_word' id='word_1_153' title='bbox 1278 2185 1473 2277; x_wconf 74' lang='lat' dir='ltr'>pharisaeis</span> <span class='ocrx_word' id='word_1_154' title='bbox 1485 2191 1549 2281; x_wconf 84' lang='lat' dir='ltr'>qui</span> <span class='ocrx_word' id='word_1_155' title='bbox 1566 2214 1644 2260; x_wconf 78' lang='lat' dir='ltr'>cum</span> 
     </span>
     <span class='ocr_line' id='line_1_16' title="bbox 319 2291 1643 2387; baseline 0.003 -25"><span class='ocrx_word' id='word_1_156' title='bbox 319 2296 393 2387; x_wconf 84' lang='lat' dir='ltr'>ipso</span> <span class='ocrx_word' id='word_1_157' title='bbox 410 2306 510 2363; x_wconf 81' lang='lat' dir='ltr'>erant</span> <span class='ocrx_word' id='word_1_158' title='bbox 524 2305 556 2360; x_wconf 82' lang='lat' dir='ltr'>et</span> <span class='ocrx_word' id='word_1_159' title='bbox 569 2292 732 2360; x_wconf 79' lang='lat' dir='ltr'>dicerunt</span> <span class='ocrx_word' id='word_1_160' title='bbox 753 2291 786 2358; x_wconf 84' lang='lat' dir='ltr'>ci</span> <span class='ocrx_word' id='word_1_161' title='bbox 802 2291 1003 2383; x_wconf 83' lang='lat' dir='ltr'>:numquid</span> <span class='ocrx_word' id='word_1_162' title='bbox 1021 2305 1054 2359; x_wconf 81' lang='lat' dir='ltr'>et</span> <span class='ocrx_word' id='word_1_163' title='bbox 1070 2313 1131 2361; x_wconf 83' lang='lat' dir='ltr'>nos</span> <span class='ocrx_word' id='word_1_164' title='bbox 1146 2293 1240 2361; x_wconf 84' lang='lat' dir='ltr'>caeci</span> <span class='ocrx_word' id='word_1_165' title='bbox 1252 2298 1394 2362; x_wconf 78' lang='lat' dir='ltr'>sumas?</span> <span class='ocrx_word' id='word_1_166' title='bbox 1408 2297 1526 2365; x_wconf 90' lang='lat' dir='ltr'>animo</span> <span class='ocrx_word' id='word_1_167' title='bbox 1545 2320 1643 2366; x_wconf 89' lang='lat' dir='ltr'>arro-</span> 
     </span>
     <span class='ocr_line' id='line_1_17' title="bbox 317 2399 1643 2494; baseline 0.003 -25"><span class='ocrx_word' id='word_1_168' title='bbox 317 2402 414 2491; x_wconf 88' lang='lat' dir='ltr'>ganti</span> <span class='ocrx_word' id='word_1_169' title='bbox 427 2401 463 2469; x_wconf 96' lang='lat' dir='ltr'>id</span> <span class='ocrx_word' id='word_1_170' title='bbox 480 2400 526 2469; x_wconf 90' lang='lat' dir='ltr'>ab</span> <span class='ocrx_word' id='word_1_171' title='bbox 547 2400 596 2467; x_wconf 88' lang='lat' dir='ltr'>eis</span> <span class='ocrx_word' id='word_1_172' title='bbox 611 2399 747 2489; x_wconf 87' lang='lat' dir='ltr'>quaeri,</span> <span class='ocrx_word' id='word_1_173' title='bbox 769 2404 807 2465; x_wconf 92' lang='lat' dir='ltr'>ut</span> <span class='ocrx_word' id='word_1_174' title='bbox 821 2403 931 2467; x_wconf 87' lang='lat' dir='ltr'>lesum</span> <span class='ocrx_word' id='word_1_175' title='bbox 949 2399 1132 2483; x_wconf 84' lang='lat' dir='ltr'>irrideant,</span> <span class='ocrx_word' id='word_1_176' title='bbox 1154 2401 1314 2470; x_wconf 77' lang='lat' dir='ltr'>etiamen</span> <span class='ocrx_word' id='word_1_177' title='bbox 1333 2406 1555 2494; x_wconf 84' lang='lat' dir='ltr'>responsione</span> <span class='ocrx_word' id='word_1_178' title='bbox 1570 2406 1643 2474; x_wconf 90' lang='lat' dir='ltr'>col·</span> 
     </span>
     <span class='ocr_line' id='line_1_18' title="bbox 318 2506 1644 2606; baseline 0.002 -29"><span class='ocrx_word' id='word_1_179' title='bbox 318 2509 439 2598; x_wconf 90' lang='lat' dir='ltr'>ligitur</span> <span class='ocrx_word' id='word_1_180' title='bbox 451 2533 482 2576; x_wconf 90' lang='lat' dir='ltr'>v.</span> <span class='ocrx_word' id='word_1_181' title='bbox 506 2515 545 2577; x_wconf 79' lang='lat' dir='ltr'>tl</span> <span class='ocrx_word' id='word_1_182' title='bbox 570 2506 660 2574; x_wconf 74' lang='lat' dir='ltr'>dicit</span> <span class='ocrx_word' id='word_1_183' title='bbox 674 2506 723 2574; x_wconf 85' lang='lat' dir='ltr'>eis</span> <span class='ocrx_word' id='word_1_184' title='bbox 742 2507 834 2573; x_wconf 82' lang='lat' dir='ltr'>Iesus</span> <span class='ocrx_word' id='word_1_185' title='bbox 849 2528 862 2572; x_wconf 93' lang='lat'>.·</span> <span class='ocrx_word' id='word_1_186' title='bbox 879 2507 911 2573; x_wconf 84' lang='lat' dir='ltr'>si</span> <span class='ocrx_word' id='word_1_187' title='bbox 924 2507 1018 2575; x_wconf 84' lang='lat' dir='ltr'>caeci</span> <span class='ocrx_word' id='word_1_188' title='bbox 1030 2509 1156 2591; x_wconf 84' lang='lat' dir='ltr'>cssetr&#39;s,</span> <span class='ocrx_word' id='word_1_189' title='bbox 1172 2531 1244 2576; x_wconf 81' lang='lat' dir='ltr'>non</span> <span class='ocrx_word' id='word_1_190' title='bbox 1257 2508 1425 2578; x_wconf 66' lang='lat' dir='ltr'>maeotis</span> <span class='ocrx_word' id='word_1_191' title='bbox 1438 2526 1644 2606; x_wconf 58' lang='lat' dir='ltr'>peccatum</span> 
     </span>
     <span class='ocr_line' id='line_1_19' title="bbox 317 2613 1641 2709; baseline 0.002 -25"><span class='ocrx_word' id='word_1_192' title='bbox 317 2639 408 2684; x_wconf 83' lang='lat' dir='ltr'>nune</span> <span class='ocrx_word' id='word_1_193' title='bbox 422 2639 500 2684; x_wconf 87' lang='lat' dir='ltr'>vcro</span> <span class='ocrx_word' id='word_1_194' title='bbox 512 2614 637 2699; x_wconf 82' lang='lat' dir='ltr'>dicitis,</span> <span class='ocrx_word' id='word_1_195' title='bbox 656 2614 740 2703; x_wconf 83' lang='lat' dir='ltr'>quio</span> <span class='ocrx_word' id='word_1_196' title='bbox 755 2613 919 2700; x_wconf 80' lang='lat' dir='ltr'>videmus,</span> <span class='ocrx_word' id='word_1_197' title='bbox 939 2628 1118 2705; x_wconf 84' lang='lat' dir='ltr'>peccatum</span> <span class='ocrx_word' id='word_1_198' title='bbox 1132 2627 1280 2683; x_wconf 82' lang='lat' dir='ltr'>vestrum</span> <span class='ocrx_word' id='word_1_199' title='bbox 1295 2630 1431 2704; x_wconf 81' lang='lat' dir='ltr'>monet;</span> <span class='ocrx_word' id='word_1_200' title='bbox 1449 2621 1510 2709; x_wconf 89' lang='lat' dir='ltr'>qui</span> <span class='ocrx_word' id='word_1_201' title='bbox 1528 2619 1641 2687; x_wconf 91' lang='lat' dir='ltr'>invin-</span> 
     </span>
     <span class='ocr_line' id='line_1_20' title="bbox 307 2721 1638 2811; baseline 0.003 -21"><span class='ocrx_word' id='word_1_202' title='bbox 307 2723 466 2809; x_wconf 86' lang='lat' dir='ltr'>cibiliter</span> <span class='ocrx_word' id='word_1_203' title='bbox 481 2723 635 2809; x_wconf 84' lang='lat' dir='ltr'>ignorat,</span> <span class='ocrx_word' id='word_1_204' title='bbox 653 2721 682 2788; x_wconf 89' lang='lat' dir='ltr'>is</span> <span class='ocrx_word' id='word_1_205' title='bbox 696 2723 815 2811; x_wconf 88' lang='lat' dir='ltr'>utique</span> <span class='ocrx_word' id='word_1_206' title='bbox 828 2743 899 2788; x_wconf 95' lang='lat' dir='ltr'>non</span> <span class='ocrx_word' id='word_1_207' title='bbox 912 2727 1047 2811; x_wconf 90' lang='lat' dir='ltr'>peccat;</span> <span class='ocrx_word' id='word_1_208' title='bbox 1063 2723 1120 2790; x_wconf 90' lang='lat' dir='ltr'>cui</span> <span class='ocrx_word' id='word_1_209' title='bbox 1137 2722 1262 2791; x_wconf 87' lang='lat' dir='ltr'>veritas</span> <span class='ocrx_word' id='word_1_210' title='bbox 1272 2744 1344 2791; x_wconf 94' lang='lat' dir='ltr'>non</span> <span class='ocrx_word' id='word_1_211' title='bbox 1359 2729 1409 2792; x_wconf 89' lang='lat' dir='ltr'>est</span> <span class='ocrx_word' id='word_1_212' title='bbox 1423 2725 1638 2808; x_wconf 85' lang='lat' dir='ltr'>annuntiata,</span> 
     </span>
     <span class='ocr_line' id='line_1_21' title="bbox 313 2827 1642 2918; baseline 0.002 -21"><span class='ocrx_word' id='word_1_213' title='bbox 313 2829 342 2897; x_wconf 91' lang='lat' dir='ltr'>is</span> <span class='ocrx_word' id='word_1_214' title='bbox 356 2828 548 2897; x_wconf 86' lang='lat' dir='ltr'>nonhabet</span> <span class='ocrx_word' id='word_1_215' title='bbox 564 2832 740 2918; x_wconf 86' lang='lat' dir='ltr'>peccatum</span> <span class='ocrx_word' id='word_1_216' title='bbox 755 2828 900 2896; x_wconf 85' lang='lat' dir='ltr'>reiectae</span> <span class='ocrx_word' id='word_1_217' title='bbox 914 2827 1083 2910; x_wconf 81' lang='lat' dir='ltr'>veritatis3</span> <span class='ocrx_word' id='word_1_218' title='bbox 1099 2829 1274 2918; x_wconf 89' lang='lat' dir='ltr'>pharisaei</span> <span class='ocrx_word' id='word_1_219' title='bbox 1287 2851 1370 2897; x_wconf 91' lang='lat' dir='ltr'>vero</span> <span class='ocrx_word' id='word_1_220' title='bbox 1385 2853 1421 2898; x_wconf 92' lang='lat' dir='ltr'>se</span> <span class='ocrx_word' id='word_1_221' title='bbox 1441 2831 1572 2900; x_wconf 87' lang='lat' dir='ltr'>iactant</span> <span class='ocrx_word' id='word_1_222' title='bbox 1586 2855 1642 2901; x_wconf 89' lang='lat' dir='ltr'>sa-</span> 
     </span>
     <span class='ocr_line' id='line_1_22' title="bbox 316 2934 1641 3029; baseline 0.003 -24"><span class='ocrx_word' id='word_1_223' title='bbox 316 2939 449 3028; x_wconf 89' lang='lat' dir='ltr'>pientes</span> <span class='ocrx_word' id='word_1_224' title='bbox 470 2941 510 3004; x_wconf 86' lang='lat' dir='ltr'>et&#39;</span> <span class='ocrx_word' id='word_1_225' title='bbox 523 2935 567 3002; x_wconf 94' lang='lat' dir='ltr'>ob</span> <span class='ocrx_word' id='word_1_226' title='bbox 594 2934 684 3001; x_wconf 88' lang='lat' dir='ltr'>hanc</span> <span class='ocrx_word' id='word_1_227' title='bbox 706 2956 804 3001; x_wconf 91' lang='lat' dir='ltr'>suam</span> <span class='ocrx_word' id='word_1_228' title='bbox 826 2934 1029 3024; x_wconf 89' lang='lat' dir='ltr'>sapientiam</span> <span class='ocrx_word' id='word_1_229' title='bbox 1056 2935 1204 3025; x_wconf 89' lang='lat' dir='ltr'>superbe</span> <span class='ocrx_word' id='word_1_230' title='bbox 1230 2936 1391 3004; x_wconf 91' lang='lat' dir='ltr'>reiiciunt</span> <span class='ocrx_word' id='word_1_231' title='bbox 1424 2941 1641 3029; x_wconf 87' lang='lat' dir='ltr'>apertissima</span> 
     </span>
    </p>
   </div>
   <div class='ocr_carea' id='block_1_3' title="bbox 200 3040 1640 3134">
    <p class='ocr_par' dir='ltr' id='par_1_4' title="bbox 200 3040 1640 3134">
     <span class='ocr_line' id='line_1_23' title="bbox 200 3040 1640 3134; baseline 0.004 -25"><span class='ocrx_word' id='word_1_232' title='bbox 200 3126 202 3131; x_wconf 20' lang='grc' dir='ltr'>Ι</span> <span class='ocrx_word' id='word_1_233' title='bbox 235 3101 238 3105; x_wconf 94' lang='grc'>.</span> <span class='ocrx_word' id='word_1_234' title='bbox 315 3044 469 3111; x_wconf 87' lang='lat' dir='ltr'>veritatis</span> <span class='ocrx_word' id='word_1_235' title='bbox 482 3066 504 3111; x_wconf 87' lang='lat' dir='ltr'>a</span> <span class='ocrx_word' id='word_1_236' title='bbox 524 3042 658 3110; x_wconf 83' lang='lat' dir='ltr'>Christo</span> <span class='ocrx_word' id='word_1_237' title='bbox 677 3040 873 3108; x_wconf 86' lang='lat' dir='ltr'>enuntiatae</span> <span class='ocrx_word' id='word_1_238' title='bbox 897 3040 1120 3123; x_wconf 86' lang='lat' dir='ltr'>documenta,</span> <span class='ocrx_word' id='word_1_239' title='bbox 1141 3042 1290 3134; x_wconf 89' lang='lat' dir='ltr'>ideoque</span> <span class='ocrx_word' id='word_1_240' title='bbox 1312 3050 1495 3134; x_wconf 90' lang='lat' dir='ltr'>peccatum</span> <span class='ocrx_word' id='word_1_241' title='bbox 1520 3068 1640 3116; x_wconf 87' lang='lat' dir='ltr'>eorum</span> 
     </span>
    </p>
   </div>
   <div class='ocr_carea' id='block_1_4' title="bbox 308 3146 1641 4623">
    <p class='ocr_par' dir='ltr' id='par_1_5' title="bbox 308 3146 1641 4623">
     <span class='ocr_line' id='line_1_24' title="bbox 315 3146 1641 3235; baseline 0.003 -17"><span class='ocrx_word' id='word_1_242' title='bbox 315 3162 451 3235; x_wconf 82' lang='lat' dir='ltr'>manet,·</span> <span class='ocrx_word' id='word_1_243' title='bbox 477 3148 629 3216; x_wconf 88' lang='lat' dir='ltr'>declarat</span> <span class='ocrx_word' id='word_1_244' title='bbox 655 3146 799 3215; x_wconf 90' lang='lat' dir='ltr'>verbum</span> <span class='ocrx_word' id='word_1_245' title='bbox 826 3146 892 3215; x_wconf 92' lang='lat' dir='ltr'>boc</span> <span class='ocrx_word' id='word_1_246' title='bbox 922 3168 1070 3231; x_wconf 87' lang='lat' dir='ltr'>moram,</span> <span class='ocrx_word' id='word_1_247' title='bbox 1099 3147 1274 3232; x_wconf 87' lang='lat' dir='ltr'>habitum,</span> <span class='ocrx_word' id='word_1_248' title='bbox 1304 3150 1542 3220; x_wconf 86' lang='lat' dir='ltr'>inhaesionem</span> <span class='ocrx_word' id='word_1_249' title='bbox 1568 3155 1641 3222; x_wconf 92' lang='lat' dir='ltr'>eius</span> 
     </span>
     <span class='ocr_line' id='line_1_25' title="bbox 316 3253 1639 3349; baseline 0.003 -25"><span class='ocrx_word' id='word_1_250' title='bbox 316 3257 411 3348; x_wconf 87' lang='lat' dir='ltr'>quod</span> <span class='ocrx_word' id='word_1_251' title='bbox 426 3261 528 3324; x_wconf 85' lang='lat' dir='ltr'>antea</span> <span class='ocrx_word' id='word_1_252' title='bbox 542 3255 612 3322; x_wconf 87' lang='lat' dir='ltr'>iam</span> <span class='ocrx_word' id='word_1_253' title='bbox 627 3253 737 3321; x_wconf 87' lang='lat' dir='ltr'>adfuit</span> <span class='ocrx_word' id='word_1_254' title='bbox 760 3253 919 3342; x_wconf 81' lang='lat' dir='ltr'>(Mald.);</span> <span class='ocrx_word' id='word_1_255' title='bbox 934 3276 1005 3322; x_wconf 94' lang='lat' dir='ltr'>non</span> <span class='ocrx_word' id='word_1_256' title='bbox 1024 3255 1159 3323; x_wconf 89' lang='lat' dir='ltr'>tollitur</span> <span class='ocrx_word' id='word_1_257' title='bbox 1171 3278 1284 3346; x_wconf 90' lang='lat' dir='ltr'>neque</span> <span class='ocrx_word' id='word_1_258' title='bbox 1303 3256 1379 3325; x_wconf 88' lang='lat' dir='ltr'>tolli</span> <span class='ocrx_word' id='word_1_259' title='bbox 1394 3263 1505 3348; x_wconf 89' lang='lat' dir='ltr'>potest</span> <span class='ocrx_word' id='word_1_260' title='bbox 1518 3282 1639 3349; x_wconf 91' lang='lat' dir='ltr'>quam·</span> 
     </span>
     <span class='ocr_line' id='line_1_26' title="bbox 314 3359 1641 3454; baseline 0.005 -26"><span class='ocrx_word' id='word_1_261' title='bbox 314 3362 375 3432; x_wconf 92' lang='lat' dir='ltr'>diu</span> <span class='ocrx_word' id='word_1_262' title='bbox 388 3385 424 3430; x_wconf 92' lang='lat' dir='ltr'>se</span> <span class='ocrx_word' id='word_1_263' title='bbox 439 3361 593 3430; x_wconf 90' lang='lat' dir='ltr'>videntes</span> <span class='ocrx_word' id='word_1_264' title='bbox 605 3359 831 3427; x_wconf 82' lang='lat' dir='ltr'>arbitrantur.</span> <span class='ocrx_word' id='word_1_265' title='bbox 849 3365 932 3428; x_wconf 88' lang='lat' dir='ltr'>Nam</span> <span class='ocrx_word' id='word_1_266' title='bbox 950 3368 1091 3451; x_wconf 86' lang='lat' dir='ltr'>propter</span> <span class='ocrx_word' id='word_1_267' title='bbox 1104 3383 1182 3429; x_wconf 89' lang='lat' dir='ltr'>eam</span> <span class='ocrx_word' id='word_1_268' title='bbox 1201 3384 1305 3454; x_wconf 89' lang='lat' dir='ltr'>quam</span> <span class='ocrx_word' id='word_1_269' title='bbox 1318 3363 1385 3431; x_wconf 89' lang='lat' dir='ltr'>sibi</span> <span class='ocrx_word' id='word_1_270' title='bbox 1401 3365 1641 3434; x_wconf 84' lang='lat' dir='ltr'>confinxerunt</span> 
     </span>
     <span class='ocr_line' id='line_1_27' title="bbox 315 3466 1639 3557; baseline 0.005 -21"><span class='ocrx_word' id='word_1_271' title='bbox 315 3471 493 3537; x_wconf 89' lang='lat' dir='ltr'>scientiam</span> <span class='ocrx_word' id='word_1_272' title='bbox 511 3466 581 3534; x_wconf 91' lang='lat' dir='ltr'>illis</span> <span class='ocrx_word' id='word_1_273' title='bbox 603 3466 774 3553; x_wconf 88' lang='lat' dir='ltr'>contingit</span> <span class='ocrx_word' id='word_1_274' title='bbox 792 3466 886 3557; x_wconf 90' lang='lat' dir='ltr'>quod</span> <span class='ocrx_word' id='word_1_275' title='bbox 903 3468 1028 3536; x_wconf 87' lang='lat' dir='ltr'>Paulus</span> <span class='ocrx_word' id='word_1_276' title='bbox 1048 3466 1158 3537; x_wconf 89' lang='lat' dir='ltr'>dicit:</span> <span class='ocrx_word' id='word_1_277' title='bbox 1185 3469 1382 3556; x_wconf 80' lang='lat' dir='ltr'>ignorantes</span> <span class='ocrx_word' id='word_1_278' title='bbox 1394 3472 1559 3541; x_wconf 88' lang='lat' dir='ltr'>iustitiam</span> <span class='ocrx_word' id='word_1_279' title='bbox 1580 3476 1639 3542; x_wconf 84' lang='lat' dir='ltr'>Dei</span> 
     </span>
     <span class='ocr_line' id='line_1_28' title="bbox 316 3574 1635 3669; baseline 0.005 -26"><span class='ocrx_word' id='word_1_280' title='bbox 316 3582 350 3643; x_wconf 93' lang='lat' dir='ltr'>et</span> <span class='ocrx_word' id='word_1_281' title='bbox 369 3597 468 3644; x_wconf 88' lang='lat' dir='ltr'>suam</span> <span class='ocrx_word' id='word_1_282' title='bbox 487 3577 691 3665; x_wconf 79' lang='lat' dir='ltr'>quaerentes</span> <span class='ocrx_word' id='word_1_283' title='bbox 715 3577 881 3655; x_wconf 86' lang='lat' dir='ltr'>statuere,</span> <span class='ocrx_word' id='word_1_284' title='bbox 904 3574 1052 3642; x_wconf 87' lang='lat' dir='ltr'>iustitiae</span> <span class='ocrx_word' id='word_1_285' title='bbox 1076 3576 1135 3643; x_wconf 82' lang='lat' dir='ltr'>Dei</span> <span class='ocrx_word' id='word_1_286' title='bbox 1155 3596 1228 3642; x_wconf 93' lang='lat' dir='ltr'>non</span> <span class='ocrx_word' id='word_1_287' title='bbox 1251 3583 1330 3643; x_wconf 91' lang='lat' dir='ltr'>sunt</span> <span class='ocrx_word' id='word_1_288' title='bbox 1351 3577 1496 3645; x_wconf 89' lang='lat' dir='ltr'>subiecti</span> <span class='ocrx_word' id='word_1_289' title='bbox 1523 3581 1635 3669; x_wconf 83' lang='lat' dir='ltr'>(Rom.</span> 
     </span>
     <span class='ocr_line' id='line_1_29' title="bbox 319 3678 1639 3773; baseline 0.004 -23"><span class='ocrx_word' id='word_1_290' title='bbox 319 3682 428 3769; x_wconf 86' lang='lat'>10‚3);</span> <span class='ocrx_word' id='word_1_291' title='bbox 446 3682 577 3773; x_wconf 88' lang='lat' dir='ltr'>pariter</span> <span class='ocrx_word' id='word_1_292' title='bbox 593 3679 640 3748; x_wconf 91' lang='lat' dir='ltr'>ad</span> <span class='ocrx_word' id='word_1_293' title='bbox 659 3701 716 3747; x_wconf 91' lang='lat' dir='ltr'>eos</span> <span class='ocrx_word' id='word_1_294' title='bbox 734 3678 900 3770; x_wconf 90' lang='lat' dir='ltr'>applicari</span> <span class='ocrx_word' id='word_1_295' title='bbox 923 3679 1027 3749; x_wconf 89' lang='lat' dir='ltr'>debet</span> <span class='ocrx_word' id='word_1_296' title='bbox 1046 3679 1135 3749; x_wconf 93' lang='lat' dir='ltr'>illud</span> <span class='ocrx_word' id='word_1_297' title='bbox 1155 3683 1207 3751; x_wconf 90' lang='lat' dir='ltr'>:si</span> <span class='ocrx_word' id='word_1_298' title='bbox 1229 3681 1307 3772; x_wconf 89' lang='lat' dir='ltr'>quis</span> <span class='ocrx_word' id='word_1_299' title='bbox 1319 3682 1458 3752; x_wconf 88' lang='lat' dir='ltr'>videtur</span> <span class='ocrx_word' id='word_1_300' title='bbox 1475 3686 1566 3753; x_wconf 88' lang='lat' dir='ltr'>inter</span> <span class='ocrx_word' id='word_1_301' title='bbox 1579 3710 1639 3756; x_wconf 93' lang='lat' dir='ltr'>vos</span> 
     </span>
     <span class='ocr_line' id='line_1_30' title="bbox 315 3786 1635 3882; baseline 0.005 -26"><span class='ocrx_word' id='word_1_302' title='bbox 315 3791 452 3880; x_wconf 90' lang='lat' dir='ltr'>sapiens</span> <span class='ocrx_word' id='word_1_303' title='bbox 465 3810 534 3856; x_wconf 92' lang='lat' dir='ltr'>esse</span> <span class='ocrx_word' id='word_1_304' title='bbox 546 3787 584 3855; x_wconf 92' lang='lat' dir='ltr'>in</span> <span class='ocrx_word' id='word_1_305' title='bbox 598 3788 664 3854; x_wconf 92' lang='lat' dir='ltr'>hoc</span> <span class='ocrx_word' id='word_1_306' title='bbox 677 3786 829 3869; x_wconf 82' lang='lat' dir='ltr'>saeculo,</span> <span class='ocrx_word' id='word_1_307' title='bbox 846 3786 966 3854; x_wconf 86' lang='lat' dir='ltr'>stultus</span> <span class='ocrx_word' id='word_1_308' title='bbox 980 3788 1041 3854; x_wconf 88' lang='lat' dir='ltr'>liat</span> <span class='ocrx_word' id='word_1_309' title='bbox 1054 3793 1093 3855; x_wconf 91' lang='lat' dir='ltr'>ut</span> <span class='ocrx_word' id='word_1_310' title='bbox 1105 3790 1150 3855; x_wconf 92' lang='lat' dir='ltr'>sit</span> <span class='ocrx_word' id='word_1_311' title='bbox 1162 3791 1299 3880; x_wconf 89' lang='lat' dir='ltr'>sapiens</span> <span class='ocrx_word' id='word_1_312' title='bbox 1313 3790 1344 3880; x_wconf 87' lang='lat'>(1</span> <span class='ocrx_word' id='word_1_313' title='bbox 1361 3792 1435 3858; x_wconf 86' lang='lat' dir='ltr'>Cor.</span> <span class='ocrx_word' id='word_1_314' title='bbox 1452 3794 1545 3882; x_wconf 67' lang='lat' dir='ltr'>als)</span> <span class='ocrx_word' id='word_1_315' title='bbox 1563 3795 1586 3862; x_wconf 93' lang='lat' dir='ltr'>i.</span> <span class='ocrx_word' id='word_1_316' title='bbox 1604 3817 1635 3863; x_wconf 92' lang='lat' dir='ltr'>e.</span> 
     </span>
     <span class='ocr_line' id='line_1_31' title="bbox 312 3893 1637 3987; baseline 0.004 -23"><span class='ocrx_word' id='word_1_317' title='bbox 312 3895 621 3987; x_wconf 88' lang='lat' dir='ltr'>sapientiamsuam</span> <span class='ocrx_word' id='word_1_318' title='bbox 635 3893 847 3961; x_wconf 88' lang='lat' dir='ltr'>mundanam</span> <span class='ocrx_word' id='word_1_319' title='bbox 859 3899 892 3960; x_wconf 86' lang='lat' dir='ltr'>et</span> <span class='ocrx_word' id='word_1_320' title='bbox 906 3895 1133 3963; x_wconf 86' lang='lat' dir='ltr'>existimatam</span> <span class='ocrx_word' id='word_1_321' title='bbox 1142 3895 1293 3981; x_wconf 83' lang='lat' dir='ltr'>deserat,</span> <span class='ocrx_word' id='word_1_322' title='bbox 1307 3918 1380 3965; x_wconf 90' lang='lat' dir='ltr'>sese</span> <span class='ocrx_word' id='word_1_323' title='bbox 1392 3899 1508 3967; x_wconf 87' lang='lat' dir='ltr'>tradat</span> <span class='ocrx_word' id='word_1_324' title='bbox 1521 3901 1637 3969; x_wconf 88' lang='lat' dir='ltr'>animo</span> 
     </span>
     <span class='ocr_line' id='line_1_32' title="bbox 308 4000 1634 4097; baseline 0.003 -27"><span class='ocrx_word' id='word_1_325' title='bbox 308 4001 458 4093; x_wconf 82' lang='lat' dir='ltr'>simplici</span> <span class='ocrx_word' id='word_1_326' title='bbox 471 4001 508 4068; x_wconf 93' lang='lat' dir='ltr'>in</span> <span class='ocrx_word' id='word_1_327' title='bbox 519 4000 736 4092; x_wconf 83' lang='lat' dir='ltr'>disciplinam</span> <span class='ocrx_word' id='word_1_328' title='bbox 749 4000 821 4067; x_wconf 89' lang='lat' dir='ltr'>veri</span> <span class='ocrx_word' id='word_1_329' title='bbox 835 4000 1006 4088; x_wconf 84' lang='lat' dir='ltr'>magistri3</span> <span class='ocrx_word' id='word_1_330' title='bbox 1019 4008 1093 4068; x_wconf 93' lang='lat' dir='ltr'>tum</span> <span class='ocrx_word' id='word_1_331' title='bbox 1102 4002 1227 4090; x_wconf 90' lang='lat' dir='ltr'>poterit</span> <span class='ocrx_word' id='word_1_332' title='bbox 1240 4003 1385 4071; x_wconf 90' lang='lat' dir='ltr'>evadere</span> <span class='ocrx_word' id='word_1_333' title='bbox 1394 4027 1474 4073; x_wconf 90' lang='lat' dir='ltr'>vere</span> <span class='ocrx_word' id='word_1_334' title='bbox 1488 4009 1634 4097; x_wconf 91' lang='lat' dir='ltr'>sapiens.</span> 
     </span>
     <span class='ocr_line' id='line_1_33' title="bbox 315 4107 1637 4201; baseline 0.005 -24"><span class='ocrx_word' id='word_1_335' title='bbox 315 4112 365 4178; x_wconf 90' lang='lat' dir='ltr'>Uti</span> <span class='ocrx_word' id='word_1_336' title='bbox 384 4108 469 4177; x_wconf 91' lang='lat' dir='ltr'>alibi</span> <span class='ocrx_word' id='word_1_337' title='bbox 493 4107 666 4197; x_wconf 90' lang='lat' dir='ltr'>pharisaei</span> <span class='ocrx_word' id='word_1_338' title='bbox 688 4107 893 4174; x_wconf 84' lang='lat' dir='ltr'>exhibentur</span> <span class='ocrx_word' id='word_1_339' title='bbox 911 4107 972 4197; x_wconf 91' lang='lat' dir='ltr'>qui</span> <span class='ocrx_word' id='word_1_340' title='bbox 991 4128 1027 4174; x_wconf 93' lang='lat' dir='ltr'>se</span> <span class='ocrx_word' id='word_1_341' title='bbox 1048 4107 1153 4174; x_wconf 85' lang='lat' dir='ltr'>iustos</span> <span class='ocrx_word' id='word_1_342' title='bbox 1171 4107 1402 4178; x_wconf 86' lang='lat' dir='ltr'>existimantes</span> <span class='ocrx_word' id='word_1_343' title='bbox 1425 4115 1637 4201; x_wconf 86' lang='lat' dir='ltr'>poenitentia</span> 
     </span>
     <span class='ocr_line' id='line_1_34' title="bbox 309 4202 1636 4307; baseline 0.004 -23"><span class='ocrx_word' id='word_1_344' title='bbox 309 4239 380 4284; x_wconf 95' lang='lat' dir='ltr'>non</span> <span class='ocrx_word' id='word_1_345' title='bbox 404 4215 585 4302; x_wconf 79' lang='lat' dir='ltr'>indigeant</span> <span class='ocrx_word' id='word_1_346' title='bbox 604 4213 732 4303; x_wconf 87' lang='lat' dir='ltr'>(llatth.</span> <span class='ocrx_word' id='word_1_347' title='bbox 755 4219 827 4294; x_wconf 83' lang='lat'>3,9;</span> <span class='ocrx_word' id='word_1_348' title='bbox 850 4202 940 4298; x_wconf 50' lang='grc' dir='ltr'>Ιιιι).</span> <span class='ocrx_word' id='word_1_349' title='bbox 965 4217 1043 4281; x_wconf 89' lang='lat' dir='ltr'>Luc.</span> <span class='ocrx_word' id='word_1_350' title='bbox 1067 4218 1157 4298; x_wconf 84' lang='lat'><strong>18,9.</strong></span> <span class='ocrx_word' id='word_1_351' title='bbox 1183 4220 1349 4285; x_wconf 87' lang='lat' dir='ltr'>11.10an.</span> <span class='ocrx_word' id='word_1_352' title='bbox 1372 4218 1485 4307; x_wconf 82' lang='grc'>8,33),</span> <span class='ocrx_word' id='word_1_353' title='bbox 1502 4221 1550 4288; x_wconf 90' lang='grc' dir='ltr'>ιιι</span> <span class='ocrx_word' id='word_1_354' title='bbox 1570 4221 1636 4289; x_wconf 95' lang='lat' dir='ltr'>hoc</span> 
     </span>
     <span class='ocr_line' id='line_1_35' title="bbox 310 4319 1635 4411; baseline 0.005 -21"><span class='ocrx_word' id='word_1_355' title='bbox 310 4324 383 4392; x_wconf 92' lang='lat' dir='ltr'>loco</span> <span class='ocrx_word' id='word_1_356' title='bbox 394 4328 431 4392; x_wconf 92' lang='lat' dir='ltr'>ut</span> <span class='ocrx_word' id='word_1_357' title='bbox 446 4321 532 4389; x_wconf 89' lang='lat' dir='ltr'>tales</span> <span class='ocrx_word' id='word_1_358' title='bbox 544 4319 604 4411; x_wconf 89' lang='lat' dir='ltr'>qui</span> <span class='ocrx_word' id='word_1_359' title='bbox 615 4320 758 4388; x_wconf 87' lang='lat' dir='ltr'>scientia</span> <span class='ocrx_word' id='word_1_360' title='bbox 774 4343 889 4389; x_wconf 87' lang='lat' dir='ltr'>rerum</span> <span class='ocrx_word' id='word_1_361' title='bbox 906 4320 1101 4388; x_wconf 87' lang='lat' dir='ltr'>divinarum</span> <span class='ocrx_word' id='word_1_362' title='bbox 1114 4321 1262 4411; x_wconf 90' lang='lat' dir='ltr'>praediti</span> <span class='ocrx_word' id='word_1_363' title='bbox 1276 4323 1493 4392; x_wconf 86' lang='lat' dir='ltr'>institutione</span> <span class='ocrx_word' id='word_1_364' title='bbox 1511 4328 1635 4396; x_wconf 85' lang='lat' dir='ltr'>Christi</span> 
     </span>
     <span class='ocr_line' id='line_1_36' title="bbox 308 4426 1634 4522; baseline 0.003 -24"><span class='ocrx_word' id='word_1_365' title='bbox 308 4453 424 4498; x_wconf 88' lang='lat' dir='ltr'>carere</span> <span class='ocrx_word' id='word_1_366' title='bbox 444 4429 569 4512; x_wconf 86' lang='lat' dir='ltr'>velint;</span> <span class='ocrx_word' id='word_1_367' title='bbox 585 4448 667 4494; x_wconf 91' lang='grc' dir='ltr'>ιιιιιι</span> <span class='ocrx_word' id='word_1_368' title='bbox 691 4455 708 4488; x_wconf 92' lang='lat'>«</span> <span class='ocrx_word' id='word_1_369' title='bbox 730 4426 875 4495; x_wconf 89' lang='lat' dir='ltr'>dicendo</span> <span class='ocrx_word' id='word_1_370' title='bbox 896 4449 904 4497; x_wconf 92' lang='lat'>:</span> <span class='ocrx_word' id='word_1_371' title='bbox 925 4429 1096 4508; x_wconf 85' lang='lat' dir='ltr'>videmus,</span> <span class='ocrx_word' id='word_1_372' title='bbox 1118 4426 1289 4497; x_wconf 89' lang='lat' dir='ltr'>medicum</span> <span class='ocrx_word' id='word_1_373' title='bbox 1307 4453 1377 4498; x_wconf 91' lang='lat' dir='ltr'>non</span> <span class='ocrx_word' id='word_1_374' title='bbox 1395 4433 1574 4522; x_wconf 88' lang='lat' dir='ltr'>quaeritis,</span> <span class='ocrx_word' id='word_1_375' title='bbox 1597 4435 1634 4502; x_wconf 93' lang='lat' dir='ltr'>in</span> 
     </span>
     <span class='ocr_line' id='line_1_37' title="bbox 308 4534 975 4623; baseline -0.003 -20"><span class='ocrx_word' id='word_1_376' title='bbox 308 4539 467 4605; x_wconf 86' lang='lat' dir='ltr'>caecitate</span> <span class='ocrx_word' id='word_1_377' title='bbox 482 4541 595 4602; x_wconf 90' lang='lat' dir='ltr'>vestra</span> <span class='ocrx_word' id='word_1_378' title='bbox 606 4535 791 4602; x_wconf 89' lang='lat' dir='ltr'>remanetis</span> <span class='ocrx_word' id='word_1_379' title='bbox 806 4561 822 4594; x_wconf 74' lang='lat' dir='ltr'>a</span> <span class='ocrx_word' id='word_1_380' title='bbox 843 4534 975 4623; x_wconf 56' lang='lat' dir='ltr'>(Arre).</span> 
     </span>
    </p>
   </div>
   <div class='ocr_carea' id='block_1_5' title="bbox 308 4734 1633 5037">
    <p class='ocr_par' dir='ltr' id='par_1_6' title="bbox 308 4734 1633 5037">
     <span class='ocr_line' id='line_1_38' title="bbox 344 4734 1633 4847; baseline 0.015 -26"><span class='ocrx_word' id='word_1_381' title='bbox 344 4760 488 4822; x_wconf 89' lang='lat' dir='ltr'>Christus</span> <span class='ocrx_word' id='word_1_382' title='bbox 504 4762 572 4840; x_wconf 88' lang='lat' dir='ltr'>ipse</span> <span class='ocrx_word' id='word_1_383' title='bbox 592 4762 625 4821; x_wconf 90' lang='lat' dir='ltr'>in</span> <span class='ocrx_word' id='word_1_384' title='bbox 640 4779 670 4823; x_wconf 84' lang='lat' dir='ltr'>v.</span> <span class='ocrx_word' id='word_1_385' title='bbox 684 4762 723 4822; x_wconf 88' lang='grc'>39</span> <span class='ocrx_word' id='word_1_386' title='bbox 736 4759 934 4821; x_wconf 89' lang='lat' dir='ltr'>sanationem</span> <span class='ocrx_word' id='word_1_387' title='bbox 950 4762 1036 4823; x_wconf 89' lang='lat' dir='ltr'>caeci</span> <span class='ocrx_word' id='word_1_388' title='bbox 1052 4734 1202 4827; x_wconf 78' lang='lat' dir='ltr'>transfert</span> <span class='ocrx_word' id='word_1_389' title='bbox 1216 4769 1391 4847; x_wconf 77' lang='lat' dir='ltr'>symbolice</span> <span class='ocrx_word' id='word_1_390' title='bbox 1411 4773 1450 4835; x_wconf 90' lang='lat' dir='ltr'>ad</span> <span class='ocrx_word' id='word_1_391' title='bbox 1469 4775 1633 4840; x_wconf 90' lang='lat' dir='ltr'>illumina·</span> 
     </span>
     <span class='ocr_line' id='line_1_39' title="bbox 308 4857 1632 4946; baseline 0.014 -26"><span class='ocrx_word' id='word_1_392' title='bbox 308 4859 430 4920; x_wconf 90' lang='lat' dir='ltr'>tionem</span> <span class='ocrx_word' id='word_1_393' title='bbox 444 4859 654 4937; x_wconf 85' lang='lat' dir='ltr'>spiritualem.</span> <span class='ocrx_word' id='word_1_394' title='bbox 671 4859 771 4931; x_wconf 84' lang='lat' dir='ltr'>Quare</span> <span class='ocrx_word' id='word_1_395' title='bbox 791 4857 909 4918; x_wconf 90' lang='lat' dir='ltr'>mirum</span> <span class='ocrx_word' id='word_1_396' title='bbox 928 4876 992 4920; x_wconf 93' lang='lat' dir='ltr'>non</span> <span class='ocrx_word' id='word_1_397' title='bbox 1014 4863 1062 4921; x_wconf 88' lang='lat' dir='ltr'>est</span> <span class='ocrx_word' id='word_1_398' title='bbox 1081 4866 1205 4927; x_wconf 86' lang='lat' dir='ltr'>veteres</span> <span class='ocrx_word' id='word_1_399' title='bbox 1224 4872 1351 4946; x_wconf 87' lang='lat' dir='ltr'>praeter</span> <span class='ocrx_word' id='word_1_400' title='bbox 1365 4888 1494 4935; x_wconf 87' lang='lat' dir='ltr'>sensum</span> <span class='ocrx_word' id='word_1_401' title='bbox 1510 4875 1632 4938; x_wconf 86' lang='lat' dir='ltr'>littera-</span> 
     </span>
     <span class='ocr_line' id='line_1_40' title="bbox 308 4954 1632 5037; baseline 0.012 -17"><span class='ocrx_word' id='word_1_402' title='bbox 308 4958 375 5020; x_wconf 88' lang='lat' dir='ltr'>lem</span> <span class='ocrx_word' id='word_1_403' title='bbox 390 4954 488 5016; x_wconf 90' lang='lat' dir='ltr'>etiam</span> <span class='ocrx_word' id='word_1_404' title='bbox 503 4956 706 5035; x_wconf 79' lang='lat' dir='ltr'>allegoricam</span> <span class='ocrx_word' id='word_1_405' title='bbox 719 4972 897 5036; x_wconf 90' lang='lat' dir='ltr'>proponere</span> <span class='ocrx_word' id='word_1_406' title='bbox 909 4958 1168 5037; x_wconf 83' lang='lat' dir='ltr'>explicationem.</span> <span class='ocrx_word' id='word_1_407' title='bbox 1183 4964 1299 5030; x_wconf 86' lang='lat' dir='ltr'>Vident</span> <span class='ocrx_word' id='word_1_408' title='bbox 1313 4969 1400 5032; x_wconf 89' lang='lat' dir='ltr'>enim</span> <span class='ocrx_word' id='word_1_409' title='bbox 1413 4971 1448 5033; x_wconf 91' lang='lat' dir='ltr'>in</span> <span class='ocrx_word' id='word_1_410' title='bbox 1459 4991 1554 5035; x_wconf 89' lang='lat' dir='ltr'>caeco</span> <span class='ocrx_word' id='word_1_411' title='bbox 1570 4975 1632 5036; x_wconf 92' lang='lat' dir='ltr'>isto</span> 
     </span>
    </p>
   </div>
   <div class='ocr_carea' id='block_1_6' title="bbox 0 0 2030 5648">
    <p class='ocr_par' dir='ltr' id='par_1_7' title="bbox 0 0 2030 5648">
     <span class='ocr_line' id='line_1_41' title="bbox 0 0 2030 5648; baseline 0 4"><span class='ocrx_word' id='word_1_412' title='bbox 0 0 2030 5648; x_wconf 95' lang='lat' dir='ltr'> </span> 
     </span>
    </p>
   </div>
  </div>
 </body>
</html>
