4050 5648
855 531 937 578 roau.
962 517 1121 588 mrem

326 667 568 735 consolationis
590 661 676 729 ratio
690 682 698 728 ε
714 661 777 729 iste
790 672 983 754 παράκλητος
998 688 1065 734 non
1088 665 1223 733 recedet
1237 665 1281 732 ab
1300 667 1365 748 eis,
1385 678 1502 739 manet
1514 693 1650 761 semper

326 774 418 864 apud
438 796 494 841 eos
515 789 690 856 nunquam
715 792 773 837 cos
796 772 1006 862 relinquens;
1025 790 1109 856 ergo
1136 772 1267 840 habent
1285 794 1354 862 quo
1376 797 1411 842 se
1429 777 1650 846 consolentur

230 956 234 963 „
326 882 369 948 dc
394 886 468 947 lesu
491 896 634 942 recessu.
661 876 746 944 Dicit
770 901 806 945 se
826 901 947 965 rogare
972 882 1104 946 Patrem
1132 879 1186 964 (cf.
1213 886 1302 962 11,9.
1330 883 1461 971 1530),
1493 884 1649 975 quamvis

324 991 466 1077 propter
480 982 620 1065 merita,
641 1005 729 1072 quae
752 984 787 1049 iu
809 1005 870 1050 sua
893 992 1016 1051 natura
1034 983 1187 1052 humana
1201 986 1398 1077 acquisierit
1412 992 1594 1073 meruerit,
1611 998 1650 1060 ut

324 1093 383 1160 ille
397 1088 536 1177 daretur
552 1090 676 1176 (Bon).
697 1093 780 1156 Cum
801 1088 957 1179 discipuli
979 1088 1115 1179 saepius
1133 1092 1285 1159 viderint
1303 1116 1382 1161 eum
1396 1102 1567 1178 orantem,
1583 1099 1648 1167 hac

323 1215 459 1288 quoquc
483 1197 680 1284 precatione
701 1194 743 1262 ad
765 1198 896 1260 Patrem
923 1194 1113 1278 discebant,
1137 1205 1266 1289 quanta
1287 1199 1430 1290 deipsis
1453 1223 1535 1268 cura
1560 1209 1649 1272 lesus

322 1306 509 1371 teneretur.
532 1305 686 1369 Ceterum
700 1299 820 1367 eodem
836 1300 938 1366 modo
958 1300 1108 1369 Christus
1123 1327 1186 1394 pro
1200 1309 1400 1374 naturasua
1412 1308 1528 1375 divina
1543 1311 1646 1378 etiam

322 1408 405 1474 dicit
425 1431 446 1474 a
458 1430 493 1474 se
509 1408 597 1474 mitti
616 1406 818 1474 paraclitum
836 1407 936 1495 (tar)
958 1408 1009 1475 vel
1027 1405 1102 1476 dari
1118 1408 1267 1499 (20,22);
1288 1418 1484 1499 παράκλητος
1504 1414 1649 1483 vertitur

321 1515 358 1582 in
373 1515 468 1602 vulg.
496 1522 511 1581 1
540 1519 633 1580 loan.
654 1520 709 1597 a,1
733 1512 931 1597 advocatus,
958 1536 1046 1603 quac
1069 1516 1164 1583 notio
1185 1516 1262 1585 voci
1280 1519 1458 1605 congruit,
1477 1522 1673 1609 significat,

321 1621 507 1690 enimcum
523 1618 584 1709 qui
603 1619 648 1687 ad
666 1618 833 1686 auxilium
852 1625 1003 1701 vocatur,
1021 1621 1251 1710 patrocinium
1265 1623 1408 1692 alicuius
1423 1625 1474 1693 rei
1486 1628 1644 1719 suscipit,

320 1729 468 1809 adiutor,
486 1726 644 1794 defensor
661 1725 788 1792 exsistit
809 1724 866 1813 (ef.
888 1725 964 1795 Alo.
986 1728 1080 1793 Patr.
1097 1726 1199 1817 Fit),
1216 1734 1395 1818 patronus,
1410 1754 1480 1823 qua
1496 1733 1648 1805 dictione

319 1838 410 1903 lons.
428 1838 543 1901 censet
554 1830 761 1899 sufficienter
775 1831 878 1898 latine
890 1854 1007 1900 rocem
1023 1835 1185 1922 exprimi,
1203 1864 1218 1896 τ
1236 1837 1374 1924 patroni
1388 1839 1481 1905 enim
1500 1848 1551 1906 est
1564 1862 1647 1929 sug-

319 1962 440 2029 gerere
459 1938 576 2006 clienti
600 1959 687 2028 quae
705 1943 786 2004 suant
808 1937 905 2005 utilia
925 1943 1026 2029 atque
1047 1939 1092 2006 ad
1107 1962 1148 2007 ca
1162 1938 1357 2026 adhortari,
1372 1945 1543 2013 consolari
1555 1969 1648 2016 moe·

200 2087 204 2093 ·
318 2052 448 2116 rentem
473 2051 507 2113 et
530 2043 743 2113 intercedere
766 2066 829 2134 pro
849 2067 888 2112 eo
912 2044 1004 2134 apud
1028 2045 1113 2113 alios
1138 2074 1153 2107 u
1177 2051 1210 2113 et
1230 2048 1333 2116 auth.
1355 2048 1438 2118 dicit
1451 2058 1646 2140 παράκλητον

317 2164 496 2243 παραινέτην
520 2158 570 2220 καὶ
597 2154 740 2234 ἀλείπτην
765 2160 796 2218 ἐν
823 2167 884 2231 τοῖς
914 2159 1015 2232 ἄθλοις
1039 2171 1094 2237 τῆς
1119 2155 1228 2241 ἀρετῆς
1251 2162 1299 2223 καὶ
1319 2166 1515 2246 ψυχαγωγίαν
1531 2169 1562 2229 ἐν
1577 2178 1645 2242 ταῖς

318 2271 435 2346 θλίψεσι
458 2265 506 2328 καὶ
532 2261 706 2343 ἀντίληψιν,
735 2256 834 2347 proin
865 2256 1134 2339 admonitorem,
1161 2269 1438 2351 praeceptorem,
1466 2265 1643 2349 solatium,

317 2366 519 2435 subsidium.
550 2369 657 2453 Saepe
681 2363 850 2452 explicare
871 2364 982 2430 solent
1011 2365 1282 2449 Consolatorem,
1311 2391 1399 2458 quae
1425 2371 1519 2438 notio
1542 2375 1645 2440 etiam

319 2474 540 2564 consequitur
554 2493 593 2538 ex
606 2469 821 2559 generaliore
841 2469 902 2537 illa
915 2469 1142 2555 auxiliatoris,
1162 2476 1315 2562 patroni;
1334 2483 1368 2543 at
1392 2498 1455 2565 per
1475 2500 1511 2545 se
1531 2481 1603 2547 sola
1616 2481 1645 2546 si

318 2581 464 2649 sumitur
479 2578 605 2647 arctior
623 2585 685 2645 est.
708 2576 793 2644 Dicit
805 2576 913 2643 alium
930 2577 1136 2646 Paraelitum
1150 2580 1223 2647 scil.
1240 2587 1379 2671 praeter
1395 2605 1449 2666 se;
1466 2607 1547 2652 nam
1559 2609 1592 2653 ν.
1611 2593 1642 2654 6.

320 2696 373 2757 13.
393 2695 434 2756 tt
449 2693 483 2755 et
496 2692 588 2754 lesus
606 2708 642 2752 se
660 2691 840 2774 tamquam
859 2684 1049 2752 adiutorem
1065 2687 1125 2775 qui
1142 2708 1262 2754 causae
1277 2711 1396 2755 eorum
1412 2693 1646 2779 patrocinetur

317 2793 476 2883 designat
494 2794 553 2882 (cl.
568 2816 600 2861 v.
625 2798 677 2859 18.
700 2798 755 2860 21.
773 2793 839 2875 27).

363 2901 492 2970 Clarius
514 2900 620 2966 alium
645 2899 736 2964 hunc
755 2899 965 2965 Paracletum
992 2896 1155 2965 describit
1174 2921 1204 2964 v.
1231 2907 1273 2966 17
1297 2901 1467 2992 Spiritum
1491 2906 1644 2974 veritatis

316 3021 350 3079 τὸ
368 3025 485 3093 πνεῦμα
504 3026 557 3090 τῆς
585 3009 635 3072 ἀλ.
663 3026 731 3094 quo
752 3003 924 3091 signifieat
947 3003 1037 3070 hunc
1059 3026 1129 3071 non
1153 3007 1378 3095 corporaliter
1401 3032 1441 3078 aa
1467 3012 1645 3081 visibiliter

317 3138 394 3184 eum
408 3115 456 3182 cis
470 3133 687 3194 mansurum,
709 3112 797 3178 sicut
813 3111 884 3200 ipse
899 3132 977 3176 cum
996 3110 1044 3176 eis
1060 3117 1279 3180 conversatus
1293 3114 1419 3198 luerat;
1437 3123 1487 3184 cst
1501 3119 1645 3208 Spiritus

318 3221 486 3300 veritatis,
509 3229 627 3287 auctor
645 3217 799 3285 veritatis
818 3224 851 3284 ct
871 3217 1026 3303 largitor,
1045 3220 1105 3306 qui
1121 3218 1194 3285 sine
1210 3219 1281 3286 ulla
1297 3224 1422 3290 erroris
1436 3224 1644 3295 admixtione

316 3330 416 3396 docet
432 3329 535 3418 (lans.
554 3325 655 3413 Tot),
674 3326 734 3414 qui
754 3347 774 3390 a
791 3323 932 3390 veritate
954 3323 1108 3413 procedit
1128 3333 1162 3392 et
1182 3327 1359 3395 veritatem
1380 3328 1464 3397 dicit
1479 3330 1640 3422 (Pham),

316 3459 417 3527 quem
431 3432 579 3500 msaendus
598 3454 667 3498 nan
678 3442 791 3522 potest
803 3429 973 3520 accipere,
1000 3430 1085 3519 quia
1102 3455 1170 3499 non
1187 3430 1277 3499 videt
1294 3456 1372 3500 eum
1390 3458 1452 3503 uec
1466 3429 1531 3503 scil
1545 3461 1640 3523 ειιιιι,

315 3544 339 3610 i.
356 3566 386 3610 c.
403 3539 553 3632 improbi
566 3539 695 3627 (Cha),
713 3537 775 3628 qui
792 3537 901 3604 solum
926 3537 1102 3605 mundana
1121 3560 1160 3605 ac
1182 3543 1320 3608 terrena
1333 3541 1474 3630 sapiunt
1489 3544 1641 3636 (Bata),

317 3651 399 3740 quia
420 3647 579 3716 animalis
605 3647 708 3712 homo
728 3666 797 3711 non
815 3643 962 3733 percipit
981 3665 1021 3710 ea
1043 3667 1132 3734 quae
1150 3651 1230 3712 sunt
1246 3646 1390 3736 Spiritus
1402 3650 1477 3731 llei,
1498 3652 1643 3721 stultitia

316 3758 407 3825 enim
421 3761 470 3822 est
484 3753 537 3821 illi
557 3757 584 3840 (1
607 3756 679 3820 Cor.
703 3751 796 3839 adt)
815 3756 847 3818 et
872 3750 909 3817 in
934 3749 1134 3818 malevolam
1158 3752 1308 3820 animam
1334 3776 1404 3822 non
1420 3756 1576 3826 introibit
1589 3783 1641 3829 sa-

315 3862 445 3955 pientia
460 3883 523 3928 nec
545 3859 716 3927 habitabit
739 3858 777 3924 in
799 3879 943 3947 corpore
964 3856 1102 3924 subdito
1126 3859 1271 3947 peccatis
1287 3861 1378 3951 (Sap.
1399 3865 1481 3951 1,1ι).
1501 3865 1643 3935 llundus

316 3971 422 4052 enim,
441 3969 492 4035 uti
510 3990 615 4055 regno
636 3967 694 4032 Dei
715 3966 912 4055 opponitur,
930 3964 1122 4053 concipitur
1137 3965 1290 4033 dominio
1306 3966 1437 4036 diaboli
1451 3970 1639 4050 subiectus:

315 4100 420 4170 quem
434 4075 602 4144 mundum
626 4073 710 4139 alias
734 4078 833 4138 vocat
847 4071 1017 4138 tenebras.
1036 4070 1126 4137 Talis
1137 4078 1251 4139 autem
1264 4075 1427 4159 mundus,
1445 4084 1560 4166 utpote
1572 4081 1641 4169 spi-

315 4186 397 4254 ritui
416 4181 543 4252 erroris
562 4188 597 4247 ct
615 4178 784 4246 mendacii
797 4179 985 4259 subiectus,
1004 4200 1072 4244 non
1087 4179 1180 4246 videt
1198 4189 1306 4269 θεωρεῖ
1313 4235 1321 4261 ,
1343 4205 1412 4248 non
1428 4190 1543 4251 mente
1558 4208 1641 4252 con·

313 4294 503 4386 templator
522 4294 555 4354 et
574 4286 757 4377 perpendit
778 4285 973 4365 veritatem,
996 4285 1056 4353 sed
1078 4286 1192 4376 potius
1213 4286 1292 4354 odio
1314 4287 1435 4369 habet,
1453 4298 1638 4374 aversatur,

315 4426 378 4471 nec
394 4401 458 4468 seit
472 4399 623 4484 γινώσκει,
643 4414 715 4460 non
741 4394 914 4479 cognoscit
927 4414 992 4460 nee
1007 4392 1163 4480 agnoscit
1183 4415 1276 4475 eam,
1298 4401 1335 4460 ut
1354 4395 1427 4462 scil.
1452 4398 1639 4468 secuudum

315 4532 392 4578 eam
407 4505 588 4576 veritatem
603 4502 672 4566 vita
688 4499 904 4583 instituatur3
919 4501 946 4567 si
961 4508 1078 4568 autem
1088 4501 1433 4599 veritatcm'mundus
1450 4526 1568 4573 revera
1581 4529 1640 4573 nc-

316 4617 433 4706 gligit,
451 4607 675 4703 reprimit(cf.
689 4613 784 4675 Rom.
797 4607 905 4696 1‚18)‚
924 4608 1090 4698 Spiritum
1098 4629 1236 4696 quoque
1251 4609 1402 4676 veritatis
1412 4618 1504 4678 reete
1514 4612 1640 4681 dicitur

314 4747 377 4791 nce
395 4722 514 4790 videre
540 4738 603 4783 nec
622 4714 725 4792 scire;
740 4713 820 4780 inde
836 4720 949 4781 autem
971 4713 1202 4803 consequitur,
1220 4713 1312 4805 quod
1340 4737 1419 4782 eum
1442 4741 1509 4785 non
1531 4735 1640 4810 potest

314 4832 488 4922 accipere,
506 4825 588 4914 quia
606 4821 678 4889 scil.
701 4829 735 4887 et
756 4821 923 4910 quamdiu
950 4844 983 4888 se
1001 4819 1182 4887 mandacio
1197 4827 1231 4887 et
1244 4821 1323 4888 odio
1343 4823 1494 4893 veritatis
1512 4829 1638 4896 manci-

315 4939 457 5029 paverit.
477 4940 600 5000 terum
616 4929 716 5018 plane
731 4928 800 4994 alia
814 4935 865 4994 cst
876 4949 949 4995 sors
962 4927 1223 5017 discipulorum,
1242 4928 1366 5018 quibus
1381 4935 1527 5002 maxima
1543 4957 1639 5002 emo-
