4050 5648
464 494 623 563 omuibus
643 490 826 563 obediatur
844 496 962 580 utpote
978 515 1000 560 a
1021 450 1088 563 Deo
1118 493 1221 560 misso
1238 497 1271 559 et
1284 493 1500 584 approbato,
1516 515 1644 562 novum
1669 502 1785 586 exqui-

463 600 543 668 runt
560 596 696 683 signum
712 607 745 670 et
762 601 800 666 in
815 596 878 664 illo
894 599 983 688 quid
993 623 1075 692 erqo
1095 611 1133 665 tu
1143 597 1289 687 forise-i
1303 615 1399 679 ποιεῖς
1414 601 1483 668 iarn
1497 601 1648 669 cernitur
1668 611 1784 692 postu·
1868 641 1872 649 ·
1952 590 1955 601 '

462 705 560 784 latio,
578 710 616 770 ut
635 707 738 775 simili
756 703 811 771 vel
830 705 962 793 potiore
980 707 1081 775 modo
1098 725 1204 792 quam
1228 711 1355 793 Moyses
1376 706 1456 772 fecit
1472 729 1568 775 suam
1586 707 1782 777 missionem

461 811 626 898 stupendo
647 809 813 881 miraculo
834 813 943 881 turbis
963 809 1183 904 persuadeat.
1200 817 1240 880 at
1259 833 1339 879 cum
1361 832 1420 878 eos
1444 812 1647 882 adhortatus
1667 822 1752 882 esset
1773 837 1781 883 :

368 940 370 944 ·
460 919 667 1005 operamini,
688 938 758 984 non
778 917 851 986 sine
870 919 1021 1011 quadam
1042 916 1238 986 acrimonia
1250 917 1316 1007 ipsi
1332 939 1372 984 ex
1388 938 1449 984 sua
1468 924 1564 1007 parte
1583 927 1781 1009 aggerunt:

461 1022 547 1111 quid
559 1023 732 1118 operaris?
751 1029 822 1092 lam
836 1031 982 1117 apparet
997 1045 1119 1092 eorum
1142 1024 1278 1093 animus
1293 1045 1301 1091 :
1316 1045 1388 1091 non
1411 1023 1483 1090 vult
1501 1046 1537 1092 se
1558 1028 1718 1095 exhibere
1733 1034 1785 1094 ta·

460 1128 527 1197 lem
544 1132 679 1222 qualem
701 1129 753 1196 illi
767 1132 888 1200 volunt
900 1129 1070 1212 Messium,
1087 1152 1172 1219 ergo
1185 1151 1263 1199 eum
1279 1149 1465 1216 agnoscere
1479 1138 1639 1198 renuunt.

503 1244 643 1329 Insuper
661 1235 847 1306 audierunt
861 1229 971 1305 lesum
995 1236 1080 1327 quid
1101 1236 1210 1304 multo
1236 1235 1417 1304 sublimius
1436 1238 1645 1326 promisisse,
1662 1261 1699 1306 se
1719 1240 1784 1308 'da-

459 1349 572 1412 turum
587 1343 702 1410 cibum
716 1349 975 1434 permanentem
986 1342 1023 1409 in
1035 1345 1141 1412 vitam
1151 1348 1347 1424 aeternam,
1360 1342 1555 1410 noncibum
1571 1346 1631 1435 qui
1644 1353 1781 1436 pereat;

459 1450 600 1542 proinde
620 1475 637 1511 a
659 1449 763 1518 talem
781 1472 817 1518 se
836 1449 974 1518 dicebat
992 1455 1033 1517 ut
1049 1450 1152 1538 Moysi
1175 1471 1211 1516 se
1230 1454 1473 1539 praeponeret;
1489 1472 1666 1540 nunquam
1690 1453 1782 1521 enim

460 1577 560 1626 ausus
570 1561 621 1622 est
643 1560 768 1646 Moyses
788 1556 832 1624 de
846 1578 882 1624 sc
897 1555 1012 1623 dicere
1030 1557 1124 1646 quod
1136 1554 1235 1623 daret
1253 1554 1372 1623 cibum
1386 1577 1455 1623 non
1468 1556 1528 1646 qui
1545 1559 1635 1646 perit
1647 1559 1710 1627 sed
1723 1560 1783 1650 qui

458 1666 637 1755 pormanet
662 1662 698 1729 in
718 1663 833 1729 ¹vitem
854 1667 1050 1741 aeternam3
1075 1660 1211 1751 aliquid
1239 1659 1318 1751 plus
1346 1661 1409 1730 iste
1432 1662 1653 1752 promittebat
1679 1688 1782 1754 quam

457 1776 580 1857 lloyses
600 1795 616 1830 »
634 1759 738 1859 (Auq.
761 1769 837 1836 sim.
859 1768 941 1837 Bed.
967 1767 1084 1836 Tleom.
1099 1767 1188 1837 Gai.
1212 1767 1318 1854 Tol.);
1344 1767 1509 1836 maiorem
1536 1771 1652 1861 itaque
1674 1777 1782 1861 tloyse

458 1876 662 1963 dignitatem
683 1874 749 1944 sibi
772 1875 931 1943 attribuit
949 1874 1083 1965 (Gya),
1104 1874 1149 1942 ad
1174 1895 1278 1965 quam
1302 1874 1520 1964 probandam
1547 1898 1619 1945 non
1637 1878 1781 1947 edidisse

457 1982 577 2050 dicunt
590 1982 727 2069 signum
745 1983 881 2066 efficax,
905 1980 1000 2072 quod
1018 1981 1215 2071 comparari
1233 1986 1347 2072 posset
1366 1981 1465 2071 signo
1487 1983 1606 2071 lloysi3
1621 1984 1712 2053 unde
1730 1986 1781 2052 in·
1887 1980 1889 1984 ’
1948 1936 2010 2087 ἶ,

457 2090 572 2156 ferunt
585 2088 784 2156 obiicientes
802 2094 835 2156 et
851 2088 1129 2167 ¹demonstrantes
1147 2088 1260 2156 maius
1279 2088 1365 2178 qnid
1383 2110 1405 2155 a
1422 2092 1530 2177 Moyse
1551 2111 1623 2158 esse
1640 2092 1780 2181 praesti-

458 2202 529 2262 tum
544 2218 577 2262 v.
599 2203 638 2263 31
649 2192 892 2287 potresnos'tri
904 2194 1203 2265 manducaverunt
1215 2216 1346 2262 maana
1358 2195 1397 2262 in
1407 2194 1550 2280 desem,
1572 2196 1663 2265 sicut
1674 2199 1781 2290 scrip-

458 2313 530 2368 tum
543 2313 592 2368 est
603 2324 616 2368 .·
629 2324 759 2391 panem
785 2301 826 2369 de
844 2302 937 2369 coelo
959 2300 1057 2369 dedit
1075 2300 1125 2369 eis
1140 2298 1374 2386 maaducarc;
1387 2301 1432 2369 ci.
1457 2305 1609 2385 ax.·16‚e
1625 2327 1702 2372 ecce
1716 2327 1781 2392 ego

457 2408 573 2498 pluam
597 2408 695 2475 vobis
715 2429 839 2498 panem
858 2408 903 2476 dc
926 2408 1034 2491 coelo,
1050 2401 1107 2476 Ρε.Ι
1135 2413 1237 2488 tuat
1258 2427 1385 2497 panem
1404 2408 1491 2474 coeli
1502 2406 1682 2499 dedit'eis;
1698 2415 1777 2501 Sap.

417 2542 419 2546 ⁴
459 2522 575 2598 16‚20;
596 2515 722 2583 dicitur
730 2514 831 2606 panis
844 2514 889 2582 de
900 2516 1010 2603 coelo,
1024 2536 1106 2581 nam
1121 2535 1199 2581 cum
1212 2512 1434 2582 descenderet
1444 2519 1543 2583 nocte
1556 2537 1659 2609 super
1671 2524 1780 2586 castra

458 2645 527 2703 ros,
544 2621 773 2690 descendebat
781 2622 911 2712 pariter
928 2629 962 2689 et
980 2642 1063 2689 man
1078 2625 1193 2711 (Num.
1213 2620 1319 2710 11,9).
1336 2621 1440 2688 Proin
1453 2643 1493 2689 ex
1505 2643 1584 2689 aero
1601 2621 1625 2691 i.
1639 2646 1670 2690 e.
1688 2626 1780 2694 coelo

456 2729 549 2797 aerio
570 2728 777 2797 descendere
798 2723 1075 2817 concipiebatur3
1099 2726 1193 2794 unde
1221 2727 1356 2795 coelum
1377 2750 1418 2795 eo
1438 2749 1540 2795 sensu
1559 2727 1781 2798 dicitursicut

458 2857 489 2901 v.
506 2857 541 2922 g.
562 2837 713 2903 volucres
731 2835 829 2904 coeli.
845 2835 976 2906 ‚Dicunt
992 2833 1112 2924 itaque
1128 2854 1136 2901 :
1154 2832 1247 2924 quod
1262 2839 1300 2901 tu
1318 2832 1362 2902 dc
1375 2835 1526 2925 quinque
1539 2835 1688 2925 panibus
1703 2839 1780 2905 hor·

457 2941 589 3008 deaeeis
612 2942 765 3031 quinque
785 2940 894 3009 millia
910 2941 1017 3008 semel
1032 2939 1178 3024 satiasti,
1195 2939 1260 3007 hoc
1277 2940 1378 3008 valde
1397 2962 1521 3031 parum
1535 2942 1644 3010 estad
1663 2942 1728 3011 hoc
1744 2951 1780 3012 ut

456 3047 634 3115 credamus
643 3047 723 3127 tibi;
738 3048 847 3114 multo
862 3046 973 3114 maius
981 3051 1108 3135 lloyses
1120 3046 1216 3127 tecit;
1226 3053 1339 3136 patres
1349 3046 1642 3117 manducaverunt
1651 3070 1779 3119 manna

456 3140 596 3222 coelitus
614 3154 749 3236 datum,
768 3154 884 3220 cibum
903 3153 1012 3220 multo
1032 3153 1213 3220 meliorem
1231 3175 1321 3242 pane
1342 3152 1549 3236 hordeaceo,
1566 3177 1637 3222 non
1654 3157 1776 3237 semel,

456 3260 514 3329 sed
539 3283 601 3352 per
625 3259 750 3327 multos
772 3282 880 3328 annos
898 3264 932 3327 et
952 3281 1022 3327 non
1042 3259 1325 3350 quinquemillia
1347 3259 1474 3342 solum,
1490 3282 1609 3328 verum
1624 3273 1779 3332 sexcenta

455 3369 563 3436 millia
586 3373 820 3458 pugnatorum
844 3367 900 3457 (ut.
920 3369 1009 3457 Rup.
1036 3365 1113 3434 Alb.
1138 3364 1254 3432 Thone.
1269 3368 1363 3433 Iaas.
1381 3365 1482 3454 rot).
1497 3368 1598 3435 Proin
1613 3368 1778 3438 obiiciunt

455 3481 528 3543 lesu
543 3497 551 3544 :
568 3480 605 3542 tu
623 3475 688 3542 tibi
703 3475 869 3542 maiorem
884 3470 1046 3540 attribuis
1061 3472 1284 3559 dignitatem,
1301 3473 1410 3540 multo
1421 3471 1624 3542 sublimiora
1636 3477 1778 3565 promit-

454 3586 528 3649 tens
541 3581 593 3648 vis
617 3585 655 3647 ut
671 3580 737 3648 tibi
760 3579 930 3661 credatur,
951 3583 987 3646 et
1006 3579 1117 3647 multo
1140 3578 1255 3647 minus
1275 3601 1424 3670 eousque
1442 3579 1565 3660 iecisti;
1584 3582 1679 3672 quod
1694 3605 1777 3670 ergo

454 3688 590 3777 signum
605 3686 757 3754 ostendis
764 3685 881 3768 nobis,
900 3690 939 3752 ut
951 3684 1155 3753 credamus?

499 3799 582 3864 Cum
601 3794 706 3861 verba
727 3793 923 3882 Scripturas
942 3790 1140 3875 recitentur,
1166 3790 1426 3859 interlocutores
1442 3791 1512 3859 iam
1531 3815 1601 3860 non
1614 3796 1777 3863 censendi

454 3907 556 3971 erunt
570 3924 610 3968 ex
627 3900 728 3967 turba
749 3898 875 3989 plebis,
892 3897 951 3966 sed
971 3896 1090 3966 ludaei
1103 3897 1128 3965 i.
1147 3919 1178 3965 e.
1197 3896 1331 3965 scribae
1346 3898 1400 3964 vel
1413 3898 1597 3988 pharisaei.
1614 3904 1702 3969 lesus
1717 3904 1776 3992 qui

454 4008 648 4075 testimonio
661 4005 832 4096 baptistae
846 4005 1058 4074 sollemniter
1080 4009 1132 4072 est
1152 4002 1347 4071 declaratus
1366 4003 1493 4072 Messias
1510 4006 1618 4096 etqui
1638 4014 1689 4076 tot
1706 4009 1776 4077 iam

454 4115 565 4182 omnis
573 4114 708 4202 generis
721 4111 821 4199 signa
833 4111 988 4179 ediderat
1000 4133 1070 4178 non
1076 4109 1263 4200 respondet
1277 4109 1472 4201 petentibus
1483 4111 1580 4201 signa
1592 4112 1648 4203 (ct.
1659 4116 1774 4182 tlattb.

457 4227 585 4304 tot-tr,
613 4225 690 4287 Luc.
724 4218 855 4307 taso),
879 4237 999 4285 verum
1021 4217 1172 4285 ostendit
1197 4216 1291 4307 quod
1313 4216 1380 4306 ipsi
1402 4217 1582 4305 magnifice
1610 4219 1777 4288 extollunt

455 4349 670 4418 nequaquam
685 4348 757 4393 esse
771 4324 859 4392 illud
876 4323 1008 4392 donum
1026 4324 1172 4391 coeleste
1185 4323 1279 4414 quod
1298 4327 1385 4391 Deus
1399 4323 1482 4391 dare
1497 4323 1669 4393 constituit
1686 4348 1717 4392 v.
1732 4334 1775 4395 32

455 4434 546 4502 dizit
561 4455 642 4524 erqo
657 4432 705 4498 eis
719 4436 812 4500 Iesus
827 4452 839 4497 :
856 4453 976 4515 amen,
992 4453 1094 4498 amen
1109 4429 1187 4497 dico
1204 4429 1298 4501 vobis
1318 4450 1331 4495 .·
1346 4452 1417 4496 nou
1431 4431 1563 4520 Moyses
1575 4429 1669 4498 dedit
1684 4435 1775 4502 uobis

448 4565 579 4635 panem
600 4540 642 4607 de
660 4538 751 4606 coelo
773 4540 798 4608 i.
825 4561 855 4606 e.
881 4559 1007 4628 panem
1025 4538 1224 4621 coelestem,
1241 4557 1367 4626 panem
1386 4558 1507 4605 revera
1525 4539 1717 4606 venientem
1733 4542 1775 4609 do

455 4650 561 4734 coelo,
576 4647 636 4716 sed
648 4650 750 4715 Pater
764 4669 857 4714 meus
873 4646 933 4713 dot
947 4642 1175 4735 uobispanem
1189 4641 1231 4710 dc
1245 4643 1339 4712 coelo
1354 4667 1470 4712 uerum
1481 4657 1530 4715 τὸν
1544 4648 1683 4729 ἀληθινὸν
1698 4670 1774 4717 cum

455 4757 610 4846 emphasi
628 4757 665 4824 in
688 4754 756 4821 tine
783 4753 933 4843 ponitur,
951 4750 1012 4842 qui
1028 4754 1126 4841 panis
1147 4750 1221 4819 scil.
1245 4750 1288 4818 de
1310 4752 1422 4834 coelo,
1442 4752 1594 4820 coelestis
1612 4759 1663 4821 est
1677 4755 1724 4821 ita
1739 4763 1777 4824 ut

908 4879 1092 4921 ΙΗΛΒΙΝΙΛΙΙΙΆ
1108 4881 1136 4919 tlt
1152 4879 1220 4918 ΙΟΛΝ.
1239 4893 1270 4904 ·-
1287 4873 1324 4918 15.
