4116 5648
992 530 1076 577 ΙΟΑΝ.
1100 513 1235 587 ‘las-³1.
1719 512 1777 573 ΞΜ
1999 498 2016 553 t.

335 711 340 720 ·
449 689 490 737 eo
518 662 739 744 audivissent,
765 663 870 732 etiam
898 666 935 731 in
960 665 1132 733 Christum
1159 660 1359 742 crederent,
1388 662 1438 728 uti
1469 661 1492 728 l.
1512 680 1542 726 c.
1565 658 1773 729 declaratur.

493 781 617 843 lterum
642 771 761 838 asserit
784 771 955 858 originem
980 791 1078 838 suam
1101 792 1121 834 a
1146 771 1245 835 Patre
1271 775 1448 835 aeternam
1467 773 1501 835 et
1520 767 1718 834 missionem
1739 769 1775 833 in

448 888 616 967 tempore3
633 877 682 945 ita
694 879 880 969 explanans
892 874 971 963 quis
983 878 1027 944 sit
1041 881 1075 944 et
1086 873 1177 940 unde
1191 875 1235 941 sit
1249 879 1387 965 praeter
1401 874 1572 959 originem
1589 875 1775 942 humanam

281 968 296 1029 ξ·
370 1068 377 1082 .
447 1004 552 1078 quam
576 983 626 1050 illi
653 1007 689 1053 se
708 985 793 1052 scire
807 984 936 1048 iactant
954 1006 987 1050 v.
1005 989 1047 1048 29
1063 1003 1126 1070 eqo
1142 981 1212 1048 scio
1227 1003 1306 1047 earn
1321 979 1406 1068 quia
1419 980 1461 1044 ab
1477 979 1550 1068 ipso
1563 1002 1640 1046 sum
1655 994 1688 1046 et
1705 981 1776 1071 ipse

446 1112 499 1160 me
519 1089 636 1179 misit,·
653 1090 835 1158 scientiam·
853 1108 951 1156 suam
979 1088 1022 1154 de
1041 1091 1139 1154 Patre
1164 1089 1290 1176 repetit
1310 1085 1356 1153 ab
1379 1086 1513 1173 origine
1536 1107 1598 1152 sua
1619 1091 1772 1167 aPatre;

371 1272 374 1279 ,
444 1196 519 1285 παρ’
537 1202 626 1267 αὐτοῦ
642 1197 686 1265 ab
701 1218 741 1262 eo
755 1192 892 1280 genitus
909 1198 952 1282 (Τ
949 1191 1072 1284 teopt.
1091 1193 1230 1276 Bulbi,
1248 1194 1293 1259 ab
1309 1193 1401 1281 ipso,
1417 1194 1499 1282 quia
1513 1192 1606 1262 iilius
1620 1191 1663 1260 de
1675 1198 1773 1281 patre

445 1308 480 1370 ct
496 1303 666 1393 quidquid
686 1305 737 1367 est
761 1298 868 1384 tilius,
893 1302 937 1368 de
959 1300 1020 1366 illo
1044 1306 1093 1366 est
1114 1300 1212 1367 cuius
1228 1306 1278 1365 est
1306 1298 1397 1365 tilius
1414 1298 1552 1389 (alep),
1574 1299 1774 1387 unigenitus

446 1408 547 1478 Filius
558 1416 668 1478 totum
685 1407 721 1472 in
738 1429 773 1474 se
789 1410 922 1475 Patrem
941 1408 1200 1497 contemplatur
1215 1412 1251 1472 et
1264 1405 1481 1491 generatoris
1495 1406 1723 1474 substantiam
1736 1407 1773 1473 in

443 1519 582 1609 propriu
597 1518 723 1583 natura
742 1512 932 1603 depingens
946 1516 987 1579 eo
1004 1513 1108 1580 modo
1123 1516 1234 1602 ipsam
1254 1514 1351 1579 novit
1365 1534 1453 1602 quae
1466 1512 1612 1579 dicendo
1628 1513 1773 1602 exprimi

441 1645 511 1693 non
530 1627 643 1713 potest
665 1621 781 1710 (Cyr.)
798 1626 847 1705 et,¹
864 1626 903 1688 ut
920 1620 1037 1703 Thom.
1060 1620 1165 1687 dicit:
1182 1620 1294 1686 omnis
1313 1618 1465 1705 cognitio
1480 1623 1529 1685 est
1543 1640 1607 1708 per
1618 1619 1771 1709 aliquam

329 1749 335 1757 ·
443 1727 714 1806 similitudinem
726 1726 827 1794 Filius
838 1732 953 1794 autem
964 1727 1249 1816 perfectissimam
1258 1726 1367 1793 Patris
1378 1724 1640 1792 similitudinem
1653 1725 1768 1807 habet,

444 1856 522 1903 cnm
544 1833 588 1901 sit
607 1833 760 1901 eiusdem
779 1834 946 1901 essentiae
966 1839 1000 1899 et
1018 1833 1155 1899 virtutis
1174 1854 1254 1899 cum
1270 1832 1365 1922 ipso;
1381 1834 1424 1899 ab
1443 1831 1517 1922 ipso
1531 1853 1609 1899 sam
1625 1832 1772 1899 refertur

444 1942 488 2009 ad
508 1946 682 2009 aeternam
708 1941 985 2027 generationem3
1009 1940 1081 2029 ipse
1098 1962 1151 2005 me
1170 1938 1266 2006 misit
1280 1939 1434 2008 insinuat
1447 1943 1582 2007 Patrem
1595 1945 1770 2007 auctorem

443 2047 688 2116 lucarnationis
703 2045 868 2134 (stoma,
888 2047 973 2135 quia
991 2045 1096 2113 homo
1110 2047 1220 2113 factus
1233 2068 1310 2112 sum
1320 2047 1365 2113 ab
1378 2068 1419 2113 eo
1434 2046 1555 2113 missus
1566 2046 1682 2135 (Tot).

298 2234 313 2244 μ
488 2159 594 2232 Quam
614 2153 787 2220 diversum
808 2152 966 2220 effectum
986 2152 1093 2219 verba
1107 2153 1231 2220 Christi
1250 2152 1438 2220 habuerint
1452 2158 1613 2220 narratur
1627 2175 1660 2218 v.
1679 2159 1721 2221 30
1739 2159 1772 2219 et

291 2250 304 2320 ἶ
403 2268 406 2273 ’
444 2267 497 2328 31.
515 2265 555 2328 ut
569 2259 687 2328 ludaei
702 2259 842 2348 quidem
857 2261 880 2326 i.
903 2282 933 2326 e.
952 2261 1139 2349 primores,
1163 2259 1350 2348 pharisaei,
1368 2259 1559 2327 sacerdotes
1574 2258 1671 2348 (cta.
1690 2261 1770 2350 ΟΨ.

286 2388 292 2395 ·
443 2370 528 2434 Bon.
550 2369 644 2433 lans.
665 2366 768 2455 Saty.
798 2365 915 2462 Scias.)
935 2389 968 2434 v.
989 2373 1031 2433 30
1051 2365 1262 2455 quaerebant
1277 2389 1358 2456 erqo
1373 2366 1481 2453 igitur
1495 2366 1574 2433 irati
1593 2366 1688 2455 quod
1703 2366 1772 2434 ori-

442 2474 560 2560 ginem
584 2478 618 2539 et
645 2472 841 2540 missionem
862 2471 1016 2539 divinam
1035 2473 1100 2538 sibi
1120 2473 1295 2554 attribuit,
1318 2495 1395 2540 euna
1409 2471 1685 2561 apprehendere;
1707 2474 1771 2539 ali-

442 2579 553 2670 quiid
567 2579 738 2669 explicant
753 2579 796 2645 de
812 2578 1129 2666 hierosolymitanis
1145 2579 1192 2667 (v.
1209 2586 1269 2658 25;
1286 2582 1373 2669 Καρ.
1394 2578 1507 2645 Thom.
1518 2577 1628 2645 Mold.
1649 2578 1768 2666 Cori),

442 2687 479 2753 id
494 2685 587 2776 quod
606 2687 660 2752 vix
677 2686 724 2753 ad
743 2708 863 2752 eorum
882 2690 1032 2752 mentem
1052 2687 1090 2752 in
1106 2707 1138 2753 v.
1155 2692 1199 2752 26
1214 2707 1406 2774 expressam
1422 2685 1596 2768 convenit;
1615 2686 1768 2770 sienim,

442 2795 492 2860 nti
507 2793 694 2883 putabant,
712 2794 908 2882 principum
935 2814 1008 2859 non
1027 2794 1191 2860 intererat
1216 2814 1294 2860 eum
1314 2815 1454 2882 capere,
1471 2814 1534 2859 cur
1550 2791 1690 2859 tandem
1705 2792 1770 2883 ipsi

441 2898 508 2968 sibi
521 2900 700 2986 negotium
710 2900 938 2966 facesserent?
953 2900 1094 2989 insuper
1106 2899 1149 2965 de
1164 2899 1266 2965 turba
1282 2901 1412 2966 mentio
1427 2899 1466 2965 fit
1478 2905 1611 2988 postea;
1625 2912 1659 2966 et
1672 2921 1770 2966 nemo

441 3005 535 3073 misit
555 3007 593 3072 in
616 3005 718 3073 illum
740 3028 897 3090 mntem,
919 3008 1004 3095 quia
1024 3004 1178 3072 nondum
1195 3018 1335 3072 venerat
1348 3005 1434 3073 hora
1447 3006 1536 3089 eius,
1557 3026 1627 3095 qua
1640 3006 1713 3073 scil.
1730 3029 1771 3074 ex

441 3112 580 3178 consilio
599 3111 716 3178 divino
741 3112 892 3179 Christus
911 3112 1021 3179 voluit
1047 3112 1156 3193 tradi3
1179 3111 1335 3179 nondum
1360 3120 1432 3179 erat
1450 3111 1511 3178 illa
1525 3112 1626 3192 hora,
1643 3111 1687 3179 de
1701 3134 1771 3202 qua

441 3222 559 3308 postea
572 3216 659 3284 dixit
678 3239 686 3285 :
705 3240 782 3284 ecce
796 3219 1090 3308 appropinquavit
1107 3220 1195 3285 hora
1209 3219 1336 3305 (llatth.
1354 3219 1482 3305 eam).
1502 3221 1569 3286 Cur
1583 3219 1700 3309 itaque
1718 3218 1770 3286 illi

441 3346 512 3391 non
534 3324 710 3414 potuerint
737 3324 951 3414 propositum
976 3327 1132 3414 exsequi,
1156 3325 1299 3407 dicitur;
1321 3325 1446 3414 quibus
1473 3330 1588 3393 autem
1614 3325 1769 3414 impediti

441 3431 568 3498 fuerint
593 3453 664 3498 non
688 3430 901 3519 exprimitur.
920 3431 1124 3521 Plerumque
1148 3431 1282 3499 occulta
1306 3431 1432 3498 Christi
1450 3431 1602 3520 potentia
1623 3452 1681 3498 eos
1699 3453 1768 3499 esse

441 3539 617 3618 coercitos,
631 3543 669 3604 ut
683 3559 754 3604 non
770 3537 922 3605 valerent
931 3559 1010 3604 enm
1027 3537 1173 3625 aggredi
1186 3540 1340 3605 sentiunt
1356 3539 1411 3628 (cl.
1432 3537 1509 3606 Chr.
1528 3539 1605 3627 Cyr.
1621 3538 1765 3629 Theopla.

444 3643 557 3710 Titum.
592 3642 660 3711 Tol.
690 3642 798 3711 Mald.
827 3644 950 3729 Gorl.);
966 3650 1002 3710 at
1024 3645 1232 3711 miraculum
1254 3644 1373 3712 divina
1393 3645 1518 3711 virtute
1541 3646 1670 3712 iactum
1697 3667 1767 3714 esse

443 3748 557 3816 verbis
570 3750 800 3837 evangelistae
818 3772 887 3816 non
909 3750 1119 3832 continetur;
1141 3756 1300 3841 poterant
1320 3750 1371 3818 illi
1388 3751 1547 3840 impediri
1568 3750 1690 3818 timore
1705 3773 1768 3842 po-

444 3856 533 3946 puli;
550 3856 650 3924 multi
664 3858 756 3922 enim
776 3857 908 3924 Christo
927 3856 1174 3940 adhaeserunt,
1198 3879 1277 3923 cum
1297 3856 1426 3924 bonum
1443 3880 1482 3924 ac
1497 3857 1690 3926 beneficum
1706 3859 1768 3926 ha-

445 3962 589 4044 bebant,
608 3963 808 4051 praesertim
828 3985 868 4029 ex
882 3963 1059 4043 Galilaeis,
1077 3965 1137 4053 qui
1152 3963 1194 4031 ad
1220 3964 1342 4030 testum
1357 3971 1534 4032 venerant.
1554 3963 1768 4054 Quodimpe·

444 4068 634 4136 dimentum
657 4068 823 4154 assignari
838 4070 975 4136 videtur
988 4093 1019 4136 v.
1042 4076 1081 4136 31
1105 4069 1146 4136 de
1175 4070 1275 4137 turba
1297 4082 1413 4138 autem
1434 4069 1537 4136 multi
1549 4070 1768 4138 crediderunt

445 4175 587 4260 ineam,
605 4197 683 4243 ecce
704 4174 792 4241 alter
812 4177 948 4243 allectus
970 4177 1153 4244 verborum
1174 4177 1298 4245 Christi
1316 4179 1419 4266 plane
1431 4177 1639 4259 contrarius,
1657 4179 1717 4268 qui
1731 4179 1767 4245 iu

446 4281 545 4371 plebe
569 4281 716 4370 simplici
736 4281 900 4362 cernitur,
928 4283 1047 4372 utique
1067 4284 1255 4351 dicendum
1276 4286 1345 4350 erit
1364 4306 1442 4351 cum
1475 4283 1619 4374 Theopb.
1650 4305 1768 4350 corum

447 4386 630 4454 fidemnon
645 4389 746 4454 luisse
762 4389 947 4476 perfectam
962 4412 969 4469 ;
988 4403 1020 4455 et
1038 4389 1199 4456 dicebaut
1214 4413 1226 4457 :
1249 4391 1405 4458 Christus
1418 4412 1494 4457 cuna
1509 4390 1653 4472 cenail,
1670 4412 1769 4456 num·

447 4493 652 4584 quidpiam
674 4495 775 4585 siqua
795 4495 905 4584 societ
927 4518 1142 4585 praecipuae
1162 4495 1215 4562 bic
1235 4497 1352 4584 fucit?
1366 4496 1528 4563 dicuntur
1538 4494 1721 4563 credidisse
1732 4497 1770 4563 in

447 4622 542 4684 eum,
559 4601 583 4667 i.
613 4624 644 4667 e.
669 4624 747 4669 eum
769 4602 948 4688 agnovisse
975 4604 1140 4680 llcssiam;
1162 4625 1269 4691 quare
1291 4624 1409 4670 eorum
1437 4602 1540 4668 verba
1557 4604 1604 4668 ita
1623 4601 1771 4690 intelligi

448 4705 590 4789 debent,
608 4714 661 4788 ut,
679 4707 925 4798 disceptatione
938 4709 981 4775 de
997 4733 1038 4775 co
1058 4712 1091 4775 in
1108 4709 1208 4775 turba
1226 4714 1358 4792 exorta,
1380 4708 1457 4777 aliis
1471 4709 1677 4795 negantibus
1691 4731 1769 4776 eum

448 4833 519 4880 esse
530 4814 691 4896 Messinm,
702 4815 738 4880 hi
752 4814 939 4881 obiecerint
951 4815 1103 4883 dicentes
1119 4839 1127 4881 :
1146 4837 1314 4905 ponamus
1327 4838 1405 4885 eum
1422 4837 1490 4881 nou
1505 4837 1575 4882 esse
1586 4816 1769 4896 Christum,

449 4940 566 4987 verum
592 4923 620 4988 si
643 4920 795 4988 Christus
815 4921 962 4999 venerit,
986 4929 1051 4989 etc.
1074 4923 1167 4991 Unde
1186 4924 1287 4992 simul
1304 4928 1399 5014 patet
1412 4922 1496 5012 quid
1516 4921 1668 4990 indicare
1692 4922 1775 4989 velit
