4116 5648
772 569 776 586 .
814 475 816 480 ’
846 493 987 548 suasmra'
1007 493 1312 554 ruraarn'nrarroura
1436 467 1446 477 ⁸

421 641 694 728 mopsuestenus,
715 640 820 709 lulius
834 602 1211 727 episcopualsidorus,
1232 642 1395 728 cyrillus,
1415 637 1570 718 proclus,
1586 615 1746 726 Severus,
1847 602 1903 735 ‚52¹3
1924 688 1927 701 ‹

422 742 576 827 Photius,
594 748 866 835 chrysostomus,
887 744 1061 831 Origenes.
1077 787 1124 798 -
1144 745 1255 813 Aliam
1272 754 1426 828 catenam
1444 744 1553 816 edidit
1572 750 1596 811 l.
1614 752 1652 812 h.
1671 752 1748 818 Cra-

421 871 505 932 mer,
521 853 644 920 Oxonii·
657 859 755 936 rste,
773 849 869 919 cuius
889 851 1054 942 precipua
1069 875 1150 944 pars
1173 873 1212 918 ex
1233 855 1266 918 S.
1284 852 1520 940 chrysostomo
1544 854 1749 944 deprompta

417 961 486 1038 est;
507 958 643 1026 additae
669 965 749 1027 sunt
771 963 948 1046 praeterea
966 961 1097 1027 multae
1117 959 1294 1026 citationes
1312 979 1353 1024 ex
1376 959 1580 1048 Apollinari,
1603 959 1745 1048 cyrillo,
1840 976 1843 981 ’
1878 960 1927 1053 '³53

421 1063 581 1150 Origene,
594 1070 734 1147 Severo,
752 1063 930 1131 Theodoro
944 1064 1155 1134 heracleensi
1168 1069 1202 1131 et
1215 1063 1394 1132 Theodoro
1409 1070 1663 1154 mopsuesteno;
1680 1067 1748 1133 tre·
1876 1061 1921 1165 [ἶ]

422 1163 639 1259 quentissime
653 1171 816 1239 laudatur
829 1171 1030 1240 Ammonius
1048 1168 1296 1240 alexandrinae
1315 1170 1477 1268 ecclesiae
1489 1171 1679 1262 presbyter.

440 1281 508 1344 =Ex
523 1279 635 1346 latinis
653 1276 885 1346 nominandus
908 1281 959 1344 est
977 1299 1055 1346 cum
1076 1277 1179 1345 laude
1198 1277 1234 1345 S.
1253 1278 1482 1368 Auyarstimas,
1502 1278 1562 1367 qui
1582 1278 1672 1345 circa
1686 1299 1769 1351 an-,
1863 1269 1901 1353 -ἒ
1924 1336 1927 1345 .

422 1404 505 1452 num
519 1391 583 1452 tlc
602 1384 824 1470 evangelium
847 1384 1064 1453 sermonibus
1087 1384 1144 1451 vel
1159 1383 1371 1452 tractatibus·
1382 1385 1427 1452 ad
1442 1385 1608 1475 populum
1623 1383 1750 1453 habitis
1857 1418 1861 1425 ·
1925 1476 1927 1483 .

421 1493 585 1581 exposuit.
600 1488 681 1575 Agit
694 1490 836 1579 quidam
853 1491 966 1578 magis
979 1497 1095 1581 partes
1114 1490 1306 1577 dogmatici
1320 1496 1355 1559 et
1372 1490 1509 1558 ascetici
1527 1491 1748 1558 concionato-

421 1598 470 1665 ris
492 1616 597 1687 quam
618 1595 831 1687 interpretis3
852 1596 1082 1666 nihilominus
1104 1582 1371 1688 multa'prolert
1391 1600 1554 1686 exegelae
1580 1597 1745 1688 proficua.
1847 1600 1857 1616 '
1875 1592 1898 1687 13.
1918 1658 1927 1677 ,

356 1705 360 1713 “
420 1704 540 1770 Multus
553 1709 603 1768 est
620 1709 654 1769 et
669 1703 852 1772 vehemens
871 1705 908 1771 in
929 1704 1114 1773 Donatistis
1137 1703 1370 1789 revincendis,
1387 1704 1491 1772 tacito
1510 1703 1650 1771 nomine
1673 1726 1747 1771 sae·
1922 1693 1927 1752 ἶ

412 1807 496 1897 pius
509 1808 685 1895 Pelagiani
699 1812 993 1899 perstringuntur,
1012 1810 1219 1908 sententiam
1238 1811 1282 1878 de
1294 1810 1606 1902 praedestinatione
1624 1832 1749 1901 propo

418 1916 469 1981 nit
481 1914 628 1992 intrant.
640 1922 694 1982 53.
707 1923 763 1983 57.
774 1922 830 1984 81.
840 1922 884 1984 86
899 1922 979 2000 etc,
990 1917 1132 1984 Arianos
1144 1939 1284 2007 quoque
1291 1919 1485 2010 impugnat.
1497 1922 1671 1986 Tractatus
1684 1924 1748 1987 let

417 2022 590 2089 habentur
604 2025 652 2089 M.
667 2029 767 2105 35,13
777 2029 882 2090 79-19
894 2031 948 2092 76.
966 2028 1031 2091 llos
1048 2029 1215 2121 tractatus
1230 2024 1330 2114 quasi
1343 2026 1381 2092 in
1394 2023 1588 2093 breviorem
1602 2024 1745 2093 formam
1856 2028 1875 2114 '3

419 2128 574 2196 redactos
588 2129 704 2216 legere
716 2135 814 2220 potes
831 2129 869 2196 in
886 2124 1059 2218 euangelii
1074 2131 1209 2198 loannis
1224 2130 1435 2221 expositione
1449 2152 1553 2221 quam
1566 2131 1747 2198 venerabi·
1874 2131 1927 2219 χ’.

418 2233 460 2301 lis
485 2233 579 2301 Beda
600 2235 758 2326 reliquit;
776 2235 927 2303 hahetur
951 2239 999 2304 Μ.
1024 2242 1244 2320 93635338.
1263 2237 1331 2306 Sed
1354 2236 1581 2305 omittendum
1606 2259 1675 2304 non
1698 2243 1748 2304 est
1880 2218 1927 2340 ss}

418 2339 510 2431 quod
526 2343 671 2430 cornely
684 2344 839 2426 adnotat,
853 2370 870 2405 «
884 2343 1051 2433 quoniam
1071 2345 1143 2412 fere
1162 2350 1254 2411 totus
1264 2344 1530 2413 commentarius
1541 2345 1578 2412 in
1593 2348 1687 2413 loan.
1702 2344 1747 2411 ad
1909 2370 1921 2395 ··

410 2446 561 2514 ¹verbum
573 2470 652 2515 cum
666 2472 707 2517 eo
717 2450 887 2517 consentit
901 2451 962 2540 qui
975 2452 1068 2518 inter
1082 2451 1217 2520 Alcuini
1230 2474 1335 2542 opera
1349 2451 1510 2534 hahetur,
1530 2452 1620 2520 Beda
1634 2456 1746 2518 autem

417 2553 454 2621 in
467 2575 607 2627 suorum
623 2577 767 2644 operum
785 2557 943 2644 catalogo
962 2558 1057 2625 huno
1076 2545 1367 2625 commentarium
1381 2579 1451 2625 non
1469 2557 1638 2641 nominat,
1653 2557 1746 2624 haud

416 2659 590 2728 immerito
611 2660 802 2744 dubitatur,
821 2683 906 2730 num
921 2662 965 2729 ab
981 2686 1022 2730 eo
1035 2651 1080 2731 sit
1097 2663 1328 2754 conscriptus,
1343 2669 1438 2731 caret
1450 2685 1587 2753 quoque
1603 2664 1748 2754 epistola

417 2765 626 2835 dedicatoria
645 2791 750 2858 quam
774 2791 851 2836 ven.
874 2769 966 2836 Beda
986 2755 1066 2837 raro
1087 2770 1214 2837 omittit
1237 2799 1252 2831 a
1278 2770 1420 2862 (lntrod.
1442 2775 1484 2837 lll
1506 2777 1538 2837 2.
1554 2769 1608 2838 ed.
1627 2794 1662 2860 p.
1682 2777 1745 2838 306
1922 2828 1925 2833 .

409 2879 497 2941 nota
514 2874 561 2964 7).
578 2879 606 2941 Α
624 2877 736 2964 capite
748 2879 866 2944 tamen
887 2881 939 2959 13,
952 2899 974 2943 1
988 2894 1060 2966 quo·
1073 2877 1163 2945 liber
1177 2883 1288 2946 sextus
1303 2877 1396 2969 apud
1413 2878 1596 2946 Alcuinum
1610 2879 1745 2945 initium
1868 2897 1873 2903 ·
1919 2886 1926 2961 j

417 2981 625 3070 capiturque
635 2981 681 3047 ad
690 2981 796 3048 tinem
805 2987 857 3050 sat
867 3004 996 3070 magna
1005 2984 1185 3074 utriusque
1197 2983 1390 3052 differentia
1404 2990 1470 3068 est;
1482 2984 1644 3074 expositio
1654 2984 1745 3051 enirn

409 3085 527 3153 Bedae
548 3086 599 3152 ibi
620 3088 729 3154 multo
752 3087 859 3155 fusior
881 3093 942 3157 est.
958 3090 1144 3157 Alcuinum
1166 3090 1393 3181 composuisse
1409 3093 1692 3159 commentarium
1706 3113 1745 3158 ex
1872 3173 1874 3176 Α
1909 3104 1927 3181 ,1

417 3193 558 3281 epistola
577 3193 688 3260 elucet
706 3216 812 3283 quam
834 3195 880 3262 ad
896 3217 1050 3263 sororem
1074 3202 1108 3262 et
1125 3197 1232 3264 filiam
1255 3183 1407 3286 scripsit,
1423 3199 1461 3264 in
1480 3220 1547 3288 qua
1569 3197 1660 3265 inter
1679 3197 1747 3264 alia
1903 3197 1917 3225 ·'

399 3335 400 3338 ¹
417 3299 526 3367 dicit:
543 3328 559 3359 ι(
577 3299 720 3367 devotus
736 3307 935 3369 sanctorum
950 3306 1090 3370 Patrum
1107 3303 1250 3370 cellaria
1263 3325 1453 3394 peragrans
1466 3304 1636 3394 quidquid
1648 3304 1685 3371 in
1698 3306 1745 3371 eis
1869 3294 1871 3298 ¹

405 3405 570 3473 invenire
589 3405 699 3485 valui,
720 3407 820 3474 vobis
831 3407 874 3475 ad
895 3409 1107 3495 gustandum
1121 3411 1222 3478 attuli
1239 3438 1255 3472 »
1273 3410 1330 3500 (cl.
1347 3413 1394 3477 M.
1415 3411 1585 3500 water).
1603 3415 1648 3477 Ex
1662 3434 1744 3501 ope-

417 3512 513 3580 ribus
532 3518 566 3580 S.
588 3513 743 3599 Gregorii
763 3515 890 3581 multos
910 3515 1127 3602 collegerunt
1146 3516 1241 3587 locos
1256 3517 1383 3607 quibus
1397 3519 1494 3586 varia
1507 3541 1547 3585 ex·
1565 3518 1744 3605 evangelio

417 3619 528 3706 tangit
543 3626 576 3686 et
594 3619 811 3709 potissimum
826 3621 1013 3708 allegorice
1024 3623 1174 3714 explicat
1187 3623 1339 3691 Paterius
1358 3627 1417 3709 (M.
1433 3625 1697 3714 7310751086)
1712 3632 1745 3692 11

416 3725 547 3791 Alullus
568 3727 627 3814 (M.
650 3727 927 3816 *laruae-1270).
943 3729 1098 3796 Breviter
1117 3751 1250 3797 sensum
1269 3731 1454 3799 litteralem
1468 3735 1503 3799 et
1520 3732 1743 3820 allegoricum

417 3832 555 3921 exponit
568 3833 604 3898 S.
623 3836 739 3899 Bruno
752 3834 909 3917 ostensio,
927 3836 1183 3903 commentaria
1202 3837 1240 3903 in
1254 3859 1307 3905 ev.
1326 3842 1417 3906 loan.
1437 3840 1486 3906 M.
1504 3845 1740 3922 165‚t51-60t.

417 3938 519 4005 llulto
534 3938 700 4026 prolixius
715 3926 899 4030 utrumque
913 3962 1051 4008 sensum
1067 3948 1282 4010 consectatur
1297 3948 1469 4034 Repertus
1482 3944 1589 4013 abbas
1604 3945 1743 4013 tuitien-

421 4044 488 4112 sis:
505 4046 539 4110 in
556 4066 608 4111 ev.
622 4050 655 4111 S.
674 4050 767 4112 loan.
783 4047 1110 4115 commentariorum
1129 4048 1210 4115 libri
1229 4055 1286 4131 1t;
1299 4053 1347 4117 M.
1366 4057 1592 4135 1632051116
1608 4052 1742 4142 (Rup.);

418 4158 470 4218 sat
485 4150 610 4218 multae
623 4172 761 4241 quoque
775 4153 1002 4240 digressiones
1017 4153 1255 4242 dogmaticae,
1272 4157 1436 4240 morales,
1452 4159 1636 4226 historicae
1654 4158 1744 4226 inse-

417 4265 552 4324 runtur.
574 4264 619 4326 Ex
637 4260 891 4327 commentariis
904 4283 990 4350 quos
1010 4266 1153 4328 loannes
1164 4267 1282 4330 Scotus
1300 4263 1494 4355 composuit
1512 4265 1623 4333 solum
1641 4288 1743 4357 expo·

417 4364 494 4430 sitio
509 4366 544 4430 in
558 4364 742 4453 prologum
758 4371 792 4431 et
811 4366 928 4458 aliqua
946 4367 1142 4454 fragmenta
1162 4370 1329 4458 usquead
1351 4377 1466 4453 6,5-1t
1484 4371 1529 4438 ad
1547 4394 1609 4439 nos
1623 4395 1744 4463 perve-

418 4476 560 4552 nerunt;
582 4474 629 4537 M.
649 4477 886 4548 maras-Ma.

461 4583 506 4644 lle
527 4575 563 4643 b.
589 4579 720 4657 Albertr'
738 4580 855 4664 magni
873 4581 979 4670 (Alb.)
1003 4609 1019 4641 α
1045 4581 1221 4648 luculenta
1240 4583 1451 4674 expositione
1472 4613 1487 4646 o
1508 4585 1542 4652 in
1561 4609 1613 4653 ev.
1635 4592 1741 4666 loen,

419 4706 507 4774 quae
523 4682 714 4751 habeturin
725 4707 867 4775 operum
879 4687 950 4755 eius
965 4693 1060 4754 tomo
1073 4685 1270 4772 undecimo,
1283 4689 1440 4778 Lugduni
1452 4698 1549 4774 1651,
1564 4693 1656 4759 idem
1673 4693 1743 4758 le're

418 4790 604 4858 dicendum
622 4795 672 4857 est
687 4791 780 4883 quod
792 4792 834 4859 de
849 4792 921 4860 eius
934 4795 969 4861 in
986 4794 1192 4862 Matthaeum
1207 4797 1417 4888 expositione
1435 4797 1503 4866 dixi
1518 4818 1526 4864 :
1541 4820 1676 4865 sensum
1688 4799 1745 4865 lit-

418 4897 558 4965 teralem
572 4895 756 4984 diligenter
769 4899 980 4986 investigari,
999 4900 1155 4988 singulas
1169 4902 1251 4971 libri
1261 4909 1376 4994 partes
1392 4910 1485 4974 arcte
1496 4902 1588 4970 inter
1599 4926 1634 4973 se
1645 4905 1743 4992 iungi
