4050 5648
242 312 251 324 a
274 298 286 325 ἶ
309 296 381 328 ι’κὶ”·“
399 294 424 315 '¹¹
441 306 453 315 “’

211 320 288 377 ..tif
407 357 409 364 ,
478 340 480 346 ·
561 368 563 372 Α
639 359 641 362 ⁴
688 342 714 372 ,ζ
779 319 877 402 ἵζ’)

210 378 215 391 Δ
245 378 250 388 ¹
268 381 285 395 ,1
309 382 311 391 ι
400 378 403 387 ’
572 377 573 381 ’
685 378 688 383 ⁴
738 389 742 394 ,

230 386 266 429 ξι.)
298 394 305 411 Ι
335 404 338 411 ’
364 411 369 418 .
641 393 648 427 '¹
719 412 721 416 ,

209 433 218 446 ,
258 422 264 438 a
729 432 752 443 «,

937 486 1023 558 537
1024 488 1074 548 39

341 653 399 715 per
409 639 565 714 auditum,
580 629 695 703 visum,
711 630 952 708 inspirationem
965 654 993 694 v.
1007 638 1062 709 383
1079 649 1133 695 eos
1147 635 1255 692 autem
1270 634 1412 699 noluisse
1427 640 1540 701 audire
1556 655 1668 700 vocem
1767 617 1770 627 Κ

340 736 397 798 Dei
410 731 568 816 loquentis
584 737 618 793 in
634 728 805 805 Scripturis
826 738 858 793 et
877 734 910 793 in
931 733 1083 812 operibus
1107 728 1240 804 Christi,
1256 746 1360 807 neque
1379 738 1521 814 speciem
1543 739 1614 801 eius
1635 736 1668 796 in

339 835 463 897 Christo
484 831 692 913 apparentem
708 826 845 891 voluisse
866 830 990 900 videre,
1006 844 1113 907 neque
1129 829 1308 908 suscepisse
1323 829 1485 895 internam
1505 837 1545 897 ad
1561 854 1596 898 se
1612 833 1669 896 Dei

186 891 225 1009 ²5⁴³·
340 933 568 996 revelationem
591 924 643 1002 (cl.
660 923 751 1005 Fit.);
773 928 920 989 similiter
945 936 1069 1004 praeter
1092 924 1154 985 alia
1181 925 1286 987 Tiora.
1312 945 1322 985 :
1347 933 1532 995 ostenditur
1554 934 1670 1014 triplex

339 1030 540 1103 modusque
563 1024 646 1082 Deus
670 1022 790 1103 aliquid
814 1022 971 1084 revelatur
991 1024 1085 1085 alicui
1111 1019 1217 1103 (Cain)
1237 1024 1296 1085 Vel
1316 1024 1479 1090 Christum
1503 1030 1590 1115 loqui
1611 1049 1670 1110 per

338 1128 469 1188 modum
483 1121 722 1183 concessionis:
742 1124 978 1182 Patertestatus
993 1127 1043 1182 est
1057 1121 1097 1180 de
1112 1135 1179 1192 me;
1197 1122 1301 1183 lateor
1319 1140 1375 1182 vos
1390 1124 1460 1185 eius
1475 1145 1590 1189 vocem
1604 1145 1670 1190 non

338 1219 499 1284 audivisse
514 1222 591 1291 etc.;
608 1219 656 1280 vel
669 1238 726 1298 per
741 1217 1015 1294 increpationem:
1033 1233 1144 1278 vocem
1162 1219 1272 1280 audire
1288 1211 1438 1281 uoluistis
1453 1238 1594 1302 eumque
1610 1224 1669 1285 mi·

337 1319 424 1379 nime
439 1317 631 1395 cognoscitis
645 1317 698 1395 (cl.
715 1313 829 1392 Patr..)
849 1314 910 1374 Alii
926 1315 1059 1376 demum
1075 1311 1157 1393 (Tot.
1180 1314 1281 1396 Cart.)
1296 1324 1464 1379 recurrunt
1479 1320 1668 1398 explicatio·

185 1392 211 1496 ,ἷί
231 1432 242 1462 '—
337 1415 387 1474 nis
401 1414 502 1494 mutia
518 1416 558 1476 ad
574 1417 664 1475 Deut.
681 1412 828 1484 18,15·19
845 1427 851 1468 :
869 1413 1022 1490 populum
1037 1412 1100 1472 iam
1120 1429 1186 1473 non
1200 1414 1389 1476 auditurum
1407 1434 1518 1478 vocem
1540 1418 1670 1479 Domini

239 1575 241 1581 ,
336 1528 397 1573 nec
413 1513 556 1575 visurum
576 1513 645 1573 eius
660 1508 952 1570 manifestationem
969 1527 1027 1589 per
1040 1508 1147 1589 iulgur
1161 1515 1194 1571 et
1215 1512 1338 1591 ignem,
1356 1513 1412 1575 sed
1430 1515 1603 1576 Dominum
1622 1516 1669 1577 eis

250 1590 256 1672 s
305 1607 307 1610 ’
337 1611 514 1673 missurum
527 1609 733 1688 propbetam;
749 1607 919 1667 Dominum
939 1623 1081 1668 servasse
1098 1612 1243 1685 pactum;
1257 1592 1346 1688 ipsos
1361 1612 1496 1673 minime
1511 1630 1668 1689 servasse,

336 1710 411 1787 quia
423 1706 598 1788 prophetae
613 1722 632 1774 a
646 1704 779 1766 Domino
793 1704 893 1765 misso
908 1723 972 1766 non
987 1704 1164 1766 crederent.
1182 1706 1243 1767 Sed
1259 1724 1416 1784 quorsum
1432 1710 1512 1773 baec
1524 1712 1585 1773 hoc
1600 1711 1668 1774 loco

337 1807 524 1885 allegentur,
541 1800 691 1880 equidem
706 1818 771 1863 non
784 1801 886 1863 video.
902 1803 1001 1882 Magis
1016 1803 1146 1864 obvium
1162 1804 1310 1881 estquod
1326 1805 1423 1867 babet
1437 1805 1538 1871 Catm.
1553 1827 1669 1871 :occu-

336 1903 405 1983 pari
425 1901 663 1962 obiectionem:
688 1900 767 1960 illud
792 1915 831 1960 ne
850 1900 979 1962 obiicite
1001 1919 1008 1960 :
1027 1906 1144 1961 testem
1166 1900 1253 1961 bunc
1274 1918 1373 1980 quem
1395 1904 1560 1981 praedicas
1582 1925 1667 1968 nun·

337 2016 432 2079 quam
444 1998 600 2071 vidimus,
613 1997 797 2058 audivimus
809 2000 987 2075 nunquam!
1004 1998 1182 2059 Obiectioni
1192 1999 1319 2060 obviam
1330 2001 1376 2060 ire
1392 2001 1555 2064 Christum
1569 2004 1668 2065 etiam

236 2167 240 2174 ¹
339 2094 412 2158 Cirr.
429 2101 559 2157 censet:
576 2119 592 2149 «
608 2112 648 2156 ne
668 2095 773 2173 itaque
789 2094 932 2156 dicerent
952 2097 1054 2157 Deum
1072 2097 1171 2175 ltoysi
1186 2097 1332 2158 locutum
1347 2115 1417 2160 esse
1438 2098 1512 2179 (boc
1526 2118 1669 2180 namque

339 2193 517 2273 dixerunt),
535 2193 622 2254 bunc
642 2198 751 2253 autem
766 2194 945 2267 nescimus,
962 2193 1049 2254 unde
1071 2195 1128 2266 sit,
1145 2211 1251 2272 neque
1268 2212 1383 2256 vocem
1402 2214 1507 2276 neque
1526 2200 1668 2278 speciem

337 2293 455 2353 babere
470 2292 572 2351 Deum
584 2291 698 2351 asserit
714 2314 742 2347 ».

383 2443 516 2509 Dixerat
525 2464 583 2509 eos
595 2464 665 2508 non
676 2441 804 2509 bebere
814 2440 957 2508 verbum
969 2441 1027 2508 bei
1039 2442 1118 2509 inse
1131 2463 1285 2510 manens.
1300 2444 1335 2510 ld
1352 2445 1421 2512 iam
1431 2447 1555 2536 probat
1565 2449 1669 2538 plane

338 2572 455 2617 verum
476 2571 546 2616 esse
559 2549 715 2639 quamvis
728 2547 861 2615 assidue
876 2554 910 2615 et
921 2549 1117 2615 minutatim
1134 2571 1246 2617 sacras
1263 2549 1396 2619 litteras
1407 2561 1617 2638 scrutentur,
1633 2577 1666 2623 v.

338 2663 380 2723 39
399 2655 602 2722 scrutamini
613 2655 808 2745 Scripturas
820 2655 904 2745 qaia
919 2678 977 2722 vos
989 2657 1122 2745 putatis
1137 2655 1175 2722 in
1190 2656 1274 2747 ipsis
1289 2658 1398 2726 vitam
1412 2662 1670 2729 0111101010-

338 2765 433 2844 bere,
455 2771 610 2850 ἑρευνᾱτε,
631 2761 834 2828 scrutamini
851 2784 921 2828 nou
941 2769 990 2829 est
1007 2762 1247 2852 imperativus,
1268 2764 1329 2832 sed
1350 2766 1555 2836 indicativus
1571 2769 1667 2859 (Cyr-

338 2870 409 2938 Tol.
427 2868 515 2936 Corl.
528 2868 632 2957 Saty.
646 2866 746 2935 Sclrz.
762 2866 846 2956 Fit.)
858 2923 865 2949 ,
879 2869 965 2935 sicut
980 2876 1093 2935 cetera
1105 2869 1212 2937 verba
1226 2872 1264 2936 in
1276 2871 1341 2938 bac
1355 2873 1519 2964 pericopa
1532 2875 1568 2940 in
1581 2875 1670 2943 indi·

338 2977 450 3045 cativo
462 2981 557 3056 sunt,
571 2975 632 3065 qui
646 2974 768 3041 modus
779 2973 878 3041 unice
889 2997 1026 3064 quoque
1038 2975 1082 3042 ad
1092 2975 1295 3043 senteutiam
1307 2977 1476 3046 adiectam
1489 2985 1667 3069 congruit:

339 3085 489 3175 quiavos
497 3081 639 3172 putatis3
651 3102 733 3167 ergo
742 3080 949 3169 indicatque
960 3081 1123 3171 opinione
1133 3082 1258 3149 imbuti
1268 3083 1453 3172 diligenter
1461 3094 1667 3156 scrutentur.

337 3191 373 3258 Si
392 3189 550 3256 voluisset
569 3186 759 3271 exhortari,
781 3186 901 3254 debuit
916 3186 1056 3254 dicere:
1078 3189 1160 3277 quia
1178 3189 1214 3255 in
1234 3190 1303 3256 illis
1321 3197 1373 3257 est
1391 3192 1478 3274 vita,
1498 3199 1533 3261 et
1550 3195 1671 3263 debuit

340 3298 453 3364 dicere
472 3296 507 3361 in
529 3318 561 3361 v.
582 3301 625 3361 10
646 3316 655 3358 :
676 3298 709 3360 et
728 3293 841 3359 venite
859 3294 904 3360 ad
922 3315 989 3359 mc.
1011 3298 1126 3383 Neque
1142 3317 1227 3384 opus
1244 3303 1319 3363 erat
1335 3297 1414 3365 illos
1432 3301 1606 3369 exhortari
1625 3303 1669 3370 ad

339 3402 579 3476 scrutandum,
595 3422 714 3467 verum
729 3399 928 3466 addendum
942 3406 1032 3482 erat,
1048 3400 1077 3467 si
1101 3401 1258 3468 voluisset
1273 3404 1468 3488 adhortari,
1487 3412 1523 3473 ut
1536 3407 1670 3479 abiecta

338 3509 502 3599 superbia
515 3511 751 3574 scrutarentur
763 3505 833 3596 pie,
851 3528 933 3572 nam
950 3505 1192 3574 traditionibus
1206 3507 1275 3576 illis
1288 3510 1480 3579 scribarum
1496 3520 1531 3581 et
1548 3515 1668 3605 phari·

340 3636 498 3684 saeorum
511 3614 593 3680 satis
608 3616 753 3703 apparet
768 3633 873 3701 quam
889 3612 1084 3679 minutatim
1100 3619 1134 3680 et
1148 3636 1303 3703 perverse
1317 3619 1460 3685 scrutati
1473 3619 1541 3687 sint
1555 3621 1669 3712 impo-

341 3729 460 3790 nentes
475 3743 579 3787 onera
594 3717 827 3808 importabilia
842 3718 878 3784 in
892 3719 1054 3785 humeros
1067 3720 1243 3788 bominum
1259 3723 1390 3810 (liatth.
1408 3731 1500 3805 23,t.
1516 3732 1594 3795 Luc.
1613 3737 1665 3814 11,

342 3830 397 3919 to)
422 3834 456 3895 et
475 3824 632 3916 Iosephus
652 3847 789 3915 quoque
811 3826 1010 3914 pharisaeos
1031 3833 1130 3893 vocat
1147 3837 1215 3908 τεὺς
1238 3836 1397 3911 δοκοῦντας
1419 3837 1494 3917 μετὰ
1518 3838 1668 3923 ἀκριόείας

343 3942 513 4023 ἐξηγεῖσθαι
527 3937 563 4000 τὰ
578 3939 688 4015 νὸμιμα
707 3931 803 4018 (Bell.
827 3931 897 3998 iud.
921 3937 990 4012 2,8.
1011 3933 1130 4011 11;01.
1153 3934 1267 4024 Antiq.
1291 3943 1379 4018 tw.
1401 3941 1445 4024 lt).
1465 3944 1669 4009 Seruianiul·

340 4050 454 4112 autem
466 4065 506 4107 co
519 4038 634 4119 modo,
646 4037 729 4127 quia
739 4037 947 4127 suspiciatis,
966 4067 981 4098 a
992 4060 1061 4104 non
1070 4037 1153 4105 dicit
1163 4039 1307 4122 habetis,
1320 4044 1381 4109 sed
1389 4047 1667 4142 putatisbabere‚

340 4148 522 4219 ostendens
533 4145 610 4211 illos
625 4165 695 4209 non
710 4143 853 4232 obsequi
868 4143 927 4210 sed
946 4167 986 4210 ex
1001 4144 1073 4210 sola
1090 4144 1233 4213 lectione
1248 4147 1423 4235 gloriari»
1442 4152 1563 4243 (cta).
1582 4160 1669 4223 Haec

341 4257 408 4324 dici
421 4279 441 4324 a
454 4255 587 4323 Christo
600 4251 635 4317 in
649 4249 789 4318 modum
803 4250 1087 4339 reprehendentis
1103 4274 1110 4319 :
1124 4275 1181 4318 uos
1193 4247 1361 4342 putatis...
1377 4258 1500 4326 merito
1515 4270 1669 4330 asserunt

344 4364 421 4432 ctr.
442 4368 527 4452 [lup.
550 4356 657 4426 Mald.
675 4355 798 4441 scta,
812 4356 880 4431 illis
895 4357 1026 4425 credita
1044 4365 1143 4425 erant
1160 4360 1296 4450 eloquia
1313 4364 1370 4429 bei
1391 4363 1502 4452 (Rom.
1525 4370 1616 4458 3,2);
1635 4375 1670 4437 at

342 4472 428 4537 sicut
442 4471 526 4536 lalso
540 4476 575 4533 et
587 4486 672 4531 vane
687 4463 752 4529 sibi
768 4464 1014 4553 promittebant
1027 4466 1172 4533 salutem
1187 4489 1226 4533 ex
1245 4469 1380 4557 origiue
1394 4471 1665 4558 abrahamitica,

344 4577 391 4643 ita
405 4578 440 4643 in
455 4577 534 4665 ipsis
548 4570 731 4663 scripturis
745 4570 769 4636 i.
785 4593 815 4637 e.
832 4572 869 4639 in
881 4595 1000 4640 earum
1013 4573 1221 4663 possessione
1233 4576 1300 4642 sibi
1312 4576 1382 4644 iam
1395 4580 1514 4647 <latum
1530 4604 1601 4649 esse
1616 4582 1668 4651 ius

345 4683 508 4751 advitam
523 4689 698 4749 aeternam
715 4678 963 4748 existimabant.
979 4680 1031 4747 bd
1044 4702 1146 4768 quam
1162 4683 1419 4771 perversitatem
1432 4709 1493 4753 sua
1505 4710 1668 4777 pervene-

346 4791 414 4856 rint
427 4790 634 4854 scrutatione
647 4787 745 4853 docet
758 4784 929 4874 apostolus
944 4812 951 4852 :
966 4788 1163 4874 ignorantes
1174 4789 1265 4856 enim
1278 4791 1441 4858 iustitiam
1455 4795 1512 4859 Dei
1523 4802 1557 4861 et
1568 4818 1666 4865 suam

346 4902 548 4986 quaerentes
566 4901 713 4961 statuere
732 4892 877 4957 iustitiae
898 4897 952 4994 [lei
973 4916 1040 4960 non
1059 4901 1138 4961 sunt
1162 4897 1305 4964 subiecti
1326 4897 1435 4985 (Rom.
1460 4905 1562 4988 lou).
1586 4905 1666 4972 [lein
