4050 5648
263 510 375 574 tutum
392 501 517 573 nihil-a
535 492 946 594 ludaeis'perpessurum3
959 524 1106 595 superno
1119 506 1213 571 euim
1225 503 1368 572 consilio
1380 526 1414 570 se
1431 509 1514 593 pati,
1531 508 1586 587 vel

263 633 336 679 non
354 608 426 697 pati
453 611 579 705 sicuta
600 611 799 696 praesentia
820 612 873 677 vel
893 609 1048 679 absentia
1066 610 1152 676 lucis
1172 610 1360 700 dependet,
1379 618 1416 678 ut
1433 610 1587 681 homines

199 742 201 746 ·
262 715 403 784 videant
420 725 480 787 aut
498 737 566 785 non
581 713 721 784 videant
741 715 899 808 (spolia.
916 716 951 782 in
971 724 1036 785 cat.
1052 716 1167 805 Cord.)
1189 738 1220 782 v.
1235 723 1254 782 9
1270 717 1444 807 respondit
1461 722 1555 785 Iessos
1575 741 1587 783 .·

262 843 376 890 nonae
389 822 570 892 duodecim
581 835 661 890 sunt
669 824 775 892 torae
785 821 878 888 diei?
887 845 908 889 a
918 823 999 891 solis
1009 827 1086 889 ortu
1097 822 1140 889 ad
1149 844 1303 890 occasum
1320 824 1589 893 numerabantur

261 928 368 996 horae
379 928 578 1009 duodecim
597 930 713 998 variae
731 927 914 997 duratione
933 927 1122 996 secundum
1141 928 1275 995 varium
1290 929 1372 995 anni
1392 938 1541 1021 tempus;
1559 931 1590 997 si

261 1035 339 1123 quis
361 1033 589 1104 ambulaverit
610 1035 649 1103 in
668 1033 740 1118 die,
758 1034 891 1102 etiamsi
908 1035 946 1101 in
961 1034 1082 1102 ultima
1101 1035 1203 1114 hora,
1225 1057 1296 1100 nou
1314 1034 1480 1124 offendit,
1502 1038 1588 1126 quio

261 1136 486 1211 tmem'tuiza
499 1141 624 1210 mandi
640 1138 752 1221 uidet,
768 1164 801 1208 v.
822 1147 862 1208 13
875 1143 908 1208 si
917 1153 1033 1208 uatem
1048 1140 1274 1208 ambulaverit
1292 1140 1329 1207 ia
1343 1157 1458 1223 nocte,
1471 1144 1588 1232 osseu-

260 1248 324 1332 dit,
340 1248 424 1340 quio
436 1246 499 1315 luc
512 1268 584 1318 aon
598 1247 695 1314 estin
707 1266 768 1331 eo,·
782 1269 844 1336 per
858 1247 951 1315 diem
966 1246 1146 1315 ambulare
1159 1253 1270 1314 tutum
1283 1253 1333 1314 est
1345 1249 1478 1339 (Hesp),
1496 1250 1587 1317 unde

260 1353 428 1445 quamdiu
443 1376 507 1444 pro
523 1376 578 1422 me
596 1352 671 1420 dies
686 1358 751 1437 est,
769 1353 938 1443 quamdiu
957 1354 1100 1421 consilio
1119 1353 1236 1420 divino
1257 1362 1291 1421 et
1314 1377 1389 1422 mea
1413 1355 1586 1424 voluntate

261 1459 547 1529 mihivivendum
563 1464 633 1541 ost,
645 1458 737 1526 nihil
755 1480 778 1527 a
795 1468 892 1550 parte
908 1459 1183 1528 adversariorum
1199 1459 1406 1543 timendum,
1423 1463 1484 1529 etsi
1502 1462 1586 1530 insi-

261 1567 336 1634 dias
350 1566 553 1647 moliantur3
565 1587 647 1633 nam
662 1565 832 1657 quamdiu
845 1565 904 1635 lux
918 1565 1029 1648 adest,
1047 1566 1289 1634 offendiculum
1306 1567 1413 1634 videri
1429 1574 1538 1658 potest
1553 1575 1586 1636 et

260 1673 395 1753 evitari,
407 1694 450 1740 ue
464 1672 525 1762 qui
536 1670 705 1756 ambulat,
722 1671 1053 1762 inilludimpingat.
1070 1677 1171 1741 Nocte
1186 1674 1304 1763 utique
1319 1675 1356 1741 in
1372 1675 1584 1743 obstaculum

260 1778 528 1869 otlanditpede3
548 1779 597 1846 ita
620 1783 714 1846 lesus
738 1778 843 1845 etiam
863 1784 1021 1869 tempore
1043 1779 1210 1870 passionis
1232 1785 1267 1846 et
1288 1781 1405 1847 mortis
1425 1804 1460 1848 se
1481 1781 1586 1849 tradit

258 1886 418 1975 potestati
437 1884 729 1977 adversariomm3
744 1885 835 1952 vitae
849 1907 930 1953 suae
945 1892 1099 1976 tempore
1111 1886 1295 1976 praeterito
1308 1888 1377 1954 iam
1396 1911 1465 1954 non
1483 1888 1586 1956 evitat

260 1992 454 2081 periculum
465 1990 533 2059 sibi
544 1991 691 2074 instans,
708 1989 796 2061 sicut
814 1991 876 2081 qui
897 1991 933 2058 in
949 1998 1047 2060 nocte
1059 1992 1205 2075 incedit,
1223 1993 1373 2082 offendit
1385 1993 1487 2084 pede,
1503 1995 1586 2085 quio

260 2097 322 2165 lac
341 2120 411 2165 aon
430 2112 478 2166 est
494 2099 531 2165 ia
552 2120 607 2183 eo,
627 2097 787 2166 solis-lux
807 2097 963 2181 cessavit,
978 2100 1052 2189 ipse
1066 2121 1135 2165 non
1152 2098 1258 2166 habet
1274 2099 1312 2166 in
1331 2123 1365 2167 se
1390 2101 1497 2168 lucem
1519 2124 1586 2191 qua

258 2205 351 2271 viam
360 2204 426 2272 sibi
436 2203 588 2273 lucidam
596 2203 734 2286 reddat;
746 2225 829 2272 nam
839 2205 946 2272 homo
959 2212 1089 2272 nonest
1102 2205 1168 2272 sibi
1177 2207 1243 2296 ipsi
1252 2207 1326 2273 fons
1340 2207 1436 2297 quasi
1445 2212 1479 2274 et
1486 2222 1587 2297 causa

258 2309 412 2379 luminis.
436 2341 452 2372 s
478 2310 572 2380 Sicut
591 2310 709 2401 itaque
732 2310 790 2380 lux
812 2310 883 2378 diei
905 2333 976 2378 non
990 2309 1143 2390 deficiet,
1160 2312 1228 2379 nisi
1251 2314 1345 2402 prius
1367 2313 1585 2382 constitutum
1666 2326 1669 2331 '

258 2423 393 2507 tempus
404 2416 613 2507 impleverit,
630 2418 681 2486 ita
690 2416 767 2485 fieri
785 2418 923 2507 nequit,
940 2422 979 2485 ut
989 2439 1105 2485 meum
1120 2417 1237 2486 lumen
1257 2441 1277 2484 a
1293 2419 1424 2486 ludaeis
1443 2419 1586 2488 tollatur

260 2530 320 2592 aut
337 2525 550 2606 obscuretur,
571 2525 773 2615 priusquam
797 2523 843 2591 ad
868 2523 1128 2592 convenientem
1151 2547 1191 2591 ac
1216 2523 1370 2591 debitum
1392 2525 1584 2593 humanita-

255 2630 300 2698 tis
311 2631 451 2698 modum
459 2629 633 2698 devenerit
645 2657 662 2693 a
675 2632 799 2720 (Gya).
814 2630 978 2721 Discipuli
988 2630 1031 2697 de
1042 2630 1190 2720 periculo
1202 2635 1276 2697 lesu
1287 2631 1425 2698 instanti
1438 2630 1584 2721 loquun-

258 2740 326 2804 tur.
341 2736 394 2803 nd
417 2736 484 2805 hoc
502 2758 587 2824 ergo
604 2735 846 2827 respondetur.
865 2742 911 2805 De
929 2759 991 2804 suo
1013 2736 1166 2827 periculo
1189 2737 1276 2804 nihil
1301 2739 1459 2805 innuunt.
1475 2743 1583 2817 Quare

257 2864 329 2910 non
348 2865 434 2934 opus
515 2844 688 2935 explicare
708 2865 799 2932 :ego
818 2866 895 2911 sum
921 2843 1005 2927 dies,
1021 2844 1096 2929 lux,
1114 2845 1277 2934 quamdiu
1295 2844 1468 2912 vobiscum
1489 2867 1581 2928 sum,

257 2949 324 3016 tuti
349 2949 460 3033 eritis,
479 2971 505 3017 n
526 2972 550 3016 11
566 2949 761 3033 offendetis3
788 2971 844 3017 me
863 2954 980 3018 autem
1002 2949 1134 3032 ablato,
1152 2951 1270 3040 utique
1294 2951 1472 3018 offendetis
1491 2953 1583 3042 peri-

256 3055 337 3122 culo
358 3055 501 3146 expositi
520 3055 613 3146 (etr.
640 3059 721 3147 ΟΨ.
742 3057 863 3146 dap).
875 3056 1008 3125 Sufficit
1023 3057 1203 3148 explicatio
1215 3057 1310 3146 prior
1321 3058 1373 3146 (cf.
1392 3058 1460 3124 Tot.
1472 3058 1580 3127 stlald.

256 3166 352 3230 Patr.
369 3161 459 3231 Corl.
477 3161 604 3249 Selia).
624 3162 742 3237 ,Varias
756 3162 1059 3254 interpretationes
1072 3165 1148 3232 vide
1163 3164 1256 3255 apud
1276 3167 1365 3232 laus.
1387 3167 1470 3255 Lup.
1487 3169 1581 3244 Bam,

256 3291 343 3359 quas
366 3270 494 3336 referre
513 3291 599 3360 opus
613 3291 684 3337 non
699 3274 760 3337 ost.

304 3379 354 3443 lta
372 3375 620 3466 discipulorum
631 3376 730 3466 quasi
743 3375 935 3444 obiectione
946 3382 1080 3443 remota
1092 3377 1204 3466 aperit
1220 3378 1269 3444 eis
1283 3401 1343 3445 cur
1359 3378 1393 3444 in
1408 3379 1583 3467 regionem

123 3471 141 3542 J
259 3481 404 3550 Iudaeae
419 3504 459 3548 ex
476 3486 604 3550 Peraea
621 3481 733 3550 iturus
751 3482 794 3550 sit
809 3506 842 3550 v.
861 3489 899 3550 11
916 3481 1059 3551 hascoit
1071 3484 1440 3574 etpostltoecclixiteis
1451 3509 1463 3550 .·
1475 3488 1583 3552 loza-

253 3611 312 3655 rus
325 3588 457 3656 amicus
465 3601 579 3657 noster
592 3587 722 3656 dormit
735 3597 911 3675 κεκοίμηται
926 3588 1089 3657 dormivit
1100 3597 1133 3657 et
1147 3613 1267 3658 somno
1287 3593 1416 3681 sopitus
1431 3599 1576 3672 tenetur,

255 3695 316 3763 secl
330 3694 417 3762 vado
438 3708 475 3762 ut
502 3718 525 3763 α
541 3717 661 3763 somno
681 3697 826 3763 excitem
840 3716 939 3781 eum,·
953 3695 1112 3788 discipuli
1127 3720 1195 3765 non
1219 3698 1403 3765 attendisse
1423 3698 1581 3766 videntur

255 3803 319 3870 nisi
334 3803 429 3892 prius
437 3803 604 3869 sermonis
616 3801 810 3869 membrum
825 3808 858 3869 et
872 3803 1089 3870 solumverhi
1103 3826 1244 3886 sonum;
1260 3812 1293 3871 et
1309 3804 1478 3871 desiderio
1491 3806 1582 3895 capti

254 3931 297 3977 ne
319 3910 482 3977 Dominus
499 3908 626 3977 iterum
649 3907 753 3976 vadat
773 3909 809 3975 in
830 3908 1008 3991 Iudaeam,
1024 3909 1138 3977 statim
1159 3918 1299 3978 monent
1321 3912 1388 3978 iam
1409 3934 1478 3978 nou
1497 3934 1582 4000 opus

255 4038 325 4083 esse
344 4015 487 4083 adeum
508 4015 700 4084 sanandum
716 4019 753 4086 ut
772 4014 839 4082 iter
852 4014 942 4084 illud
960 4016 1184 4103 aggrediatur
1199 4040 1231 4084 v.
1258 4025 1299 4083 12
1314 4017 1478 4084 dicerunt
1499 4040 1582 4107 erqo

256 4122 419 4213 discipuli
427 4123 501 4189 eius
512 4145 526 4188 .·
536 4123 696 4205 Domine,
710 4122 742 4190 si
751 4121 892 4209 dormit,
906 4120 1021 4189 salom
1031 4123 1118 4209 erit‚·
1135 4153 1150 4185 n
1163 4125 1250 4190 solet
1260 4125 1350 4190 enim
1363 4147 1432 4191 esse
1445 4146 1584 4190 somnus

255 4229 509 4317 aegrotantium
523 4230 640 4297 salutis
660 4230 828 4298 indicium
845 4256 861 4291 a
888 4229 1027 4319 (lup.);
1046 4229 1134 4297 nihil
1154 4232 1259 4318 igitur
1281 4230 1397 4297 adesse
1420 4230 1579 4319 periculi,

255 4360 374 4404 verum
397 4359 490 4426 spem
512 4337 767 4426 recuperandae
784 4335 921 4418 salutis;
943 4344 1046 4426 atque
1070 4337 1148 4404 ideo
1169 4360 1235 4404 non
1256 4360 1327 4404 osse
1348 4338 1529 4419 rationem,
1546 4345 1583 4404 ut

256 4444 411 4533 periculo
424 4448 558 4511 lesusse
568 4443 697 4510 inserat
711 4443 828 4534 (Rup.)
841 4443 937 4510 etita
953 4446 1061 4509 lesum
1075 4443 1251 4510 abitinere
1263 4442 1427 4533 impedire
1442 4444 1578 4511 student

258 4549 350 4638 (cur.
382 4549 496 4617 Ttom.
521 4549 615 4639 eta).
634 4553 706 4618 Una
727 4550 788 4619 illa
810 4549 1019 4637 cogitatione
1038 4573 1070 4616 v.
1089 4556 1109 4617 8
1131 4573 1285 4640 expressa
1302 4551 1401 4619 defixi
1423 4551 1580 4640 discipuli

256 4678 326 4722 non
339 4657 549 4747 percipiunt,
566 4656 661 4746 quod
675 4657 914 4747 planissimum
930 4660 1045 4723 tamen
1064 4661 1147 4740 erat,
1166 4662 1274 4725 lesum
1294 4680 1360 4725 non
1378 4679 1471 4748 posse
1484 4657 1578 4747 loqui

256 4762 299 4830 de
314 4784 450 4846 somno,
468 4764 614 4832 alterum
629 4763 824 4831 membrum
838 4786 922 4855 prae
935 4761 995 4829 illa
1006 4765 1312 4855 praeoccupatione
1324 4765 1419 4855 quasi
1434 4787 1502 4831 non
1517 4787 1578 4831 au-
