4050 5648
826 521 906 567 roan.
931 507 1085 578 tnta-14.

296 659 370 726 vult
391 661 484 729 enim
499 685 555 729 eos
571 678 637 725 non
653 654 763 722 solum
778 656 960 737 consolari,
978 658 1035 725 sed
1052 661 1218 746 quantum
1236 657 1309 723 sieri
1323 669 1434 749 potest
1448 663 1615 749 gaudium

295 785 395 834 suum
415 787 561 855 suosque
587 761 694 829 animi
716 785 831 831 sensus
857 765 892 829 in
913 783 1030 830 eorum
1051 766 1183 830 animos
1196 761 1486 837 abundantissime
1505 778 1616 836 trans-

293 871 455 953 sundere,
472 870 517 935 cl.
543 874 655 948 15‚11.
681 871 803 938 Christi
821 866 983 957 gaudium
1003 871 1155 956 prolecto
1172 869 1260 936 illud
1275 875 1431 960 estquod
1444 900 1483 942 ex
1495 876 1615 944 intima

292 1001 372 1046 cum
396 982 494 1042 Patre
514 975 642 1042 unione
663 976 795 1059 haurit,
817 974 908 1067 quod
931 974 1080 1039 humana
1102 978 1174 1042 eius
1197 983 1320 1042 natura
1348 999 1388 1043 ex
1414 981 1613 1064 dilectione,

291 1081 519 1175 protectione,
544 1080 796 1166 glorificatione
821 1082 927 1150 Patris
946 1080 1105 1170 percipit,
1128 1106 1196 1172 quo
1216 1082 1349 1149 animus
1370 1085 1441 1151 eius
1454 1090 1617 1178 impletur

291 1187 373 1278 quia
387 1207 475 1276 opus
488 1208 509 1252 a
520 1191 616 1255 Patre
631 1188 876 1256 demandatum
892 1187 936 1254 ad
952 1184 1058 1252 Patris
1068 1187 1216 1270 gloriam
1229 1196 1263 1255 et
1277 1189 1422 1257 salutem
1436 1193 1615 1263 hominum

290 1299 341 1359 est
361 1299 671 1361 consummaturus.
696 1295 797 1360 lluius
820 1293 935 1382 itaque
956 1291 1072 1379 gaudii
1094 1294 1145 1358 sni
1168 1295 1351 1384 participes
1375 1298 1519 1366 reddere
1544 1304 1617 1369 vult

291 1398 493 1487 discipulos,
512 1408 549 1467 ut
573 1406 607 1467 et
625 1400 688 1489 ipsi
712 1399 886 1486 gaudeant
905 1399 948 1466 de
970 1421 1031 1466 sua
1052 1420 1130 1463 cum
1150 1404 1246 1468 Patre
1268 1408 1302 1468 et
1321 1403 1451 1472 Christo
1470 1407 1612 1489 unione,

289 1510 327 1572 ut
341 1504 519 1593 gaudeant
530 1505 573 1573 de
587 1505 772 1571 dilectione
789 1511 824 1571 et
840 1506 1046 1594 protectione
1067 1527 1171 1593 quam
1188 1511 1285 1573 Pater
1304 1509 1344 1574 iis
1356 1511 1493 1580 abunde
1508 1514 1613 1601 largi-

288 1617 356 1694 tur,
373 1617 411 1681 ut
426 1611 573 1680 maxima
587 1611 781 1691 alacritate,
803 1611 981 1678 securitate
999 1632 1071 1677 sese
1086 1614 1269 1699 accingant
1283 1614 1327 1680 ad
1340 1638 1426 1705 opus
1439 1619 1504 1686 sibi
1520 1643 1613 1687 com·

288 1719 431 1786 missum
447 1740 512 1809 pro
525 1715 637 1804 gloria
655 1717 713 1783 nei
729 1725 762 1783 et
770 1715 947 1792 hominum
959 1717 1083 1797 salute,
1098 1720 1180 1785 certi
1200 1719 1242 1785 de
1262 1742 1395 1790 summa
1409 1727 1517 1792 Patris
1531 1749 1612 1795 cura

288 1826 347 1915 (ci.
363 1822 475 1892 Selm.
498 1821 600 1892 Scltz.
627 1825 710 1912 Kep.
731 1822 827 1911 Fit).
847 1825 982 1890 Locutio
1000 1847 1007 1892 :
1028 1823 1178 1891 habeant
1196 1825 1393 1915 impletum,
1409 1852 1550 1918 prorsus
1565 1841 1615 1900 est

286 1929 509 2020 emphatica:
527 1928 680 1996 habeant
702 1928 869 2016 gaudium
894 1951 1005 1996 meum
1030 1929 1132 1996 modo
1151 1930 1300 2019 quodam
1318 1934 1531 2023 plenissimo,
1550 1940 1612 2005 im-

284 2037 423 2127 pleatur
436 2035 604 2124 gaudium
616 2057 731 2101 meum
748 2035 783 2101 in
794 2037 842 2101 eis
853 2041 887 2102 et
901 2036 944 2102 ab
957 2036 997 2102 iis
1012 2036 1112 2124 plene
1126 2036 1348 2126 possideatur.

309 2242 417 2305 ‚Varie
433 2247 542 2303 umen
561 2241 743 2320 concipitur
759 2238 908 2322 pendium
926 2259 1036 2300 mum.
1053 2243 1093 2302 Ut
1109 2243 1264 2320 gaudium
1284 2263 1374 2305 suum
1400 2246 1489 2308 daret
1510 2252 1612 2322 nobis,

283 2358 342 2419 pro
362 2340 456 2401 nohis
476 2339 592 2409 doluit,
608 2338 743 2418 explicat
763 2335 864 2420 dap,
878 2339 938 2399 hoc
957 2339 1107 2417 gaudium
1129 2360 1146 2399 a
1170 2341 1292 2401 Christo
1318 2344 1348 2401 in
1369 2361 1423 2403 eos
1446 2348 1612 2421 collatum,

283 2438 365 2520 Aue.
382 2454 569 2517 expressum
584 2436 685 2498 cernit
701 2436 733 2496 in
750 2437 826 2497 illo:
846 2441 879 2498 ut
898 2438 960 2497 sint
980 2455 1075 2498 unum
1092 2439 1172 2498 sicut
1188 2446 1219 2498 et
1232 2458 1303 2509 nos;
1321 2441 1381 2500 hoe
1403 2443 1499 2521 igitur
1518 2447 1548 2505 in
1567 2449 1612 2507 eis

283 2535 487 2615 implendum
509 2534 584 2596 dicit
604 2540 635 2595 et
654 2540 822 2613 propterea
841 2533 917 2594 dicit
939 2552 971 2593 se
994 2534 1079 2612 loqui
1102 2537 1133 2594 in
1155 2537 1288 2609 mundo,
1309 2539 1457 2600 similiter
1473 2545 1613 2623 concipit

290 2632 355 2696 rot.
379 2651 390 2694 :
412 2638 448 2695 ut
468 2633 532 2693 sint
557 2633 738 2706 unanimes;
756 2633 802 2694 sic
823 2633 908 2693 enim
934 2631 1112 2710 implebunt
1135 2634 1289 2711 gaudium
1307 2653 1414 2697 meum
1442 2639 1473 2697 in
1494 2649 1612 2702 semet-

284 2732 375 2812 ipsis,
390 2735 423 2794 et
437 2737 588 2810 provocat
608 2728 674 2791 Tol.
698 2730 737 2791 ad
755 2729 834 2791 Phil.
852 2732 904 2802 22
921 2749 926 2788 :
945 2730 1075 2808 implete
1090 2731 1242 2809 gaudium
1268 2750 1392 2804 meum,
1413 2738 1447 2796 ut
1463 2737 1547 2799 idem
1566 2759 1612 2800 sa-

282 2831 393 2910 piatis,
419 2829 554 2890 eandem
584 2831 749 2891 caritatem
783 2826 947 2895 habentes,
976 2830 1155 2897 unanimes,
1186 2829 1323 2908 idipsum
1357 2835 1550 2908 sentientes;
1580 2841 1610 2899 in

282 2945 378 3008 quam
401 2927 645 3007 explicationem
668 2923 736 2987 Cei.
755 2944 881 3004 quoque
901 2926 1045 2986 coneedit
1066 2927 1199 2987 atterens
1221 2945 1344 3006 quoque
1363 2930 1442 2991 illud
1464 2951 1470 2990 :
1494 2941 1528 2994 nt
1548 2938 1612 2997 sint

283 3044 382 3089 unum
402 3027 484 3087 sicut
505 3028 537 3086 et
558 3041 635 3094 nos3
657 3048 672 3078 «
693 3023 847 3103 gaudium
868 3024 953 3083 enim
980 3023 1048 3084 lesu
1071 3027 1225 3085 unitatem
1247 3027 1331 3086 illam
1352 3033 1608 3107 consequitur».

281 3128 351 3187 Non
370 3124 471 3205 ipsius
490 3124 560 3184 lesu
583 3122 752 3200 gaudium,
771 3122 824 3181 sed
844 3121 994 3199 gandium
1017 3121 1055 3181 de
1076 3140 1113 3181 eo
1132 3121 1229 3180 Euda
1250 3126 1394 3201 exponit;
1412 3127 1485 3205 Cpr.
1504 3139 1611 3192 censet

281 3223 417 3285 indicari
437 3223 509 3282 :lac
526 3225 561 3282 ut
578 3221 652 3301 plus
666 3220 775 3298 gaudii
795 3237 832 3280 ex
851 3237 921 3279 mea
939 3219 1106 3279 divinitate
1125 3221 1314 3297 percipiant,
1331 3241 1427 3299 quam
1449 3227 1611 3289 hauserint

280 3340 319 3384 ex
330 3338 401 3382 mea
415 3319 571 3398 corporali
586 3317 783 3398 praesentia;
801 3318 850 3378 cui
865 3318 1038 3395 acceptioni
1060 3319 1123 3378 lere
1139 3319 1353 3397 adstipulatur
1368 3321 1466 3382 itala.
1487 3346 1495 3383 .·
1513 3328 1559 3386 lac
1577 3334 1611 3387 ut

281 3420 382 3500 magis
401 3435 453 3480 me
473 3419 602 3478 absente
618 3416 778 3495 gaudeant
790 3416 875 3475 omni
893 3421 946 3475 tuo
961 3416 1078 3475 auxilio
1095 3416 1208 3477 muniti
1230 3435 1326 3493 quarn
1347 3430 1513 3496 praesente
1531 3444 1609 3502 gau-

281 3517 415 3588 debant;
431 3516 608 3592 eodemque
631 3513 727 3574 modo
744 3511 842 3575 Calm.
863 3514 1000 3591 exponit.
1019 3515 1057 3574 Ut
1072 3513 1208 3574 habeant
1228 3533 1292 3591 quo
1313 3517 1343 3575 in
1366 3535 1415 3577 mc
1434 3521 1607 3597 gaudeant,

280 3615 331 3676 vel
346 3614 500 3694 gaudium
516 3612 603 3690 quod
619 3612 665 3672 eis
682 3617 760 3671 esta
776 3629 845 3684 me,
863 3612 948 3690 quod
962 3616 1194 3688 consequentur
1214 3630 1269 3690 per
1289 3615 1440 3674 unitatem
1460 3620 1608 3696 spiritus;

281 3713 326 3774 ita
342 3710 466 3789 Tbom.;
477 3715 511 3772 ut
524 3710 662 3770 habeant
678 3708 710 3768 in
721 3709 901 3786 semetipsis
915 3709 952 3769 de
971 3727 1032 3786 quo
1048 3727 1106 3788 ego
1122 3711 1214 3787 plene
1229 3711 1399 3788 gaudeam;
1417 3722 1524 3776 mutua
1540 3719 1605 3777 scil.

279 3811 411 3872 caritate
425 3809 674 3884 animorumque
695 3807 918 3867 coniunctione
934 3807 1098 3867 cumulum
1118 3807 1190 3867 addi
1211 3810 1329 3886 gaudio
1349 3829 1407 3870 suo
1429 3814 1531 3873 lesum
1553 3816 1606 3875 ‹lo-

279 3909 398 3969 clarare
414 3905 503 3967 Patr.
522 3906 759 3985 interpretatur.
779 3905 952 3983 Singularis
973 3910 1019 3964 est
1038 3907 1205 3983 explicatio
1223 3925 1240 3965 a
1257 3906 1340 3967 (Yorl.
1359 3911 1535 3987 proposita,
1554 3915 1607 3990 qui

279 4007 325 4067 ibi
347 4005 485 4066 cernit«
511 4004 670 4064 motivum
693 4002 885 4082 impetrandi
908 4003 1176 4065 efficacissimum:
1202 4005 1280 4064 nihil
1306 4007 1391 4065 enim
1414 4015 1607 4084 potestesse

279 4103 365 4165 Patri
387 4103 542 4183 optatius,
560 4119 657 4179 quam
680 4102 706 4160 si
728 4103 859 4180 plenum
879 4103 978 4179 possit
1000 4101 1115 4161 dilecto
1140 4104 1219 4161 Filio
1241 4121 1297 4162 sno
1318 4104 1471 4182 gaudium
1494 4126 1606 4184 procn-

280 4218 351 4263 rare
374 4221 406 4277 »;
430 4218 512 4279 quae
538 4204 645 4260 tamen
670 4199 885 4278 interpretatio
910 4199 1050 4276 exigeret
1073 4205 1221 4259 textum:
1251 4208 1286 4260 nt
1309 4201 1433 4260 trabeam
1458 4207 1606 4281 gaudium

280 4316 387 4360 meum
403 4299 572 4378 impletum
590 4298 622 4357 in
643 4298 700 4358 eis.

325 4485 528 4552 Petitionem
544 4505 630 4549 nova
647 4484 743 4550 fulcit
764 4481 911 4564 ratione,
931 4506 998 4572 qna
1013 4482 1107 4548 illam
1124 4485 1226 4550 etiam
1244 4489 1353 4573 magis
1375 4489 1604 4556 commendat.

279 4591 443 4682 Discipuli
466 4589 557 4657 euim
583 4612 602 4655 a
623 4592 750 4657 mundo
769 4588 847 4654 odio
872 4589 1042 4657 habentur
1068 4590 1171 4679 idque
1200 4600 1337 4681 propter
1357 4595 1604 4663 obseruantiam

280 4699 448 4765 sermonis
463 4696 570 4764 Petris
585 4702 617 4762 et
632 4707 774 4788 propter
788 4696 954 4763 Christum
971 4721 1000 4763 v,
1017 4704 1056 4763 li
1070 4720 1131 4784 epo
1146 4697 1226 4761 (lali
1236 4699 1283 4763 eis
1294 4723 1480 4767 sermenem
1496 4719 1602 4783 taretin,

282 4825 384 4893 quem
399 4810 605 4892 acceperunt
620 4809 652 4869 et
663 4809 842 4873 servarunt
855 4826 886 4869 v.
903 4811 933 4870 6.
947 4811 983 4883 8;
1000 4805 1077 4870 ideo
1094 4817 1125 4869 ct
1144 4805 1293 4872 titinnius
1309 4830 1362 4872 eos
1376 4808 1451 4873 odio
1471 4809 1602 4885 leaena,

281 4909 367 5001 quie
386 4933 455 4977 non
471 4922 550 4976 sunt
571 4909 613 4977 de
637 4913 780 4995 meirade,
801 4909 882 4976 dum
904 4913 993 4978 enim
1015 4933 1205 4978 sermonem
1225 4915 1342 4992 l‘atris,
1360 4915 1432 4981 cius
1447 4918 1604 4984 mandata
