4116 5648
426 640 596 712 volentiae
618 640 756 730 signnm
780 638 937 709 exhibuit
956 641 1151 731 iterumque
1166 639 1200 706 ei
1215 641 1366 743 gratiam
1385 649 1420 711 et
1437 640 1625 732 impulsum
1642 644 1686 711 ad
1700 668 1752 714 re-
1859 626 1908 733 ,Ξ

425 743 652 839 sipiscendum
671 746 808 817 obtulit.
1876 745 1908 761 ...

469 857 604 921 Frustra
624 861 721 923 erant
741 851 914 922 terribiles
933 855 1016 923 illae
1036 851 1170 935 minae,
1191 852 1320 921 frustra
1338 854 1438 920 ludas
1460 856 1586 925 sciebat
1599 877 1634 924 se
1650 854 1751 945 plane
1860 869 1862 873 '

338 1037 340 1043 Ι
424 958 570 1048 perspici
587 984 607 1028 a
626 966 699 1028 lesu
722 957 849 1047 (llatth.
867 967 982 1045 eost.
1003 959 1078 1042 25),
1096 959 1223 1028 frustra
1236 959 1477 1028 benevolentia
1493 966 1565 1028 lesu
1587 969 1622 1030 et
1639 960 1752 1050 gratia

423 1063 645 1146 offerebatur;
666 1064 765 1132 ludas
786 1066 899 1155 magis
924 1064 1082 1132 animum
1104 1064 1141 1132 in
1160 1067 1253 1134 malo
1268 1066 1491 1146 obfirmabat;
1508 1065 1600 1134 unde
1613 1089 1646 1134 v.
1663 1074 1751 1135 hiet
1841 1141 1843 1145 ,
1900 1076 1906 1107 ³

419 1183 496 1260 post
513 1170 697 1241 buccellam
718 1162 875 1241 introivit
896 1172 935 1238 in
954 1191 1033 1238 eum
1046 1182 1209 1258 ratanos;
1228 1199 1247 1236 «
1262 1179 1346 1241 tunc
1365 1173 1470 1240 intrat
1483 1173 1519 1240 in
1539 1194 1598 1240 cor
1611 1173 1749 1264 quando

346 1349 349 1353 ,
422 1278 523 1346 bomo
538 1276 690 1346 totaliter
702 1279 763 1347 dat
775 1301 811 1347 se
831 1276 876 1345 ad
898 1277 1112 1368 sequendum
1131 1277 1204 1346 eius
1216 1278 1418 1346 instinctum
1438 1284 1472 1345 et
1488 1280 1523 1346 in
1538 1278 1634 1347 nullo
1647 1280 1679 1346 ei
1694 1301 1748 1346 re-

419 1383 521 1466 sistit;
545 1385 703 1469 intravit,
724 1391 763 1452 ut
785 1383 922 1475 plenius
948 1384 1138 1475 possideret
1161 1391 1196 1453 et
1218 1384 1264 1453 ad
1286 1384 1554 1476 perpetrandam
1578 1386 1747 1454 malitiam

419 1490 573 1572 duceret,
588 1489 624 1556 in
640 1491 854 1586 quamprius
865 1490 1022 1573 miserat,
1045 1496 1083 1559 nt
1096 1491 1267 1583 desiperet
1287 1518 1304 1554 n
1322 1491 1480 1581 (Thon).
1497 1493 1635 1582 Accepit
1653 1494 1746 1560 enim

420 1598 518 1665 ludes
539 1597 679 1685 signum
707 1597 969 1685 benevolentiae
987 1603 1022 1666 et
1043 1586 1232 1678 amicitia03
1253 1598 1315 1666 sed
1327 1598 1488 1689 perfricta
1501 1598 1611 1666 fronte
1630 1620 1749 1667 omnes

419 1703 668 1772 admonitiones
687 1704 909 1795 contempsit;
931 1733 948 1767 e
969 1703 1052 1772 hinc
1069 1705 1158 1772 iusto
1179 1705 1236 1773 Dei
1255 1693 1385 1773 iudicio
1399 1704 1529 1773 factum
1541 1710 1590 1772 est
1605 1710 1643 1772 ut
1657 1711 1748 1773 totns

419 1809 677 1901 permitteretur
699 1811 858 1901 potestati
880 1816 1018 1879 mtanae
1036 1810 1167 1902 illeque
1189 1810 1228 1880 in
1249 1800 1291 1879 eo
1303 1811 1493 1903 pleniorem
1507 1811 1748 1903 acciperetpo-

419 1922 592 2002 testatem,
610 1916 703 2008 quod
721 1916 940 2004 significatur
956 1940 1019 2008 per
1030 1917 1096 1986 hoc
1114 1918 1210 2008 quod
1219 1916 1347 1986 dicitur
1360 1916 1503 1986 intrasse
1516 1919 1554 1986 in
1567 1939 1645 1986 eum
1656 1924 1747 1986 sate·
1777 1903 1780 1910 ¹

419 2043 480 2089 nas
499 2050 515 2084 e
542 2023 677 2114 (Ione).
702 2029 769 2091 Hoc
788 2024 846 2092 Dei
867 2023 1054 2106 indicium,
1069 2046 1139 2114 quo
1156 2029 1244 2092 Deus
1265 2025 1393 2103 dicitur
1406 2024 1542 2093 tradere
1554 2030 1749 2116 peccatores

417 2129 455 2196 in
476 2128 646 2198 desideria
667 2129 780 2197 cordis
803 2152 925 2198 eorum
952 2132 1064 2218 (Rom.
1096 2132 1188 2222 hit)
1214 2130 1319 2200 etiam
1347 2131 1499 2200 Christus
1520 2132 1673 2200 enuntiet
1688 2153 1697 2200 :
1715 2145 1749 2199 ct

417 2234 510 2303 dixit
528 2237 561 2304 ei
580 2240 673 2304 Iesus
692 2258 705 2305 .·
724 2236 819 2326 quod
835 2237 931 2327 socie
946 2237 1007 2325 (oc
1032 2237 1154 2316 citium
1170 2264 1188 2300 «
1205 2238 1326 2306 videns
1341 2237 1504 2306 Dominus
1518 2237 1749 2307 inemendabi-

297 2348 303 2358 '
417 2341 485 2409 lem
503 2344 606 2410 Indae
632 2342 801 2411 malitium
822 2350 856 2411 et
873 2343 1013 2413 firmum
1032 2332 1237 2434 proditionis
1255 2345 1485 2436 propositum,
1503 2368 1546 2414 ne
1563 2344 1621 2413 ille
1636 2345 1748 2412 existi-

418 2455 527 2516 maret
549 2472 585 2517 se
603 2451 726 2518 timore
751 2450 869 2541 aliquo
897 2472 978 2517 eum
1001 2450 1367 2535 beneficiis-affecisse,
1384 2452 1484 2542 quasi
1511 2451 1605 2519 hisee
1623 2450 1687 2519 sibi
1702 2452 1747 2518 ti-

417 2576 514 2622 mens
532 2578 611 2623 eum
633 2557 809 2625 retrahere
828 2556 933 2625 vellet
949 2562 984 2624 et
1001 2579 1071 2625 non
1088 2558 1202 2648 potins
1214 2557 1267 2626 illi
1281 2558 1478 2642 consulere,
1494 2557 1623 2625 idcirco
1638 2556 1720 2626 dicit
1736 2581 1743 2628 :

417 2661 507 2751 quod
528 2663 611 2731 iacis
635 2664 690 2730 iac
711 2661 826 2747 citius,
853 2665 877 2730 i.
895 2685 926 2731 e.
947 2663 1042 2754 quod
1055 2664 1169 2732 iecere
1187 2664 1258 2733 iam
1270 2664 1468 2741 decrevisti,
1483 2686 1666 2755 exsequere
1679 2665 1746 2733 aito

416 2776 450 2835 et
463 2770 632 2852 celeriter,
649 2792 717 2838 non
730 2770 929 2838 contradico
944 2790 1010 2838 nec
1020 2770 1149 2839 obsisto
1160 2792 1225 2839 nec
1241 2770 1377 2838 timeo»
1395 2772 1437 2859 (Τ
1436 2769 1510 2859 οἱ.).
1528 2771 1621 2838 Hisce
1634 2770 1746 2839 verbis

416 2874 519 2943 simul
537 2877 647 2945 scelus
666 2876 761 2968 quod
781 2882 897 2944 mente
916 2877 1128 2967 perpetravit
1144 2877 1177 2945 ei
1195 2876 1316 2945 obiicit
1324 2882 1359 2944 et
1370 2884 1450 2946 ante
1462 2876 1578 2944 oeulos
1586 2878 1746 2968 proponit

418 2982 544 3071 (Bor.);
561 2989 737 3073 praeterea
760 2982 893 3052 indicat
910 3005 946 3051 se
974 3005 1045 3051 non
1064 2984 1284 3074 permittente
1304 2983 1517 3074 proditorem
1539 2983 1628 3051 nihil
1649 3005 1745 3074 posse

415 3089 550 3158 elficere
569 3098 603 3157 et
622 3112 703 3158 vera
725 3111 797 3158 esse
816 3111 906 3180 qnae
921 3090 1056 3158 ludaeis
1068 3089 1201 3158 dixerat
1219 3113 1227 3160 :
1246 3096 1448 3181 potestatem
1465 3090 1578 3158 habeo
1595 3090 1745 3180 ponendi

316 3222 319 3228 ·
415 3195 573 3263 animam¹
589 3218 703 3264 meam
723 3195 852 3286 (Cha).
874 3196 1081 3287 Plerumque
1100 3204 1244 3265 monent
1259 3197 1504 3288 imperativum
1514 3198 1575 3287 [cc
1589 3218 1659 3264 non
1675 3218 1745 3264 esse

415 3303 673 3393 praecipientis,
702 3303 762 3370 sed
787 3303 1019 3392 permittentis
1043 3309 1077 3371 et
1091 3303 1344 3394 exprobrantis3
1362 3303 1546 3372 adhibetur
1571 3303 1662 3370 enim
1679 3305 1744 3370 im-

416 3410 587 3498 perativus
602 3410 718 3492 etiam,
739 3410 768 3476 si
784 3411 862 3500 quis
877 3409 992 3476 dicere
1006 3410 1081 3477 vult
1094 3432 1130 3477 se
1147 3409 1340 3500 quidquam
1349 3410 1520 3501 patienter
1537 3411 1640 3490 ferre,
1658 3410 1741 3500 pati,

414 3538 451 3585 se
470 3515 558 3582 nihil
573 3538 750 3607 opponere
765 3517 952 3606 quominus
970 3515 1106 3607 aliquid
1114 3517 1176 3584 fiat
1196 3516 1255 3607 (ci.
1277 3521 1413 3606 Krssqer
1431 3524 1522 3596 eet.
1541 3523 1579 3599 23
1595 3517 1744 3607 impera-

414 3622 522 3689 tivum
547 3623 787 3713 permissivum
816 3629 951 3706 vocant,
990 3622 1107 3691 Wincr
1131 3624 1243 3713 te,1);
1269 3624 1372 3690 citius
1395 3645 1498 3714 quam
1527 3624 1637 3690 lacere
1657 3623 1743 3690 velle

413 3729 552 3795 videris.
585 3728 686 3796 ludas
713 3733 805 3796 certe
834 3736 1063 3819 proposuerat
1087 3712 1194 3797 coena
1219 3751 1299 3796 mox
1325 3729 1442 3797 relicta
1464 3752 1499 3796 se
1523 3730 1677 3797 conferre
1698 3730 1742 3797 ad

413 3835 620 3922 synedristas
636 3842 671 3902 et
688 3833 842 3903 custodia
857 3840 1000 3925 accepta
1023 3836 1324 3926 comprehensioni
1348 3841 1420 3903 lesu
1444 3835 1631 3926 cooperari.
1655 3840 1743 3904 lesus

414 3941 532 4009 videns
555 3964 634 4009 eum
656 3943 695 4009 in
714 3941 805 4009 malo
826 3940 933 4032 plane
959 3941 1169 4010 obduratum
1191 3942 1237 4010 ab
1266 3943 1411 4011 aliorum
1436 3942 1604 4010 consortio
1628 3949 1661 4010 et
1680 3965 1740 4010 suo

413 4050 618 4116 commercio
635 4071 714 4117 eum
739 4069 918 4116 removere
940 4048 1031 4132 vult,
1052 4055 1086 4116 et
1110 4070 1188 4116 cum
1211 4050 1285 4140 ipse
1306 4048 1481 4117 videretur
1495 4048 1646 4130 tardare,
1663 4072 1739 4117 eum

414 4162 545 4237 monet,
566 4161 605 4221 ut
626 4155 721 4245 quod
749 4156 863 4222 iacere
891 4154 1092 4245 proposuit,
1116 4177 1259 4223 coenam
1284 4157 1495 4246 relinquere,
1523 4155 1626 4222 citius
1652 4177 1743 4222 exse-

413 4267 551 4352 quatur.
574 4261 668 4328 llisce
693 4264 809 4352 itaque
832 4266 923 4329 lesus
943 4283 1022 4329 eum
1048 4284 1070 4329 a
1091 4262 1240 4350 collegio
1259 4263 1493 4354 apostolorum
1518 4268 1684 4343 removet,
1705 4269 1744 4328 ut

414 4369 474 4458 qui
492 4368 608 4436 animo
622 4369 690 4436 iarn
710 4367 843 4436 dudum
861 4375 1061 4451 recesserat,
1079 4389 1223 4457 corpore
1238 4391 1377 4460 quoque
1396 4373 1584 4458 separetur,
1606 4367 1743 4457 ineptus

413 4481 447 4541 et
463 4476 626 4563 indignus
647 4475 707 4565 qui
727 4474 952 4567 subsequenti
971 4473 1166 4542 dilectionis
1191 4478 1263 4542 lesu
1281 4473 1524 4563 significationi
1542 4473 1688 4541 intersit.
1708 4475 1741 4541 Si

413 4582 461 4649 ita
475 4583 581 4650 verba
596 4581 811 4672 conceperis,
829 4582 953 4650 modus
974 4579 1171 4672 imperandi
1190 4581 1282 4649 nihil
1305 4580 1433 4650 habere
1454 4587 1567 4671 potest
1585 4581 1742 4648 offensio·

414 4689 477 4754 nis.
499 4694 544 4756 Ea
564 4689 672 4757 verba
695 4710 765 4755 non
781 4689 884 4756 ludae
900 4688 989 4773 dici,
1010 4687 1070 4756 sed
1096 4687 1237 4756 diabolo
1254 4689 1335 4779 Gyr.
1352 4688 1551 4768 arbitratur,
1571 4687 1671 4754 ludee
1687 4687 1740 4754 vel

414 4794 550 4863 diabolo
569 4798 627 4865 Or.
650 4795 831 4864 existimat.

458 4908 562 4981 Quam
577 4903 666 4971 bene
681 4902 852 4972 obtexerit
876 4902 977 4972 ludas
1002 4903 1278 4994 perversitatem,
1301 4903 1413 4971 elucet
1430 4925 1469 4971 ex
1495 4902 1649 4992 sequenti
1664 4921 1740 4968 nar·
