4116 5648
777 75 804 87 -·
916 72 936 85 ψ
1017 48 1026 58 “
1050 39 1814 113 κακῶν

1407 116 1457 143 ..γ
1481 108 1510 139 V>
1526 112 1599 141 ..q-m:
1625 119 1631 129 ς
1664 96 1814 157 'Qus-(tyr,

1497 138 1533 165 ,εἰ
1549 147 1555 152 .
1566 135 1627 166 ηις),
1643 142 1657 171 ἰ
1682 117 1813 183 3⁴3'3‘4d¹⁴.¹fi1¹

1568 176 1571 181 ⁸
1655 196 1656 200 ¹
1671 175 1673 179 Ι
1693 173 1710 202 '¹¹¹
1725 166 1810 213 'ffi'aepkiid'

1761 219 1771 233 ἰ
1788 210 1815 233 ’.ὶῖ

768 341 851 386 ionii.
876 324 1036 395 iiius-iio.

234 474 563 566 comprehenderunt
581 476 691 540 Iesum
711 488 744 542 et
766 475 964 565 lipacerunt
980 497 1075 557 erem,
1096 479 1203 543 lesum
1223 475 1293 543 iam
1317 477 1353 543 in
1372 477 1472 548 horto
1492 506 1562 552 esse

233 587 377 670 ligatum
390 605 478 652 unus
494 583 599 651 refert
614 585 771 658 loanncs3
784 586 974 671 sequuntur
991 579 1135 647 ministri
1150 583 1332 650 consilium
1349 583 1450 652 ludae
1468 609 1476 651 :
1494 587 1560 656 du-

231 692 296 758 cite
308 697 405 755 caute
420 696 533 778 (llere.
554 689 682 775 libis).
699 685 929 755 Ostenduntur
946 688 1043 753 nobis
1058 686 1205 772 gentiles
1221 695 1255 754 et
1274 690 1389 758 ludaei
1405 692 1557 774 solliciti,

232 804 268 863 ut
288 803 378 864 lesus
396 794 755 886 comprehenderetur.

652 1064 675 1130 b)
695 1061 840 1126 Negatio
855 1062 949 1114 Petri
967 1061 1133 1126 iuis-27.

267 1274 355 1335 18,13.
374 1273 407 1321 Et
428 1271 605 1321 adduxerunt
626 1281 690 1318 curn
708 1267 743 1317 ad
760 1270 872 1317 Annam
955 1267 1040 1326 iuis.
1071 1262 1116 1314 itai
1134 1262 1232 1334 ἤγαγον
1250 1266 1309 1335 πρὸς
1328 1267 1421 1320 Ἀνιαυ
1447 1277 1552 1340 πρῶτος,

228 1366 369 1428 primum:
386 1362 538 1412 eratenim
560 1371 641 1409 socer
664 1357 803 1420 Caiphae,
823 1359 871 1420 qui
914 1346 945 1417 ἦν
964 1352 1012 1422 γὰρ
1031 1352 1146 1423 πενθερὸς
1174 1358 1219 1407 τοῦ
1245 1354 1358 1426 lleidyr,
1378 1359 1404 1420 ὃς
1422 1354 1452 1424 ἦν
1472 1359 1555 1430 em.

228 1455 289 1505 erat
302 1449 427 1515 pontilex
444 1451 512 1499 anni
533 1449 617 1498 iilius.
636 1445 677 1496 11.
695 1447 760 1496 Erat
775 1453 869 1497 autom
913 1441 967 1509 ριὐς
985 1444 1028 1493 τοῦ
1047 1440 1159 1495 ἐνιαυτοῦ
1178 1442 1282 1499 laelios.
1312 1450 1353 1499 11.
1380 1442 1410 1513 ἦν
1428 1448 1455 1502 δὲ
1474 1449 1553 1501 Καὶν.

226 1542 349 1605 caiphas
368 1541 417 1603 qui
435 1538 585 1589 eonsilium
604 1535 720 1587 dederat
736 1535 868 1587 ludaeis:
911 1548 956 1598 ρας
968 1528 1173 1601 θωρόουλεόσας
1186 1536 1239 1594 τοῖς
1256 1532 1397 1604 Ἰουδαίοις,
1413 1538 1453 1590 ότι
1463 1541 1552 1610 συρρέ-

225 1630 298 1690 Quia
315 1628 427 1692 expedit
446 1639 533 1679 unum
556 1627 700 1676 hominem
723 1625 793 1673 morl
817 1637 869 1687 pro
911 1636 947 1687 ρει
967 1619 1011 1671 ἵνα
1036 1619 1161 1690 ἄνθρωπον
1181 1619 1315 1675 ἀποθανεῖν
1334 1623 1392 1695 όπάρ
1415 1631 1459 1678 τοῦ
1476 1628 1549 1682 λαοῦ,

225 1719 339 1784 ΡΟΡΗῙΟ-
949 1712 989 1761 15.
1012 1707 1159 1761 Ἠκολούθει
1184 1710 1210 1763 δὲ
1229 1717 1264 1782 -ῷ
1296 1710 1380 1779 Ἰησοῦ
1399 1714 1484 1786 Σίμων
1503 1717 1550 1771 lll-

262 1808 303 1858 15.
329 1805 503 1870 Sequebatur
528 1807 623 1854 autem
648 1803 741 1854 iesum
769 1800 865 1852 Simon
909 1813 979 1865 τρος,
1014 1797 1056 1849 καὶ
1082 1797 1161 1860 ἀλλος
1190 1801 1312 1869 μαθητής.
1341 1802 1355 1854 ὁ
1380 1803 1416 1856 δὲ·
1441 1804 1552 1874 μαθητὴς

224 1897 333 1956 Petrus,
347 1896 457 1947 etalius
469 1893 632 1957 discipulus.
645 1892 805 1955 Discipuius
818 1904 866 1940 au·
907 1882 1001 1947 ἐκεῖνος
1019 1887 1130 1955 γνωστὸς
1148 1884 1179 1954 ἦν
1198 1895 1234 1960 τῷ
1252 1888 1377 1962 ἀρχιερεῖ,
1398 1893 1440 1945 καὶ
1457 1913 1551 1948 συνεισ-

223 1992 279 2036 tem
298 1985 346 2035 ilie
363 1988 424 2036 erat
438 1987 522 2033 notus
535 1980 678 2045 pontifici,
694 1984 722 2031 et
740 1982 865 2030 introivit
906 1973 984 2038 ἢλθεν
1013 1981 1048 2043 τῷ
1069 1973 1156 2043 Ἰησοῦ
1175 1976 1208 2040 εἰς
1228 1978 1272 2044 την
1291 1979 1369 2046 αὐλὴν
1394 1986 1438 2035 τοῦ
1463 1981 1549 2054 ἀρχιι.

222 2087 286 2125 cum
301 2074 405 2125 lesuin
419 2067 684 2134 atriumpontisicis.
705 2069 746 2120 io.
764 2068 863 2119 Petrus
905 2063 972 2132 ρέως·
996 2067 1026 2117 16
1046 2064 1059 2116 ό
1083 2064 1109 2117 ei
1129 2066 1220 2136 Πέτρος
1240 2067 1334 2132 ἱστήκει
1361 2070 1548 2143 n9b3150593

221 2166 315 2214 autem
327 2161 418 2213 stabat
429 2161 463 2211 ad
479 2162 582 2211 ostium
594 2158 671 2209 loris.
688 2158 779 2207 Exivit
793 2171 862 2221 ergo
905 2150 962 2212 ἔξω.
983 2150 1084 2216 ἐξῆλθεν
1103 2149 1148 2206 οὖν
1167 2155 1180 2206 ὁ
1196 2154 1307 2226 μαθητὴς
1323 2157 1336 2209 ό
1355 2158 1432 2220 ἀλλος
1449 2159 1463 2211 d
1481 2180 1548 2230 γιω.

220 2252 374 2315 discipulus
388 2252 459 2300 alins
478 2251 525 2313 qni
545 2252 605 2300 erat
623 2253 706 2298 notus
720 2245 860 2311 pontifici,

220 2342 249 2391 et
262 2341 333 2391 dixit
347 2341 492 2397 ostiariae,
513 2344 542 2388 et
562 2336 715 2386 introduxit
736 2336 858 2387 Petrum.

223 2430 264 2480 17.
289 2430 362 2480 Dicit
385 2440 453 2492 ergo
481 2428 566 2479 Petro
588 2425 692 2476 ancilis
715 2426 858 2475 ostiaria:

220 2518 362 2583 Numquid
376 2526 405 2569 et
431 2521 460 2568 tu
479 2530 514 2568 cx
532 2516 678 2578 discipulis
692 2528 722 2566 es
738 2516 860 2565 bominis

219 2610 317 2660 istius?
332 2608 404 2658 Dicit
419 2608 466 2657 iile
481 2621 488 2654 :
505 2605 568 2656 Non
579 2617 653 2655 sum.

258 2697 299 2748 18.
320 2696 438 2748 Stabant
452 2702 545 2746 autem
558 2696 632 2744 servi
647 2701 674 2743 et
689 2694 808 2743 ministri
824 2691 859 2741 ad

218 2800 336 2852 prunas,
351 2788 417 2850 quis
429 2784 517 2848 frigus
528 2787 603 2843 erat,
620 2788 649 2832 ct
660 2781 859 2832 calolaclebant

217 2889 262 2941 se;
278 2879 337 2927 erst
351 2879 445 2925 autem
461 2874 575 2923 cumeis
585 2877 615 2922 et
631 2871 731 2921 Petrus
739 2876 818 2920 stans
831 2873 858 2920 et

217 2964 384 3016 caleisciens
398 2976 438 3014 se.
454 2963 495 3013 19.
508 2958 639 3013 Pontilex
654 2972 722 3022 ergo
738 2960 857 3010 interro·

216 3056 294 3118 gavit
308 3053 398 3104 lesum
414 3052 449 3102 de
458 3051 603 3115 discipulis
614 3051 683 3111 suis,
697 3054 725 3100 et
739 3048 774 3100 de
789 3048 855 3098 doc·

217 3144 373 3194 trinarius.
395 3141 440 3191 10.
460 3139 615 3204 Respondit
632 3140 658 3188 ei
679 3139 757 3188 lesus
773 3151 780 3184 :
797 3137 856 3201 Ego

216 3233 308 3296 palem
327 3232 437 3281 locutus
455 3241 517 3279 sum
539 3227 657 3286 mund0;
675 3239 727 3290 ego
746 3238 857 3289 semper

215 3322 296 3372 docui
315 3323 342 3369 in
361 3330 507 3382 synagoga
521 3322 549 3367 et
564 3319 592 3365 in
609 3315 713 3379 templo
727 3328 783 3379 quo
797 3329 855 3365 om·

215 3424 266 3460 nes
281 3409 376 3459 iudaei
393 3408 579 3466 conveniunt;
597 3412 625 3456 et
642 3406 669 3454 in
688 3404 797 3455 occulto
812 3404 855 3454 lo·

214 3507 296 3549 cutus
310 3511 372 3548 sum
387 3496 465 3546 nibil.
483 3495 527 3545 11.
540 3494 614 3554 Quid
624 3505 669 3544 me
681 3492 854 3556 interrogas?

215 3591 357 3650 interroga
371 3599 420 3638 eos
434 3587 483 3649 qui
497 3583 647 3634 audierunt
663 3582 729 3647 quid
745 3583 854 3632 locutus

214 3680 267 3728 sim
294 3678 375 3740 ipsis;
397 3686 461 3726 ecoe
485 3675 514 3723 hi
533 3675 625 3723 sciunt
644 3684 716 3736 quae
735 3671 852 3721 dixerim

213 3781 278 3831 ogo.
295 3766 338 3816 11.
352 3765 427 3815 Haec
437 3767 531 3813 autom
543 3774 630 3825 quum
644 3761 771 3821 dixisset,
781 3773 853 3809 unus

212 3859 347 3908 assistens
358 3855 547 3903 ministrorum
562 3850 637 3900 dedit
652 3851 762 3912 alapam
777 3848 850 3908 Iesu,

213 3947 309 3996 dicens
325 3943 392 3993 :Sic
416 3940 569 4005 respondes
581 3936 724 4002 pontifici?
739 3937 781 3987 13.
798 3936 851 3988 Re·

212 4034 324 4098 spondit
347 4035 373 4082 ci
392 4032 471 4081 lesus
487 4044 494 4079 ε
512 4029 543 4079 Si
558 4028 631 4077 male
647 4027 755 4076 locutus
770 4039 849 4083 sum,

211 4124 401 4176 testimonium
425 4119 541 4183 perhibe
562 4117 598 4169 de
617 4116 705 4174 malo;
720 4118 743 4165 si
756 4123 850 4166 autem

211 4215 297 4274 bone,
309 4211 375 4275 quid
391 4222 435 4260 me
450 4207 561 4259 caedis?

247 4303 291 4353 11.
313 4301 346 4350 Et
370 4301 444 4349 misit
467 4310 531 4348 cum
557 4298 654 4346 Annas
677 4295 795 4356 ligatum
813 4293 849 4343 ad

211 4392 346 4456 Caipbam
361 4386 530 4453 pontificem.
548 4385 592 4435 15.
609 4385 676 4434 Erat
694 4388 786 4433 autem
804 4381 848 4432 Si-

211 4494 276 4530 rnon
290 4480 389 4531 Petrus
399 4482 487 4534 stans,
500 4474 704 4525 etcaiclaciens
714 4485 754 4522 se.
768 4472 849 4521 Dixe-

210 4575 275 4620 runt
293 4581 360 4632 ergo
384 4570 409 4618 ei
429 4564 594 4626 :Numquid
614 4571 642 4614 et
661 4569 691 4612 tn
711 4575 745 4611 ex
764 4561 849 4611 disci·

210 4660 283 4723 pulis
297 4659 357 4708 eius
371 4657 419 4708 es?
432 4654 552 4718 Negavit
568 4653 614 4702 ilie
624 4690 630 4712 ‚
642 4659 671 4703 et
680 4653 749 4701 dixit
766 4651 848 4700 :Non

209 4762 281 4801 sum.
293 4746 337 4796 16.
351 4746 421 4796 Dicit
429 4747 456 4797 ei
467 4756 540 4795 unus
549 4754 584 4792 ex
596 4743 687 4792 servis
697 4738 847 4804 pontilicis,

904 2240 961 2302 στος
979 2247 1023 2294 τοῦ
1042 2240 1191 2312 ἀρχιερέως,
1220 2245 1262 2297 καὶ
1281 2243 1350 2299 εἶπεν
1379 2257 1409 2319 τῇ
1430 2249 1545 2322 θυρωρῷ,
1607 2285 1611 2292 ·

903 2328 945 2381 καὶ
964 2328 1097 2401 εἰσήγαγεν
1117 2332 1161 2386 τάν
1181 2333 1278 2404 Hirpos,
1301 2339 1341 2390 17.
1362 2335 1430 2405 λέγει
1448 2333 1492 2390 odo
1511 2344 1547 2410 τῷ

903 2417 1022 2490 Πότριρῆ
1051 2421 1202 2488 παιδίσκηῆ
1232 2422 1353 2493 θυρωρός,
1383 2423 1425 2490 lilii
1454 2428 1497 2480 καὶ
1514 2429 1545 2481 σθ

902 2503 930 2559 ἀκ
948 2514 995 2560 τῶν
1023 2511 1140 2579 μαθητῶν
1169 2509 1193 2563 εἶ
1220 2517 1262 2564 τοῦ
1285 2505 1415 2583 ἀνθρώπου
1441 2517 1543 2581 τούτους

902 2594 971 2667 λέγει
989 2595 1098 2664 ἐκεῖνος,
1118 2598 1169 2652 031
1188 2599 1248 2671 εἰμό.

942 2689 982 2740 18.
1003 2685 1145 2753 ἱστήκεισαν
1165 2688 1191 2742 δὲ
1210 2689 1333 2744 otiosior
1353 2693 1393 2744 καὶ
1411 2693 1435 2746 ol
1454 2694 1542 2765 όπηρέ·

902 2792 942 2826 ται
974 2773 1108 2845 ἀνθρακιάν
1135 2780 1308 2847 πεποιηκότες,
1329 2781 1367 2833 ότι
1394 2781 1471 2853 ψῦχος
1496 2779 1541 2851 ἣν,

900 2861 943 2915 καλ
961 2862 1145 2935 ἀθερμαόνουτο·
1173 2863 1204 2934 ἢν
1229 2867 1317 2921 δὲκαὶ
1342 2869 1465 2942 όΠέτρος
1484 2872 1542 2944 μετ’

900 2950 988 3005 αὖτῶν
1002 2952 1078 3016 ἑστὼς
1096 2955 1139 3007 καὶ
1157 2957 1359 3028 θερμαινόμενος.
1384 2965 1424 3014 19.
1449 2959 1479 3014 '0
1497 2957 1540 3015 οὖν

900 3038 1026 3114 ἀρχιερεὺς
1048 3041 1177 3112 ἠρώτησεν
1208 3046 1250 3098 τὀν
1282 3047 1379 3114 Ἰησοῦν
1407 3050 1462 3120 περὶ
1488 3058 1539 3105 τῶν

898 3131 1017 3200 μαθητῶν
1037 3131 1127 3199 aizoi,
1148 3135 1190 3186 καὶ
1218 3136 1274 3205 περὶ
1299 3141 1341 3202 τῆς
1369 3134 1475 3210 διδαχῆς
1492 3140 1540 3193 αὖ·

898 3222 951 3271 τοῦ.
986 3225 1029 3274 io,
1063 3220 1183 3292 ἀπεκρίθη
1219 3223 1286 3295 sitq
1325 3224 1433 3296 Ἰησοῦς,
1470 3228 1539 3302 Ἐγὼ

897 3306 1023 3379 παρρησάρ
1041 3309 1171 3378 λελάληκα
1191 3318 1226 3384 τῷ
1244 3315 1341 3385 κόσμῳ·
1362 3316 1413 3387 ἐγὼ
1432 3319 1538 3373 πάντοτε

896 3395 994 3460 ἒδόόαξα
1013 3397 1037 3451 ἐν
1058 3406 1194 3472 συναγωγῇ
1217 3403 1258 3455 καὶ
1277 3403 1303 3456 ἐν
1329 3411 1364 3475 τῷ
1381 3406 1457 3478 ἱερῷ,
1477 3410 1537 3463 ὅπου

896 3487 984 3548 πάντες
1001 3488 1026 3540 οἱ
1047 3486 1165 3543 Ἰουδαῖοι
1184 3492 1356 3562 συνέρχονται,
1376 3496 1419 3547 καὶ
1438 3497 1463 3548 ἐν
1482 3518 1537 3568 κρυ·

894 3581 949 3647 τιτῷ
967 3576 1079 3644 ἐλάλησα
1098 3578 1177 3634 οὐδέν.
1200 3584 1244 3634 11.
1265 3583 1289 3635 τό
1303 3602 1333 3653 με
1348 3582 1452 3656 ἔρωτᾷςς
1473 3585 1538 3658 ἐρῶ·

895 3684 971 3731 τησον
990 3667 1045 3727 τοὺς
1075 3666 1226 3734 ἀκηκοότας,
1248 3671 1272 3722 τό
1299 3671 1412 3740 ἐλάλησα
1440 3676 1532 3740 αὐτοῖς·

895 3753 942 3822 ι’δε,
963 3750 1031 3808 οὗτοι
1058 3753 1155 3809 οἴδασιν
1175 3757 1191 3810 ἂ
1219 3755 1290 3812 εἶπον
1310 3760 1369 3831 ἐγώ.
1392 3768 1435 3818 ii.
1456 3773 1533 3820 ταῦτα

894 3842 920 3896 δὲ
939 3843 1013 3896 circii
1028 3843 1153 3912 εἰπόντος,
1170 3840 1205 3909 εἴς
1220 3851 1377 3918 παρεστηκὼς
1396 3858 1445 3905 τῶν
1469 3855 1532 3922 ὑπη-

894 3939 972 4001 ρετῶν
992 3933 1083 3987 ἔδωκεν
1113 3935 1224 4006 ῥάπισμα
1252 3944 1289 4009 τῷ
1319 3937 1417 4007 Ἰησοῦ,
1441 3942 1532 4008 εἰπὼν,

892 4023 976 4084 (λθεως
995 4021 1114 4096 ἀποαρ1νη
1139 4031 1175 4096 τῷ
1197 4023 1320 4096 ἀρχιερεῖς
1342 4033 1385 4084 is.
1416 4030 1532 4104 ἀπεκρίθη

893 4111 961 4182 αὗτῷ
984 4110 1091 4180 Ἰησοῦς,
1112 4113 1142 4164 1Ξῖ
1160 4121 1242 4176 κακῶς
1261 4115 1389 4185 ἐλάλησα,
1409 4125 1533 4194 μαρτὶιρη-

893 4219 936 4252 σον
955 4201 1060 4270 περὶτοῦ
1072 4208 1160 4255 κακοῦ·
1176 4203 1198 4255 εἰ
1212 4204 1238 4256 δὲ
1251 4205 1349 4274 καλῶς,
1360 4209 1383 4260 τί
1395 4229 1425 4280 με
1443 4212 1531 4281 δέρεις,

928 4292 971 4341 21.
993 4288 1133 4343 ἀπέστειλεν
1153 4287 1197 4343 οὖν
1217 4292 1291 4345 αὐτὸν
1314 4294 1328 4346 θ
1349 4295 1439 4359 Ἄννας
1460 4301 1531 4354 δεδε-

893 4377 1042 4449 μένονπρὸς
1063 4378 1174 4449 Καϊάφαν
1195 4380 1237 4432 τὸν
1262 4380 1388 4455 ἀρχιερέα.
1416 4390 1459 4442 15.
1481 4390 1531 4442 Ἠν

890 4465 917 4518 δὲ
940 4467 1024 4538 Σίμων
1047 4467 1137 4538 Πέτρος
1161 4467 1237 4532 ἑστὼς
1261 4471 1303 4522 καὶ
1328 4474 1528 4547 θερμαινόμενος·

891 4555 963 4608 εἶπον
982 4552 1027 4609 οὖν
1047 4557 1131 4628 sitin,
1151 4557 1193 4623 Μὴ
1213 4559 1256 4612 καὶ
1278 4561 1308 4613 σὺ
1331 4560 1358 4615 ἐκ
1382 4571 1433 4616 τῶν
1453 4571 1533 4637 μαθη-

890 4651 940 4698 τῶν
961 4645 1035 4699 edroi
1054 4645 1092 4709 εἷς
1118 4646 1243 4717 ἠρνήσατο
1262 4647 1366 4715 ἐκεῖνος,
1386 4655 1427 4705 καὶ
1446 4653 1529 4727 εἶπεν,

890 4734 941 4787 Oia
960 4734 1019 4805 εάμά.
1041 4740 1085 4791 io.
1105 4736 1174 4808 λέγει
1194 4732 1228 4799 εἷς
1247 4737 1274 4792 ἐκ
1299 4746 1348 4792 τῶν
1371 4743 1467 4798 δούλων
1487 4756 1531 4802 τοῦ

664 4847 847 4886 ειιιοενοιοειι
866 4846 891 4883 ιν
907 4846 976 4882 ross.
993 4861 1024 4870 -
1041 4838 1077 4883 33.
