4050 5648
368 646 425 710 tur
442 646 703 737 pharisaeorum
725 637 873 726 malitia,
894 637 1129 720 contumacia,
1146 633 1341 709 obcaecatio
1356 636 1459 726 plane
1473 639 1680 722 voluntaria,

366 750 473 821 immo
490 751 648 821 omnibus
661 742 795 814 viribus
803 748 922 817 accita.
939 746 1133 836 Ostenditur
1150 764 1217 811 nou
1230 742 1341 810 solum
1356 742 1475 814 odium
1487 769 1556 837 quo
1573 749 1684 813 lesum

365 860 632 950 prosequuntur,
649 851 710 919 sed
731 854 835 923 etiam
852 860 981 945 quanto
996 855 1120 921 conatu
1132 848 1301 941 impedire
1319 848 1479 919 studeant
1492 876 1534 921 ne
1551 850 1628 944 quis
1647 851 1683 916 in

366 988 446 1033 eum
471 959 588 1031 credat
611 957 734 1049 (Μ).
756 965 882 1029 Eorum
905 955 1089 1048 tyrannide
1110 955 1209 1044 plebs
1228 979 1251 1025 a
1269 954 1338 1022 fide
1365 956 1543 1027 retinetur.
1566 963 1683 1028 Astuta

367 1089 486 1139 eorum
512 1064 710 1153 malignitas
731 1067 847 1135 nativa
871 1064 1089 1157 simplicitate
1116 1068 1150 1129 et
1170 1084 1254 1131 sano
1275 1061 1404 1130 iudicio
1428 1066 1577 1133 mendici
1592 1065 1684 1132 illius

365 1172 507 1263 egregie
532 1171 765 1241 confunditur.
787 1200 803 1234 «
825 1169 1084 1239 Observandum
1104 1166 1140 1235 iu
1160 1168 1367 1260 pharisaeis,
1390 1191 1493 1258 quam
1516 1171 1684 1239 indefesso

197 1246 240 1383 ᾗῇ
331 1277 480 1347 “studio
498 1277 599 1369 impii
619 1280 797 1348 veritatem
820 1275 1003 1367 obscurare
1024 1273 1190 1361 nitantur,
1207 1276 1336 1367 quanto
1358 1274 1495 1359 furore,
1511 1277 1593 1344 dum
1606 1301 1686 1346 con·

365 1386 562 1469 vincuntur,
576 1391 697 1455 contra
711 1383 863 1451 veritatis
879 1388 1063 1452 assertores
1074 1382 1302 1471 exagitentur,
1317 1404 1492 1474 quamque
1504 1382 1685 1473 impotenti

196 1558 211 1593 ,υ
364 1492 526 1582 superbia
537 1515 608 1561 non
622 1489 772 1560 sinautii
791 1490 850 1578 qui
864 1512 898 1556 se
913 1487 1047 1579 aliquid
1064 1510 1135 1556 esse
1152 1489 1297 1558 credunt
1310 1489 1455 1557 meliora
1465 1488 1531 1557 sibi
1546 1492 1685 1578 suggeri

196 1596 269 1698 ξ,
363 1599 409 1668 ab
423 1599 465 1666 iis
488 1621 575 1691 quos
594 1620 678 1688 prae
698 1618 734 1664 se
754 1600 995 1675 contemnunt;
1020 1596 1057 1662 in
1079 1616 1181 1664 caeco
1197 1595 1470 1679 observandum,
1496 1601 1626 1687 quama
1642 1595 1685 1663 sit

231 1702 245 1725 ⁹
363 1706 516 1774 veritatis
538 1704 604 1787 vis,
629 1724 804 1794 quamque
829 1701 915 1770 haec
935 1703 1039 1770 fortes
1061 1701 1530 1794 etintrepidosfaciatetiam
1550 1703 1685 1793 eosqui

364 1813 519 1902 alioquin
532 1809 669 1900 quosvis
683 1807 884 1876 metuebant
898 1835 914 1870 u
930 1807 1062 1898 (laria).
1302 1888 1305 1894 ¹
1634 1889 1637 1894 Ι

408 1924 497 1985 llaec
510 1916 661 1984 narratio
675 1914 763 1983 adeo
779 1920 873 1982 arcte
886 1916 933 1982 ad
941 1914 1180 1983 antecedentia
1194 1913 1399 2001 adnectitur,
1417 1922 1456 1982 ut
1470 1916 1525 1985 vix
1539 1915 1683 1984 dubium

362 2048 434 2093 esse
455 2023 560 2116 possit
580 2022 666 2113 quin
681 2026 825 2090 eventus
845 2020 1048 2090 hic·Christo
1062 2021 1220 2113 etemplo
1231 2042 1368 2109 egresso
1391 2019 1585 2109 contigerit.
1599 2027 1683 2090 Nam
1735 2074 1738 2083 .

196 2146 217 2185 η’
260 2120 263 2125 ’
307 2140 309 2145 ’
362 2138 545 2224 postquam
561 2128 773 2217 evangelista
786 2127 964 2196 narravit:
979 2140 1012 2194 et
1026 2126 1185 2196 eeiuitde
1199 2127 1342 2220 templo,
1357 2127 1555 2196 immediate
1569 2129 1685 2220 pergit

199 2234 226 2270 ”’
362 2246 396 2309 et
409 2237 568 2325 adiungit
586 2259 618 2303 v.
637 2243 653 2303 1
677 2247 710 2302 et
722 2233 937 2325 praeteriens
956 2235 1050 2302 Iesus
1063 2232 1153 2302 uidit
1166 2233 1339 2303 hominem
1360 2239 1498 2303 caecum'
1516 2257 1538 2302 a
1558 2235 1684 2303 natiui-

360 2358 447 2427 tutc,
465 2344 571 2434 idque
593 2341 679 2411 adeo
703 2362 783 2409 cum
806 2346 885 2425 &59
900 2340 1089 2424 connectit,
1112 2346 1149 2408 ut
1169 2341 1359 2410 secuudum
1384 2340 1551 2410 editiones
1564 2365 1608 2409 ne
1623 2365 1684 2410 no·

359 2474 439 2521 men
456 2450 599 2542 quidem
612 2452 706 2517 lesio
714 2452 901 2538 repetatur,
916 2447 976 2517 sed
991 2469 1032 2515 ex
1045 2447 1260 2516 antecedenti
1276 2469 1285 2517 :
1302 2454 1394 2518 lesus
1408 2456 1523 2517 autem
1538 2449 1684 2517 abscon-

359 2560 412 2629 dit
434 2581 486 2641 se,
512 2556 666 2648 suppleri
689 2553 824 2623 debeat.
857 2558 967 2633 Quare
994 2552 1179 2622 dicendum
1206 2556 1277 2623 erit
1300 2577 1381 2623 cum
1406 2555 1484 2624 etr.
1510 2579 1529 2624 e
1551 2556 1682 2648 templo

359 2686 515 2754 egressus
535 2683 675 2731 caecum
695 2661 830 2729 sanavit
847 2659 1018 2751 (sim2Fil.
1031 2659 1140 2729 Matd.
1155 2660 1274 2751 Setis.)
1292 2667 1328 2730 et
1339 2661 1396 2730 vix
1410 2685 1489 2730 cum
1501 2661 1570 2730 Fil.
1589 2661 1683 2731 aliis-

359 2795 427 2864 que
448 2770 586 2858 longius
610 2766 831 2836 intervallum
850 2769 974 2835 assumi
995 2767 1132 2856 poterit.
1157 2772 1272 2859 Neque
1290 2769 1382 2837 valet
1401 2768 1496 2858 quod
1509 2772 1600 2836 lans.
1622 2793 1681 2837 ur-

353 2863 419 2967 get
429 2900 495 2970 pro
509 2875 667 2963 longiore
681 2872 864 2941 intervallo
880 2894 888 2940 τ
905 2871 1041 2941 exeunti
1056 2894 1075 2940 e
1090 2872 1218 2964 templo
1232 2896 1302 2941 non
1317 2875 1465 2942 adfuisse
1477 2874 1679 2966 discipulos,
1706 2935 1711 2945 .

359 3008 451 3054 nunc
471 2983 599 3052 adesse.
619 2985 704 3048 Nam
729 2978 932 3048 incredibile
950 2978 1086 3048 videtur
1102 2980 1274 3047 Christum
1292 2980 1366 3049 sine
1387 2981 1562 3072 discipulis
1575 2983 1683 3050 comi-

357 3092 451 3160 tibus
464 3114 518 3181 cp.
537 3089 607 3158 8iu
617 3087 786 3179 templum
798 3087 945 3171 venisse,
960 3087 1128 3177 populum
1142 3085 1312 3168 docuisse,
1329 3108 1408 3154 eum
1421 3088 1553 3156 ludaeis
1567 3088 1682 3180 dispu-

357 3207 456 3269 tasse.
482 3202 600 3272 Nonne
625 3195 695 3265 iam
722 3192 786 3260 illa
807 3201 876 3261 tam
904 3197 1065 3289 accurata
1083 3192 1251 3280 narratio,
1265 3215 1336 3283 qua
1353 3194 1490 3283 singula
1509 3218 1598 3286 quae
1617 3196 1682 3262 dis

358 3307 572 3400 putabantur
585 3324 650 3392 cp.
682 3305 703 3368 8
731 3304 984 3391 proponuntur,
1010 3298 1090 3367 satis
1110 3321 1175 3390 per
1200 3321 1235 3367 se
1258 3303 1404 3369 testatur
1437 3302 1680 3389 evangelistam

358 3408 664 3505 disceptationibus
689 3405 908 3474 interfuisset
930 3409 1036 3473 Homo
1060 3405 1120 3472 ille
1144 3412 1182 3473 ut
1205 3428 1327 3475 caecus
1349 3407 1565 3476 auativitate
1582 3416 1681 3477 notus

358 3526 450 3602 erat,
473 3523 578 3609 prout
603 3537 642 3581 ex
672 3510 920 3603 discipulorum
931 3510 1203 3600 interrogatione
1221 3515 1454 3604 consequitur.
1481 3519 1571 3583 lesus
1593 3514 1681 3583 vidit
1733 3560 1736 3565 -

339 3643 455 3706 eum,
471 3645 552 3693 sane
576 3643 646 3689 non
667 3618 823 3700 fortuito3
850 3617 960 3685 voluit
976 3617 1070 3685 enim
1090 3639 1178 3685 novo
1201 3619 1386 3705 miraculo,
1406 3627 1445 3688 ut
1473 3622 1551 3690 Chr.
1568 3629 1678 3707 notat,

274 3805 278 3815 ,
356 3734 520 3803 duritiem
537 3730 676 3796 illorum
693 3715 1013 3814 immanitatemque
1031 3724 1186 3792 emollire
1198 3730 1232 3794 et
1250 3725 1356 3794 fidem
1372 3725 1472 3794 dictis
1484 3729 1678 3797 conciliare.

357 3849 468 3932 Atque
486 3860 527 3906 eo
546 3835 649 3903 modo
661 3832 778 3900 oeulos
790 3829 957 3918 dirigitin
970 3852 1048 3898 eum
1059 3853 1206 3921 eumque
1226 3832 1366 3922 aspicit,
1381 3839 1420 3900 ut
1434 3833 1593 3925 discipuli
1602 3836 1680 3903 red·

359 3950 487 4018 dantur
496 3942 541 4011 ad
555 3962 634 4009 eum
646 3936 870 4027 attentilclu.
887 3935 1032 4027 Theople.
1054 3939 1144 4005 laris.
1166 3937 1272 4027 rot.);
1294 3937 1465 4008 undem
1483 3953 1516 4007 et
1535 3941 1681 4009 interro-

358 4064 528 4148 qavemnt
549 4068 627 4116 eum
639 4042 804 4133 discipuli
821 4041 893 4110 eius
913 4063 925 4109 :
949 4042 1075 4125 Reddi,
1093 4043 1172 4134 quis
1182 4046 1353 4134 peccavit,
1370 4043 1426 4113 tic
1445 4059 1505 4112 aut
1522 4061 1682 4137 parentes

358 4166 451 4245 eius,
471 4170 508 4225 ut
522 4176 643 4223 caecus
657 4151 876 4233 nasceretur?
891 4154 972 4217 sunt
990 4150 1107 4240 itaque
1122 4149 1282 4241 discipuli
1296 4150 1335 4219 in
1353 4151 1473 4219 eodem
1490 4175 1625 4239 errore,
1644 4156 1682 4223 in

357 4294 427 4362 quo
444 4267 624 4334 versantur
636 4282 668 4326 u.
687 4280 724 4346 g.
739 4255 840 4324 amici
852 4257 931 4341 lob,
956 4254 1176 4324 afflictionem
1195 4279 1333 4325 omnem
1353 4281 1498 4349 poenam
1514 4282 1584 4328 esse
1605 4285 1682 4353 peo-

357 4377 437 4446 cati.
456 4370 588 4440 llorbos
604 4367 705 4434 etiam
720 4362 833 4450 infligi
852 4364 888 4430 in‘
902 4385 1049 4453 poenam
1064 4368 1281 4454 peecatorum
1295 4369 1428 4434 certum
1443 4374 1502 4448 est,
1518 4370 1567 4435 uti
1589 4369 1683 4436 colli-

358 4507 443 4574 gere
457 4480 617 4572 poterant
630 4495 669 4539 cx
684 4494 724 4538 eo
740 4492 875 4561 quoque
893 4469 986 4559 quod
1002 4474 1093 4537 lesus
1111 4473 1245 4537 monuit
1262 4472 1443 4551 5‚1t:iam
1456 4474 1526 4541 noli
1542 4497 1681 4564 peccare
1757 4481 1762 4491 “

357 4614 401 4659 ne
421 4589 572 4656 deterius
588 4580 652 4647 tibi
666 4575 798 4666 aliquid
817 4575 1008 4664 contingat,
1026 4576 1121 4667 quod
1140 4575 1252 4661 addit,
1270 4585 1451 4670 postquam
1469 4580 1553 4646 dixit
1575 4604 1582 4650 :
1604 4605 1681 4650 ecce

357 4718 461 4766 sanus
475 4696 584 4762 factus
598 4708 649 4767 es3
667 4684 759 4751 unde
774 4681 931 4750 morbum
950 4683 1048 4750 illum
1068 4682 1167 4750 luisse
1186 4706 1333 4774 poenm
1348 4692 1565 4776 peccatorum
1582 4689 1681 4757 laoile

357 4801 591 4891 consequitur.
608 4798 731 4859 Verum
751 4789 890 4876 longius
911 4790 1084 4880 progressi
1105 4811 1242 4859 omnem
1256 4793 1418 4860 morbum
1436 4795 1602 4862 rationem
1622 4796 1682 4864 ha·

357 4893 442 4980 bere
462 4926 593 4997 poenae
607 4921 670 4992 pro
684 4900 826 4987 peccato
840 4897 1011 4984 personali
1031 4900 1179 4964 censent.
1567 4908 1569 4913 ·
