4116 5648
975 347 977 351 ‘
1029 356 1113 401 mxx.
1137 340 1278 414 arom.

489 498 549 589 qui
568 491 652 561 dicit
671 493 736 562 tibi
763 500 826 562 etc.
850 488 1001 578 (Malu).
1032 496 1116 559 Sunt
1138 490 1199 580 qui
1219 487 1385 577 Spiritum
1409 497 1577 574 sanctum,
1608 489 1669 580 qui
1690 489 1820 560 donum
1935 470 2052 593 a:

486 604 632 680 dicatur,
648 600 863 686 intelligant3
882 619 971 687 quae
990 598 1146 686 acceptio
1162 597 1229 661 hoc
1244 594 1322 662 loco
1337 615 1417 661 sane
1430 616 1497 662 non
1511 591 1680 686 congruit.
1694 595 1822 665 Dicitur
1910 664 1914 669 ,

486 728 576 796 aqua
596 707 689 793 viva,
711 725 799 796 quae
818 705 983 793 perennis
1003 713 1052 771 est
1071 710 1105 770 et
1127 724 1270 792 semper
1288 701 1429 769 scaturit
1450 701 1578 788 (cta),
1596 704 1655 771 illa
1669 726 1756 795 quae
1779 701 1822 770 de
1989 689 2001 749 l
2013 778 2018 800 ἰ
2030 774 2033 779 3

484 814 578 880 fonte
592 815 675 896 exit,
697 832 786 902 quae
800 831 945 879 manans
964 811 1149 899 excipitur;
1165 807 1226 875 illa
1240 809 1335 875 enim
1351 829 1439 897 quae
1455 807 1631 894 colligitur
1644 809 1687 875 de
1703 809 1822 899 pluvia
1940 797 2032 919 33³2}

484 920 520 984 in
537 919 677 988 lacunas
695 921 755 984 aut
768 916 949 998 cisternas,
967 937 1060 1005 aqua
1080 916 1158 981 viva
1180 937 1250 982 non
1271 915 1412 994 dicitur;
1437 921 1471 981 et
1490 914 1575 981 side
1590 915 1684 980 fonte
1699 935 1818 985 mana-

484 1027 571 1094 verit
586 1028 669 1095 etin
689 1024 764 1090 loco
785 1024 905 1115 aliquo
925 1023 1069 1090 collecta
1088 1023 1223 1088 steterit
1246 1029 1280 1088 et
1303 1021 1496 1110 interrupto
1514 1028 1627 1089 meatu
1645 1026 1822 1120 tamquam

484 1154 505 1198 a
519 1134 620 1200 fontis
632 1133 772 1198 tramite
786 1135 944 1220 separata
963 1129 1069 1195 fuerit
1079 1151 1163 1211 ,non
1181 1127 1310 1195 dicitur
1324 1127 1504 1217 aquaviva
1520 1126 1655 1217 (Arcu).
1676 1128 1824 1196 Christus

484 1261 585 1306 sensu
600 1237 764 1307 translato
782 1236 951 1321 intelligit
966 1257 1097 1324 aquam
1113 1235 1243 1314 vivam,
1263 1242 1367 1324 prout
1389 1234 1423 1300 in
1439 1256 1465 1302 s.
1487 1233 1607 1300 litteris
1621 1233 1777 1302 doctrina
1789 1241 1823 1302 et

483 1346 596 1432 gratia
615 1343 671 1410 uei
692 1365 803 1433 aquae
817 1347 1051 1431 comparatur,
1068 1364 1139 1431 qua
1154 1341 1313 1407 fertilitas
1330 1362 1473 1431 operum
1489 1339 1658 1408 bonorum
1676 1340 1824 1408 efficitur

484 1452 694 1541 (cf.Ps.1,3,
715 1456 755 1519 ls.
775 1456 866 1530 tus.
884 1453 951 1515 ler.
980 1454 1071 1530 17,8.
1087 1454 1141 1515 ΕΖ.
1162 1446 1328 1535 trum).
1348 1453 1413 1514 Hac
1433 1447 1525 1514 enim
1539 1447 1668 1533 gratia,
1689 1454 1727 1515 ut
1743 1448 1820 1536 ΟΨ.
1964 1501 1989 1533 a

482 1558 547 1640 ait,
569 1556 765 1624 humanitas
777 1556 929 1623 arefacta
943 1562 977 1622 et
997 1554 1128 1624 diaboli
1142 1554 1264 1621 fraude
1283 1553 1394 1621 omnis
1412 1554 1542 1622 fructus
1555 1575 1675 1643 expers
1689 1553 1824 1621 reddita
1932 1562 1984 1649 «ἧς.
2007 1592 2049 1637 f

482 1667 660 1730 revocatur
677 1663 721 1730 ad
743 1663 929 1752 pristinam
951 1666 1097 1728 naturae
1114 1659 1408 1750 pulchritudinem
1431 1668 1465 1727 et
1487 1661 1657 1727 vivificam
1673 1661 1820 1748 gratiam
1929 1648 1994 1723 4552„

408 1841 410 1845 ,
483 1768 627 1836 ebibens
646 1769 749 1836 variis
769 1768 945 1835 bonorum
969 1767 1158 1855 generibus
1180 1774 1325 1834 ornatur
1344 1774 1378 1834 et
1390 1767 1434 1834 ad
1453 1767 1588 1834 virtutis
1601 1767 1750 1834 studium
1765 1789 1819 1835 re-
1885 1754 1901 1823 s

483 1875 661 1965 pullulans
684 1874 880 1941 uberrimos
894 1873 1092 1941 dilectionis
1112 1875 1169 1940 liei
1185 1896 1300 1940 ramos
1315 1873 1396 1941 edit.
1420 1878 1509 1952 Quae
1527 1896 1607 1940 cum
1626 1895 1715 1964 aqua
1729 1895 1823 1940 com-
1940 1918 1943 1922 ·
1966 1875 2000 1959 „fit
2013 1859 2044 1966 ξῨΪ

482 1983 615 2071 paratio
633 1983 745 2048 ¹varia
772 1980 1039 2048 considerationi
1071 1981 1230 2067 suggerit
1258 2002 1265 2048 :
1294 2003 1384 2071 aqua
1414 1981 1504 2047 lavat
1534 1980 1665 2064 sordes,
1692 1979 1830 2047 inducit
1934 1964 2039 2070 fs,

483 2087 707 2166 munditiem,
728 2087 943 2155 fertilitatem
956 2087 1106 2165 confert,
1121 2087 1311 2172 exstinguit
1326 2087 1417 2154 sitim
1431 2096 1466 2152 et
1479 2088 1640 2154 ardorem
1655 2086 1744 2174 ignis
1760 2085 1817 2175 (cf.
1836 2155 1838 2159 ,
1944 2135 1947 2140 .
1965 2083 2003 2183 ii>
2020 2096 2036 2179 3

484 2194 586 2262 uuit.
609 2193 800 2261 rotulam.
817 2194 933 2284 lup).
949 2199 989 2260 m
1004 2216 1072 2284 qua
1089 2195 1221 2260 ratione
1237 2193 1393 2260 Christus
1410 2215 1536 2283 aquam
1557 2194 1670 2259 vivam
1684 2191 1820 2283 concipi

483 2300 610 2367 vetitet
627 2300 699 2390 ipse
720 2323 799 2390 mox
820 2299 990 2367 indicabit
1006 2307 1038 2366 et
1059 2300 1270 2387 evangelista
1285 2322 1348 2367 nos
1364 2301 1463 2367 docet
1481 2305 1571 2382 7,38.
1589 2306 1631 2366 39
1648 2321 1656 2366 :
1679 2300 1743 2368 hoc
1757 2321 1819 2367 au-

483 2414 551 2474 tem
567 2407 652 2473 dixit
666 2407 708 2473 de
725 2406 856 2496 Spiritu
875 2429 977 2496 quem
994 2407 1170 2496 accepturi
1181 2413 1280 2473 erant
1296 2406 1473 2473 credentes
1489 2406 1526 2473 in
1541 2428 1631 2473 eum.
1823 2399 1825 2404 ’

525 2513 699 2581 Mulierem
715 2514 817 2580 talem
834 2535 973 2580 sensum
993 2535 1063 2580 non
1083 2535 1153 2580 esse
1167 2519 1372 2594 assecutam,
1390 2513 1571 2580 mirabitur
1590 2532 1705 2592 nem03
1723 2536 1755 2579 v.
1773 2521 1812 2580 11

481 2619 564 2685 dicit
581 2620 613 2686 ei
626 2619 752 2686 muilier
765 2642 779 2686 .·
794 2620 954 2702 Domine,
973 2620 1042 2686 iam
1061 2641 1140 2688 eum
1160 2642 1239 2687 cum
1256 2622 1446 2687 reverentia
1461 2619 1662 2709 alloquitur;
1677 2641 1758 2687 nam
1776 2620 1815 2687 in

481 2726 576 2794 vultu
592 2726 716 2794 Christi
731 2732 765 2792 et
786 2728 822 2793 iu
836 2732 907 2793 toto
927 2727 1000 2794 eius
1025 2726 1145 2794 habitu
1167 2727 1406 2816 resplendebat
1425 2727 1575 2813 dignitas
1590 2726 1759 2816 quaedam
1773 2748 1814 2794 ac

480 2831 632 2919 benigna
644 2834 818 2915 maiestas3
836 2856 944 2923 quare
961 2833 1086 2900 mulier
1102 2834 1244 2900 minime
1257 2832 1528 2922 respondetcum
1538 2833 1651 2900 ironia
1661 2832 1811 2923 quadam

483 2935 604 3024 (Cori.)
622 2939 794 3025 autquasi
811 2939 974 3021 irridens,
991 2939 1050 3007 sed
1064 2962 1143 3007 cum
1160 2939 1366 3007 verecundia
1386 2939 1524 3029 exponit
1543 2963 1606 3006 cur
1618 2961 1729 3007 sermo
1747 2938 1813 3007 sibi

480 3044 522 3110 sit
536 3043 711 3131 aenigma;
729 3044 817 3111 bene
832 3048 882 3111 ait
905 3046 982 3112 Cirr.
1001 3069 1080 3113 eam
1100 3047 1280 3114 mulierem
1296 3047 1390 3136 loqui
1405 3049 1630 3134 αἰδεσιμώτερον
1647 3067 1812 3113 verecun-

481 3149 557 3216 dius
571 3171 676 3239 quam
695 3151 897 3218 Nicodemus
916 3151 1051 3219 locutus
1072 3153 1116 3220 sit
1135 3152 1310 3243 (licelid,
1327 3155 1403 3220 sim.
1425 3154 1501 3221 Alb.
1527 3153 1631 3242 Tot),
1651 3175 1759 3243 neque
1776 3153 1814 3220 in

480 3278 548 3344 quo
562 3256 701 3323 horarias
715 3256 816 3324 tabes
831 3270 864 3323 et
880 3272 1005 3347 puteus
1021 3259 1113 3326 ultus
1128 3271 1195 3344 rst,·
1215 3259 1306 3327 rende
1323 3282 1404 3349 erqo
1420 3258 1519 3326 tobes
1534 3282 1662 3349 aqrcom
1677 3259 1814 3326 uiuum?

481 3371 618 3446 ἄντλημα
647 3365 844 3445 haustrum,
867 3366 970 3431 situla
995 3388 1072 3433 cum
1096 3365 1179 3433 fune
1203 3366 1351 3456 quaein
1376 3373 1517 3456 puteum
1539 3367 1729 3434 demittitur
1751 3366 1812 3458 qui

482 3468 582 3536 hodie
596 3469 711 3536 adhuc
725 3470 830 3537 babet
845 3471 1112 3560 profunditatem
1126 3479 1224 3540 metr.
1243 3480 1298 3541 23.
1316 3480 1448 3563 Aquam
1461 3475 1497 3540 in
1509 3481 1614 3563 puteo
1633 3473 1811 3542 collectam
1917 3509 1920 3515 ¹
1960 3467 1963 3472 ¹
1998 3444 2047 3573 Ξ

480 3574 576 3641 dedit
592 3575 708 3657 lacob;
730 3577 860 3644 fontem
875 3577 1004 3665 iugiter
1020 3585 1217 3646 manantem
1230 3580 1431 3670 promittere
1446 3581 1629 3647 videbatur
1643 3580 1810 3655 Christus:

479 3703 586 3770 quare
601 3681 792 3749 dubitando
814 3688 849 3749 et
870 3684 1065 3770 ignorando
1086 3686 1207 3753 mulier
1219 3686 1387 3776 opponit:
1416 3711 1446 3752 v.
1466 3693 1506 3752 12
1521 3685 1693 3777 numquid
1713 3700 1751 3753 tu
1770 3697 1809 3772 μὴ

482 3797 514 3854 σὺ
540 3794 712 3854 tutamen
730 3811 797 3855 non
816 3791 928 3856 maior
950 3813 983 3857 es
999 3805 1101 3881 patre
1120 3806 1234 3860 nostro
1259 3795 1357 3861 Iacob
1378 3795 1610 3861 samaritanos
1628 3793 1656 3860 si
1677 3793 1812 3861 utilitati
1828 3869 1835 3881 .

482 3900 569 3960 esset
587 3894 690 3960 etiam
714 3916 856 3980 negasse
882 3897 1052 3984 originem
1075 3899 1292 3967 israeliticam
1315 3900 1506 3990 exemplum
1532 3901 1636 3966 refert
1656 3898 1813 3990 Iosephus

481 4001 609 4091 (Antiq.
638 4003 785 4089 12,5,5),
807 4003 891 4069 alias
910 4003 1083 4071 iudaicam
1108 4005 1237 4072 iactare
1261 4007 1456 4096 prosapiam
1477 4027 1653 4096 genusque
1673 4027 1773 4072 suum
1792 4028 1814 4073 a

483 4106 562 4172 filiis
577 4107 715 4197 loseph,
732 4109 896 4198 Ephraim
911 4118 944 4176 et
956 4117 1103 4178 Manasse
1112 4111 1239 4178 ducere
1253 4112 1362 4179 solere
1380 4113 1506 4203 (antiq.
1520 4112 1808 4202 9,1t,3;11,8,o),

482 4214 543 4302 qui
565 4212 659 4279 dedit
682 4215 777 4281 nobis
796 4227 940 4304 puteum
964 4218 1061 4284 lacob
1083 4217 1206 4284 fodisse
1227 4224 1389 4307 puteum,
1413 4220 1499 4285 sicut
1522 4219 1565 4285 de
1585 4219 1758 4286 Abraham
1778 4224 1812 4286 et

480 4326 574 4386 lsaac
588 4327 749 4388 narratur
760 4325 854 4410 (Gen.
873 4329 994 4406 21,³0;
1014 4331 1126 4407 26‚15.
1143 4330 1194 4391 18.
1208 4331 1262 4391 Ἡ.
1276 4332 1319 4392 25
1332 4326 1423 4415 etc),
1437 4349 1506 4392 non
1521 4325 1660 4416 quidem
1671 4326 1808 4412 legitur,

480 4434 515 4492 at
535 4427 632 4492 facile
652 4426 857 4516 intelligitur
879 4450 959 4494 eum
974 4431 1120 4497 voluisse
1143 4430 1271 4499 habero
1293 4433 1474 4523 proprium
1496 4439 1636 4522 puteum
1655 4433 1691 4498 in
1710 4439 1808 4522 parte

483 4535 557 4618 agri
568 4555 672 4623 quam
687 4536 903 4623 acquisierat,
920 4538 1119 4624 praesertim
1132 4560 1209 4605 cum
1223 4539 1378 4607 accidere
1395 4547 1516 4627 posset,
1535 4544 1573 4606 ut
1587 4537 1811 4606 viciuiessent

483 4641 601 4725 generi
622 4641 721 4707 lacob
746 4640 881 4710 infensi.
908 4642 989 4709 Dein
1016 4646 1140 4712 mulier
1159 4667 1286 4737 aquam
1301 4645 1429 4712 bonam
1441 4669 1510 4714 esse
1526 4650 1561 4711 et
1577 4645 1809 4714 abundantem

482 4744 633 4815 declarat
655 4747 816 4837 (meopte.
843 4751 955 4816 Tlrom.
983 4751 1058 4818 Gai.
1080 4751 1206 4841 Matd.)
1227 4767 1259 4820 et
1284 4752 1355 4843 ipse
1375 4775 1417 4819 ec
1438 4775 1475 4820 eo
1499 4752 1580 4818 bibit
1600 4762 1633 4818 et
1649 4753 1719 4843 filii
1740 4751 1814 4820 eicis
