4050 5648
202 554 258 613 ζ
309 588 311 594 .
392 523 431 581 20
760 529 820 583 oua
841 526 1107 577 occss1oranaen
1128 531 1176 578 srr
1197 526 1350 572 scaurus.

392 668 507 756 aliquo
524 669 734 737 modoreote
752 661 930 741 asseritur3
950 661 999 728 ibi
1018 666 1111 732 enim
1127 682 1240 730 sermo
1256 661 1294 727 fit
1310 661 1354 728 de
1374 664 1584 734 antichristis
1598 663 1715 733 multis
1813 660 1843 673 ”

292 831 308 864 Ἴ,
392 772 453 863 qui
468 776 658 864 prodierint
672 767 811 860 quidem
826 791 867 834 ex
879 767 991 850 nobis,
1009 778 1045 838 at
1059 791 1129 838 non
1143 767 1271 835 fuerint
1284 788 1325 834 ex
1338 769 1453 850 nobis;
1472 797 1489 834 κ
1505 771 1717 839 mendenen

392 881 453 970 qui
464 893 568 972 negat
580 876 742 972 quoniam
756 880 848 942 lesus
862 878 912 941 est
922 875 1085 958 Christum
1102 874 1160 941 hie
1173 879 1222 941 est
1234 873 1456 944 antichristus
1468 877 1528 967 qui
1538 883 1642 964 negat
1651 884 1715 946 Pa-

386 993 478 1056 trem
498 997 532 1057 et
545 988 665 1054 Filium
679 1009 694 1042 u
705 980 798 1071 (339
814 979 902 1070 seq.)
915 987 949 1048 et
962 1007 970 1052 :
982 1012 997 1045 «
1014 981 1123 1052 omnis
1135 979 1271 1071 spiritus
1286 981 1345 1071 qui
1357 981 1457 1050 solvit
1469 988 1577 1052 lesum
1593 1004 1631 1050 ex
1646 988 1714 1052 Deo

389 1101 522 1163 nonest
534 1091 637 1159 ethic
650 1100 700 1156 ost
709 1088 928 1157 antichristus
937 1089 979 1157 de
991 1112 1058 1180 quo
1069 1086 1376 1177 audistisquoniam
1389 1089 1483 1155 venit
1496 1097 1530 1159 et
1542 1092 1714 1158 nunciam
1823 1156 1839 1183 ,Ι

389 1203 424 1269 in
439 1197 568 1268 mundo
579 1200 628 1261 est
646 1224 661 1257 n
678 1198 725 1283 (t,
738 1199 788 1287 3),
803 1215 873 1284 qua
883 1196 1053 1264 sententia
1065 1192 1192 1260 directe
1202 1194 1428 1285 impugnatur
1438 1217 1535 1263 error
1546 1196 1710 1282 Corinthi,
1797 1231 1799 1234 >
1831 1188 1842 1295 '4³

389 1308 449 1397 qui
473 1304 641 1370 Christum
663 1304 814 1372 avolasse
838 1323 858 1368 a
884 1305 955 1369 lesu
980 1308 1058 1369 ante
1085 1299 1279 1390 passionem
1304 1300 1429 1370 docuit.
1455 1301 1520 1369 Sed
1544 1303 1712 1373 eiusmodi
1798 1301 1802 1310 '
1834 1304 1841 1329 ¹·

202 1362 266 1447 'f
389 1431 498 1497 genus
517 1409 683 1501 loquendi
699 1431 838 1500 pugnax
857 1410 1001 1496 etquasi
1018 1406 1239 1474 bellatorium
1253 1407 1289 1474 in
1304 1408 1483 1496 evangelio
1501 1430 1572 1475 non
1588 1409 1712 1501 depre·
1805 1390 1846 1448 3*

309 1559 311 1563 >
389 1516 565 1585 henditur.
590 1516 757 1584 Asseritur
775 1513 916 1604 quidem
940 1521 973 1582 et
993 1535 1093 1603 saepe
1112 1516 1146 1578 et
1164 1517 1299 1579 strenue
1318 1520 1429 1604 lesum
1449 1537 1520 1583 esse
1541 1515 1712 1584 Christum

387 1628 421 1690 et
436 1625 619 1714 praecipue
628 1622 664 1687 in
674 1620 867 1688 enarranda
877 1622 1033 1710 passione
1048 1624 1164 1686 vatum
1178 1618 1318 1687 oracula
1327 1620 1500 1689 crebriora
1509 1644 1613 1712 quam
1626 1621 1713 1689 alias
1815 1616 1832 1629 ⁴

387 1730 423 1797 in
439 1730 593 1797 medium
610 1725 1326 1817 proteruntur3sedhaecomniadicuntur
1345 1726 1623 1811 mododocendi;
1639 1750 1712 1796 non
1771 1758 1785 1786 ι

261 1858 264 1864 ‘
291 1878 292 1881 =
386 1841 531 1927 apparet
548 1833 858 1922 directaquaedam
875 1832 1090 1922 impugnatio
1109 1832 1269 1899 aliorum.
1290 1832 1460 1922 llultoque
1478 1833 1591 1902 minus
1607 1836 1710 1903 statui
1815 1883 1818 1890 .

387 1948 499 2033 potest
516 1940 597 2006 iniri
613 1946 785 2007 certamen
798 1948 917 2007 contra
929 1940 1074 2007 docetes.
1091 1943 1195 2006 Nemo
1208 1938 1298 2006 enim
1319 1961 1358 2005 ex
1373 1960 1413 2007 eo
1432 1940 1524 2028 quod
1541 1946 1640 2024 19,3t
1658 1964 1711 2009 ex·

385 2047 504 2139 plicite
523 2045 684 2114 asseritur
701 2045 861 2114 exlatere
876 2050 946 2112 lesu
962 2045 1089 2127 mortui
1103 2066 1260 2134 percusso
1278 2045 1445 2112 effluxisse
1459 2045 1663 2133 sanguinem
1678 2054 1712 2114 et

385 2175 510 2244 aquam
528 2153 652 2220 inleret
665 2152 729 2218 hoo
743 2150 813 2219 iam
831 2151 1003 2233 sulficere,
1021 2157 1059 2218 ut
1078 2149 1296 2240 impugnatio
1315 2152 1515 2219 docetarum
1534 2157 1711 2243 tamquam

383 2282 506 2350 scopus
517 2259 696 2348 evangelio
709 2257 932 2348 praefigatur.
949 2257 1041 2325 ldem
1054 2257 1238 2325 dicendum
1248 2258 1314 2324 erit
1328 2258 1370 2324 de
1385 2257 1604 2346 opinionibus
1613 2260 1713 2326 Ebio-

384 2369 547 2435 nitarum.
575 2366 733 2434 Doctrina
754 2363 893 2453 quidem
915 2365 950 2430 in
973 2363 1062 2430 libro
1082 2363 1232 2453 exposita
1252 2363 1334 2431 illae
1356 2386 1474 2437 omnes
1498 2364 1711 2454 opinationes

207 2456 215 2541 ζ
309 2480 315 2492 ’
384 2474 623 2562 excluduntur,
641 2474 723 2562 quia
742 2471 884 2538 veritate
902 2469 1052 2569 stabilita
1071 2492 1203 2538 errores
1220 2470 1384 2537 contrarii
1396 2493 1437 2538 eo
1457 2472 1530 2561 ipso
1551 2472 1761 2573 prostratib‘
1833 2446 1836 2450 ⁴

382 2580 495 2648 iacere
506 2579 759 2667 intelliguntur.
777 2582 819 2645 At
832 2576 924 2645 aliud
945 2583 995 2644 est
1007 2598 1140 2644 errores
1155 2599 1373 2667 oppugnare,
1386 2577 1485 2645 aliud
1497 2600 1615 2645 verum
1631 2601 1709 2669 pro·

383 2708 525 2777 ponere.
544 2691 652 2764 Quare
667 2684 779 2774 potius
793 2683 977 2751 dicendum
995 2689 1044 2751 est
1062 2683 1252 2775 apostolum
1266 2683 1395 2751 librum
1410 2707 1511 2753 suum
1524 2685 1707 2776 scripsisse,

382 2814 454 2859 non
464 2797 504 2860 ut
516 2790 593 2858 illos
602 2789 792 2858 haereticos
805 2789 933 2857 directe
947 2792 1181 2880 impugnaret,
1193 2790 1254 2858 sed
1269 2798 1307 2856 ut
1318 2791 1437 2858 fideles
1446 2797 1564 2859 eontra
1576 2814 1710 2859 errores

381 2899 460 2965 illos
475 2903 508 2965 et
522 2895 673 2965 fallacias
682 2903 855 2985 serpentes
872 2896 1105 2984 praemuniret
1117 2895 1174 2985 (cl.
1190 2894 1346 2984 Cornely,
1364 2896 1492 2965 lutrod.
1511 2901 1597 2986 lllp.
1614 2897 1706 2986 811).

367 3082 368 3085 ¹
382 3005 548 3094 Serpsisse
564 3002 642 3069 illos
656 3024 788 3069 errores
801 3007 835 3069 et
849 3002 918 3068 iam
931 3000 1061 3069 semina
1071 3002 1241 3092 quaedam
1253 3007 1286 3069 et
1297 3001 1396 3069 initia
1405 3001 1620 3090 gnosticismi
1637 3025 1708 3072 esse

202 3178 205 3183 .
226 3170 240 3203 μ.
382 3116 577 3202 propagata
590 3114 684 3199 patet
701 3115 775 3176 tum
794 3130 834 3175 ex
848 3108 1051 3199 Apocalypsi
1064 3116 1098 3176 et
1116 3108 1269 3199 epistolis
1285 3108 1328 3176 ad
1344 3109 1415 3177 Col.
1436 3111 1521 3199 pr.
1542 3116 1583 3177 et
1593 3115 1709 3201 pasto-
1812 3163 1824 3201 4

307 3211 308 3214 ¹
381 3217 529 3301 ralibus,
549 3227 621 3283 tum
636 3237 677 3282 ex
688 3215 800 3304 prima
814 3216 950 3282 loannis
961 3214 1116 3304 epistola.
1133 3218 1242 3292 Quare
1256 3215 1570 3305 haeoabupostolo
1585 3217 1710 3307 respici

202 3316 211 3338 ⁹
382 3330 415 3391 et
435 3329 555 3391 contra
570 3323 632 3388 illa
645 3321 800 3411 pericula
816 3320 916 3388 firma
933 3319 1148 3410 suppeditari
1164 3321 1333 3402 subsidia,
1352 3323 1470 3411 utique
1485 3344 1621 3390 necesse
1636 3332 1710 3390 erat
1809 3372 1813 3382 .

383 3431 439 3519 (cl.
458 3428 614 3519 Keppler,
632 3432 694 3494 Das
707 3427 1116 3513 lohannes-Evangelium
1129 3426 1200 3494 und
1212 3426 1274 3494 das
1284 3426 1376 3493 [lude
1389 3427 1450 3494 des
1462 3433 1574 3496 ersten
1586 3429 1718 3500 christ,

380 3537 497 3605 lichen
515 3532 766 3602 Jahrhunderts
780 3555 815 3622 p.
839 3539 880 3599 1⁸2
894 3535 992 3622 seq.).
1014 3532 1126 3601 Simili
1145 3533 1247 3600 modo
1267 3535 1427 3600 [renuens
1446 3533 1611 3624 loquitur,
1629 3558 1708 3604 cum

381 3642 473 3710 dicat
488 3646 648 3708 loannem
665 3638 882 3706 confirmasse
900 3639 1079 3706 veritatem
1097 3640 1337 3730 providentem
1350 3639 1569 3730 blasphemas
1584 3642 1706 3721 haere-
1797 3626 1802 3633 ’

380 3751 527 3816 ticorum
542 3748 679 3834 regulas
694 3746 737 3835 (c.
755 3747 851 3813 haer.
869 3753 1001 3829 3‚16‚5;
1014 3748 1060 3813 M.
1079 3747 1207 3836 7‚92t).
1226 3747 1301 3814 Pari
1319 3746 1452 3814 ratione
1466 3752 1561 3835 patet
1577 3746 1705 3815 librum

380 3877 451 3923 non
467 3859 584 3921 contra
598 3852 784 3941 discipulos
801 3852 969 3941 baptistae
988 3874 1060 3920 esse
1076 3853 1252 3942 scriptum.
1275 3858 1358 3921 Nam
1378 3852 1478 3920 valde
1493 3853 1638 3920 dubium
1657 3860 1706 3922 est

380 3961 613 4029 exstiterintne
631 3957 799 4025 eiusmodi
817 3956 978 4047 discipuli
991 3959 1052 4049 qui
1066 3959 1101 4025 in
1120 3959 1236 4049 aliqua
1254 3965 1346 4026 secta
1359 3965 1469 4027 essent
1485 3960 1711 4052 congregatip

346 4070 351 4078 '
380 4091 469 4159 quae
483 4066 575 4134 enim
591 4069 662 4133 Aet.
683 4069 782 4147 1835
795 4069 830 4131 et
845 4071 923 4145 193
942 4072 1137 4148 narrantur,
1153 4066 1294 4132 minime
1311 4067 1496 4134 ostendunt
1509 4066 1613 4134 talem
1628 4089 1704 4134 coe·

309 4210 311 4215 ·
379 4181 464 4243 tum.
481 4177 599 4242 Censet
613 4169 752 4261 quidem
767 4169 948 4260 Liqbtsoot
962 4171 1107 4238 indicari
1119 4174 1154 4239 in
1165 4171 1344 4259 evangelio
1359 4172 1704 4263 opinionesllemero·

379 4281 622 4370 baptistarum,
640 4283 675 4345 et
688 4274 832 4345 sortasse
842 4283 975 4344 coetum
991 4299 1110 4344 eorum
1125 4279 1287 4345 exstitisse
1302 4279 1339 4346 in
1354 4279 1431 4347 Asia
1447 4279 1701 4368 proconsulari;

378 4386 449 4454 imo
467 4389 536 4454 illis
550 4385 712 4454 adscribit
731 4386 933 4452 sententiam
956 4389 1116 4451 loannem
1133 4383 1317 4474 baptistam
1331 4385 1433 4452 luisse
1450 4384 1602 4454 llessiam
1618 4387 1703 4475 (Dis-

377 4495 557 4561 sentations
571 4516 615 4560 on
625 4492 682 4558 the
693 4491 864 4580 apostolic
877 4513 942 4578 age
952 4514 987 4580 p.
1002 4495 1093 4577 388).
1113 4495 1236 4558 Verum
1250 4514 1337 4581 quae
1348 4492 1390 4557 dc
1400 4491 1703 4583 hemerobaptistis

376 4599 574 4666 referuntur
593 4598 685 4690 apud
705 4597 935 4687 Epiphanium
954 4597 1063 4687 (haer.
1086 4604 1144 4678 173
1161 4600 1209 4663 Μ.
1229 4598 1366 4687 11356)
1383 4597 1479 4665 nullo
1495 4599 1598 4667 modo
1612 4599 1702 4666 indi-

376 4710 455 4774 cant
467 4728 525 4784 eos
537 4729 572 4773 se
587 4703 740 4797 profiteri
754 4703 940 4794 discipulos
953 4703 1138 4793 baptistae;
1152 4703 1190 4770 id
1206 4727 1312 4772 unum
1325 4710 1443 4771 tenent
1452 4705 1578 4773 debere
1591 4706 1701 4772 homi-

374 4834 454 4882 nem
465 4810 776 4902 quotidielavando
785 4810 931 4879 crimina
944 4833 1109 4902 purgare;
1124 4811 1249 4880 frustra
1261 4811 1390 4898 allegat
1400 4811 1576 4899 bigbtfoot
1587 4817 1698 4881 Const.

373 4926 484 5012 apost.
503 4924 560 5001 s‚6
576 4917 739 4988 etEuseb.
758 4922 853 5001 133,
869 4921 950 5009 quia
962 4917 1054 4984 bisce
1066 4917 1150 4986 locis
1160 4919 1247 4986 nihil
1257 4918 1406 4986 occurrit
1417 4918 1485 4988 nisi
1497 4918 1627 4986 nudum
1640 4925 1703 4989 lle·
