4116 5648
343 622 427 692 hacc
448 639 497 693 est
511 642 625 695 autem
644 624 714 689 vita
728 633 886 701 aeterno,
907 635 945 687 ut
962 635 1168 716 cognoscant
1191 635 1222 688 te
1241 622 1353 689 solum
1373 629 1480 693 Deum
1500 644 1617 692 oerum
1637 635 1668 687 et

346 754 448 823 quem
463 734 590 802 misisti
603 733 711 796 lesum
732 728 925 811 Christum·
945 759 961 792 «
978 756 1045 800 non
1062 731 1159 820 quasi
1173 731 1246 796 sola
1260 731 1412 816 cognitio
1429 734 1535 799 Patris
1547 737 1581 798 et
1595 727 1659 795 Fili

342 842 503 924 sufficiat,
522 837 582 906 sed
602 835 683 922 quia
701 841 812 902 cetera
835 835 950 902 omnia
965 839 1029 906 hac
1043 836 1240 922 cognitione
1255 838 1413 904 nituntur
1435 866 1450 898 o
1467 840 1604 926 (Corl.);
1622 837 1666 901 cl.

344 954 435 1032 3,16.
459 950 583 1012 lloan.
606 948 707 1023 530:
728 942 821 1011 dedit
836 943 1097 1024 nobissensum,
1116 951 1153 1008 ut
1167 964 1411 1032 cognoscamus
1430 965 1548 1012 vorum
1563 951 1668 1012 [teum

341 1055 490 1122 etsimus
504 1049 542 1114 in
555 1069 635 1115 vero
654 1049 737 1117 Filio
751 1052 840 1128 eius3
858 1049 915 1116 hic
929 1059 978 1118 est
989 1073 1090 1119 verus
1106 1054 1239 1117 [lenset
1255 1051 1324 1117 vita
1343 1056 1495 1117 aeterna.
1516 1078 1532 1110 a
1551 1057 1667 1139 ltaque

342 1157 504 1228 Dominus
522 1162 648 1236 noster,
663 1179 742 1224 cum
759 1154 858 1221 sciret
877 1159 1109 1243 cognitionem
1125 1156 1217 1223 illam
1235 1160 1333 1223 unius
1348 1179 1388 1223 ac
1409 1155 1481 1222 veri
1497 1156 1556 1222 Dei
1569 1179 1668 1243 para-

340 1266 430 1332 riam
441 1284 511 1328 esse
523 1262 692 1353 (πρέξενον)
709 1287 749 1330 ac
763 1262 865 1328 veluti
876 1264 1069 1350 pronubam
1085 1262 1332 1353 (προμνήστριαν)
1344 1285 1464 1331 eorum
1481 1261 1665 1345 bonorum,

339 1370 389 1438 ait
411 1368 520 1457 ipsam
544 1392 614 1437 esse
636 1370 742 1437 vitam
761 1375 952 1446 aeternam,
971 1374 1086 1458 utpote
1101 1376 1244 1436 matrem
1267 1379 1301 1437 et
1321 1369 1490 1437 nutricem
1507 1375 1666 1435 aeternae

339 1476 447 1559 vitae,
466 1474 501 1542 in
517 1499 579 1543 sua
592 1474 850 1566 quodammodo
861 1475 984 1541 virtute
997 1481 1030 1541 et
1042 1483 1167 1543 natura
1182 1500 1298 1544 causas
1313 1479 1403 1544 vitae
1419 1474 1667 1566 parturientem

188 1618 195 1677 '.
237 1570 240 1575 ¹
338 1582 432 1650 etad
454 1605 534 1651 eum
559 1584 763 1650 referentem
790 1610 804 1640 ι)
832 1581 958 1669 (cisa).
984 1586 1109 1649 Contra
1127 1584 1288 1666 Arianos,
1311 1583 1512 1651 Socinianos
1534 1579 1667 1648 adverti

339 1689 452 1774 debet,
469 1689 639 1757 Christum
655 1711 725 1755 non
745 1688 858 1756 dicere
874 1688 983 1754 solum
1001 1696 1134 1758 Patrem
1152 1712 1223 1757 esse
1245 1712 1364 1756 verum
1382 1696 1505 1771 Deum,
1531 1689 1589 1756 sed
1606 1695 1668 1755 Pa-

279 1862 282 1872 ,
337 1800 426 1864 trem
439 1817 510 1864 esse
525 1794 664 1861 unicam
678 1817 795 1862 oerum
814 1799 937 1877 Deum,
953 1796 990 1861 in
1004 1797 1217 1885 oppositione
1233 1797 1277 1862 ad
1292 1796 1558 1886 polytheismum
1574 1802 1609 1862 et
1623 1794 1669 1861 ad

338 1902 430 1971 idola
441 1901 521 1967 ficta
537 1899 630 1989 (etr.
648 1902 725 1989 Cpr.
744 1905 837 1968 Patr.
857 1900 975 1989 Cart).
991 1903 1048 1968 [lei
1061 1910 1174 1968 autem
1193 1902 1427 1987 cognitionem
1438 1901 1542 1968 talem
1557 1901 1669 1990 qualis

339 2009 536 2097 requiratur
555 2005 599 2073 ad
621 2007 726 2073 vitam
752 2015 943 2090 aeternam,
967 2030 1036 2074 non
1061 2008 1183 2075 haberi
1209 2009 1272 2075 nisi
1297 2030 1358 2097 per
1377 2008 1549 2075 Christum
1574 2006 1667 2074 clare

336 2114 555 2204 exprimitur3
570 2114 723 2204 itemque
740 2114 972 2200 cognitionem
986 2115 1109 2181 Christi
1123 2114 1224 2204 plane
1242 2115 1465 2182 necessariam
1481 2135 1551 2180 esse
1564 2120 1666 2202 atque

337 2220 457 2290 eodem
481 2219 584 2286 modo
605 2242 645 2287 ac
666 2219 899 2306 cognitionem
919 2221 1024 2288 Patris
1045 2221 1089 2287 ad
1106 2223 1209 2288 vitam
1230 2228 1405 2288 aeternam
1431 2220 1579 2310 requiri,
1598 2242 1667 2309 qua

337 2350 375 2394 re
388 2326 490 2394 simul
505 2326 645 2394 docetur
657 2326 780 2394 Filium
800 2349 870 2394 esse
887 2328 977 2394 Patri
992 2328 1315 2396 consubstantialem
1330 2328 1387 2417 (cl.
1409 2329 1519 2417 Cyru).
1540 2326 1667 2393 Fideles

338 2433 408 2502 iam
418 2432 550 2500 hiscein
560 2433 660 2500 terris
670 2433 775 2500 vitam
789 2440 962 2501 aeternam
980 2434 1107 2502 habere
1120 2436 1281 2503 dicuntur
1296 2436 1352 2524 (cl.
1369 2439 1460 2516 6,t0.
1476 2442 1536 2513 55;
1552 2433 1665 2523 5‚ua);

338 2540 431 2608 unde
445 2537 529 2606 dore
547 2543 652 2606 vitam
674 2547 849 2607 aeternam
874 2541 930 2629 (cl.
955 2544 1067 2628 1038)
1085 2542 1249 2608 etiamad
1268 2542 1305 2608 id
1329 2542 1476 2609 refertur
1490 2539 1582 2629 quod
1599 2541 1667 2606 iam

338 2646 376 2713 iu
389 2652 483 2713 terra
498 2645 613 2724 datur3
635 2647 678 2712 cl.
699 2654 776 2728 1,1u
798 2646 890 2713 dedit
911 2646 958 2713 eis
975 2653 1175 2738 potestatem
1192 2648 1280 2715 tilios
1298 2647 1356 2714 llei
1369 2647 1445 2713 fieri
1458 2654 1492 2713 et
1505 2646 1585 2713 vide
1599 2654 1667 2713 sta-

339 2752 402 2819 tim
418 2751 510 2819 inlra
526 2776 557 2818 v.
579 2758 633 2820 22.
651 2757 759 2830 Quare
776 2753 928 2842 proxime
943 2753 985 2820 de
1005 2754 1198 2840 cognitione
1215 2753 1293 2820 fidei
1308 2754 1461 2820 hocloco
1476 2758 1663 2820 estsermo.

338 2863 382 2927 nt
397 2860 520 2927 merito
541 2859 684 2926 ulterius
705 2882 745 2925 ex
768 2861 880 2926 verbis
899 2860 1058 2941 infertur,
1079 2862 1181 2927 vitam
1202 2868 1378 2928 aeternam
1396 2860 1419 2926 i.
1437 2881 1466 2926 e.
1484 2858 1666 2925 essentiam

336 2965 719 3034 beatitudiniscoelestis
734 2967 768 3032 in
783 2967 1003 3033 intellectuali
1016 2970 1073 3033 llei
1086 2968 1214 3034 visione
1230 2968 1442 3056 potissimum
1457 2965 1580 3032 haberi
1595 2965 1617 3031 i.
1632 2987 1663 3031 e.

336 3101 353 3136 «
379 3072 617 3164 principaliter
637 3071 824 3139 secundum
849 3080 955 3139 totam
980 3096 1076 3140 suam
1098 3075 1339 3154 substantiam;
1365 3095 1462 3139 amor
1482 3079 1596 3140 autem
1616 3078 1666 3139 est

334 3202 476 3248 movens
498 3179 543 3246 ad
563 3179 651 3246 hanc
674 3185 709 3246 et
728 3179 902 3269 quoddam
930 3182 1000 3246 eius
1020 3182 1311 3269 complementum
1337 3209 1351 3240 a
1381 3179 1511 3269 (Tironi.
1534 3180 1662 3269 Iam),

336 3308 440 3376 quam
455 3292 572 3353 tamen
588 3286 787 3367 ulteriorem
803 3287 1057 3353 conclusionem
1074 3295 1164 3353 recte
1180 3288 1297 3353 inlerri
1313 3286 1382 3354 Tol.
1397 3285 1505 3352 Mold.
1516 3292 1664 3372 negant;

334 3391 393 3459 ille
407 3390 565 3482 quidem,
585 3394 665 3480 quia
688 3392 861 3459 videretur
886 3392 1061 3460 beatitudo
1083 3395 1185 3460 ctiam
1208 3393 1367 3460 constitui
1388 3391 1613 3460 essentialiter
1630 3393 1668 3458 in

336 3497 464 3565 visione
480 3498 702 3565 humanitatis
720 3499 863 3581 Christi3
881 3500 937 3565 hic
956 3506 1070 3568 autem
1086 3507 1199 3566 censet
1220 3500 1331 3589 potius
1346 3499 1581 3586 colligendum
1596 3520 1667 3565 csse

335 3603 535 3672 beatitatem
550 3604 729 3673 consistere
751 3606 785 3671 in
803 3605 994 3688 voluntate,
1016 3606 1099 3697 quia
1119 3607 1291 3673 inchoatio
1307 3608 1379 3674 eius
1397 3606 1434 3672 in
1448 3607 1590 3673 caritate
1606 3628 1665 3695 po

335 3711 401 3779 sita
414 3711 475 3792 sit;
493 3710 560 3778 dici
578 3718 693 3778 autem
711 3711 942 3798 cognitionem
961 3735 1031 3779 esse
1049 3713 1155 3779 vitam
1170 3720 1362 3793 aeternam,
1384 3734 1454 3778 non
1470 3713 1564 3801 quod
1578 3711 1662 3793 sola,

335 3819 393 3886 scd
409 3818 522 3909 prima
535 3817 629 3884 illius
643 3841 743 3885 causa
755 3819 797 3884 sit
818 3818 912 3885 fides
929 3824 972 3885 Dc
989 3821 1165 3909 utriusque
1180 3822 1339 3908 opinione
1358 3818 1494 3885 videant
1512 3820 1663 3906 theologi

334 3925 419 4014 quid
435 3925 556 3993 valeat.
574 3929 730 3992 Ceterum
744 3928 896 4011 pods-rso
912 3948 980 3991 non
996 3926 1079 3992 dicit
1091 3927 1220 3993 nudum
1239 3933 1271 3992 et
1286 3926 1420 3992 aridum
1436 3925 1664 4008 intellectum,

334 4054 452 4099 verum
472 4031 617 4098 includit
646 4039 681 4097 et
700 4031 841 4098 denotat
865 4032 986 4098 mentis
1009 4055 1147 4120 quoque
1172 4034 1347 4110 allectum,
1374 4033 1664 4113 aestimationem,

335 4140 590 4207 observantiam
610 4139 663 4224 (cl.
682 4142 779 4219 8,55;
801 4145 913 4218 10,15.
939 4146 1107 4219 273163.
1135 4144 1261 4205 110an.
1289 4145 1345 4219 23
1361 4160 1432 4226 seq.
1457 4145 1525 4220 3,1.
1549 4145 1585 4220 ὃς
1610 4145 1666 4218 l,8

252 4279 257 4287 ·
333 4246 396 4336 qui
407 4269 475 4314 non
486 4245 599 4332 diligit
611 4267 679 4312 non
695 4245 792 4311 novit
809 4249 911 4311 Deum
923 4299 931 4324 ,
945 4246 1107 4334 quoniam
1124 4251 1209 4312 Deus
1223 4245 1430 4332 caritasest).
1446 4249 1550 4323 Quem
1567 4268 1665 4313 usum

335 4355 363 4421 si
377 4353 580 4434 attenderis,
603 4351 697 4420 illam
716 4352 997 4418 scholasticorum
1025 4352 1210 4420 multorum
1231 4353 1435 4419 sententiam
1460 4353 1553 4419 haud
1576 4354 1666 4439 rigo-

338 4482 412 4529 rose
433 4462 498 4528 hoc
511 4466 603 4527 textu
618 4459 791 4527 enuntiari
807 4459 983 4539 fateberis,
1002 4459 1061 4525 scd
1081 4459 1194 4549 potius
1210 4461 1318 4525 innui.

382 4570 584 4634 Petitionem
604 4589 674 4633 csse
692 4567 794 4655 plane
813 4568 934 4632 iustam
951 4589 1039 4631 nova
1061 4566 1213 4634 declarat
1230 4568 1363 4634 ratione
1383 4567 1566 4633 ostendeus
1583 4566 1667 4655 quid

337 4675 585 4762 praestiteritv.
602 4681 694 4763 tepo
708 4686 739 4739 te
752 4673 939 4762 elorifirori
954 4694 1053 4761 super
1068 4686 1191 4738 terram
1208 4696 1220 4738 .·
1231 4696 1315 4763 opio
1328 4673 1562 4740 consinumooi
1574 4673 1669 4762 quocl

342 4778 468 4847 dedisti
483 4781 568 4847 mibi
583 4793 619 4847 ut
631 4780 785 4868 sociam
800 4779 970 4870 quomodo
988 4785 1121 4846 Patrem
1137 4781 1267 4846 clarum
1288 4787 1321 4847 et
1335 4781 1524 4868 gloriosum
1543 4781 1663 4847 ell'ece-

341 4888 401 4969 rit,
419 4886 516 4954 addit
532 4912 540 4957 :
559 4912 643 4979 opus
659 4891 907 4959 consummavi3
930 4909 968 4953 aa
990 4888 1105 4953 omnia
1127 4889 1293 4976 praestitit
1308 4911 1396 4977 quae
1412 4892 1509 4953 Pater
1524 4889 1554 4953 ei
1569 4910 1664 4955 man-
