4116 5648
821 399 902 445 aoan.
928 384 1083 459 latr-20.
1556 386 1617 444 517

292 533 412 602 istius?
434 532 624 604 miserantis
651 554 784 615 vocem,
804 553 873 601 non
894 532 1111 624 despicientis
1128 538 1322 622 agnoscunt
1343 531 1420 600 car.
1448 533 1617 623 Tteoplr.,·

290 637 428 730 quando
456 643 590 708 Petrum
611 638 656 705 sit
671 638 841 720 allocuta,
862 662 933 706 non
951 647 1110 707 accurate
1126 639 1337 724 designatur.
1355 639 1406 707 Ab
1423 643 1546 706 loanne
1561 641 1614 708 di-

289 744 417 811 scimus
435 746 536 814 luisse
558 743 752 828 ostiariam,
771 767 792 811 a
819 769 885 836 qua
907 751 1024 812 Petrus
1038 747 1083 813 ad
1102 746 1250 835 primam
1266 749 1484 832 negationem
1502 751 1551 813 est
1561 745 1614 812 in-

293 851 429 936 ductus,
445 854 526 921 dum
549 850 610 917 alii
629 852 672 919 de
691 850 814 918 ancilla
835 852 1004 943 quadam,
1022 853 1148 920 deuna
1164 875 1203 918 ex
1218 850 1353 919 ancillis
1366 853 1490 919 summi
1503 875 1614 920 sacer-

288 957 376 1025 dotis
398 960 603 1049 loquunturj
630 957 715 1025 dicit
743 958 801 1025 elle
821 981 833 1023 .·
852 981 923 1025 non
940 981 1032 1042 scrin,
1052 987 1067 1019 «
1088 980 1166 1026 ecce
1180 957 1341 1025 columna
1361 959 1555 1026 firmissima
1568 959 1611 1028 ad

288 1067 389 1133 unius
411 1087 516 1133 aurae
540 1065 729 1155 impulsum
751 1069 822 1132 tota
845 1066 1072 1148 contremuit;
1090 1065 1150 1131 ubi
1170 1072 1219 1132 est
1237 1064 1299 1131 illa
1311 1066 1539 1155 promittentis
1553 1089 1613 1133 au-

287 1171 385 1240 dacia
407 1178 440 1239 et
451 1170 495 1238 de
514 1193 549 1237 se
566 1170 754 1262 plurimum
770 1172 1013 1262 praefidentis?
1026 1170 1169 1239 hoccine
1189 1176 1240 1238 est
1251 1172 1347 1262 sequi
1362 1173 1562 1260 magistrum
1576 1195 1612 1241 se

288 1300 414 1366 negare
426 1277 632 1369 discipulum
652 1303 668 1338 a
685 1276 825 1367 (Auq.)?
839 1282 886 1344 Ne
901 1278 987 1368 quid
1008 1277 1184 1346 molestiae
1199 1277 1263 1345 sibi
1277 1277 1321 1345 ab
1333 1280 1458 1346 ancilla
1471 1279 1613 1366 garrula

286 1392 473 1466 crearetur,
492 1388 608 1452 Petrus
623 1405 790 1474 praeceps
801 1385 874 1452 sine
892 1385 1057 1452 ulteriore
1074 1384 1350 1452 consideratione
1363 1390 1471 1472 negat
1490 1385 1612 1453 timens

284 1512 364 1557 nea
381 1490 486 1558 servis
501 1495 534 1558 et
547 1490 803 1580 apparitoribus
819 1492 880 1580 qui
896 1496 1004 1559 lesum
1023 1493 1174 1559 vinctum
1193 1489 1408 1559 adduxerant
1422 1498 1456 1559 et
1469 1493 1611 1560 fortasse

282 1599 353 1664 iam
373 1598 461 1666 male
477 1602 708 1664 tractaverant
726 1598 830 1665 etiam
846 1598 919 1688 ipse
938 1598 1029 1666 male
1040 1598 1257 1666 adhibeatur.

327 1703 476 1795 Aliquod
489 1703 640 1770 cernitur
662 1702 852 1772 discrimen
873 1704 909 1771 in
934 1711 1080 1795 utraque
1097 1704 1295 1773 narratione
1320 1706 1456 1772 loannis
1478 1711 1512 1772 et
1530 1687 1609 1793 syn-

280 1811 485 1901 opticorum.
501 1815 584 1877 Nam
596 1809 693 1900 apud
712 1811 775 1878 hos
789 1812 885 1901 prius
896 1818 1202 1880 narraturPetrum
1210 1811 1337 1880 sedisse
1352 1834 1430 1880 cum
1446 1812 1610 1879 ministris

282 1918 327 1985 ad
341 1919 458 2003 ignem
474 1923 506 1984 et
516 1916 564 1984 ita
583 1917 722 1985 adeum
737 1918 915 1986 accessisse
928 1919 1109 1999 ancillam;
1128 1924 1269 1987 loannes
1283 1940 1359 1987 cam
1379 1918 1608 1987 conditionem

282 2029 527 2091 commemorat
550 2025 747 2114 quaestione
773 2025 920 2092 ancillae
941 2033 975 2093 et
1000 2027 1220 2116 responsione
1243 2025 1330 2093 Petri
1348 2027 1497 2093 narratis
1517 2049 1547 2093 v.
1568 2032 1608 2092 18

282 2133 419 2198 stabant
440 2142 556 2197 aretem
579 2130 671 2197 serui
685 2144 717 2197 et
741 2131 894 2198 rninistri
906 2132 1115 2221 (caprarius,
1135 2133 1220 2223 quio
1230 2132 1349 2222 (ripeta
1362 2145 1452 2213 erat,
1467 2145 1500 2199 et
1518 2131 1607 2198 calc-

277 2238 455 2325 suciebant
478 2256 535 2320 se,·
552 2249 626 2303 erat
648 2250 764 2304 aretem
790 2261 868 2305 cum
885 2239 934 2306 eis
955 2252 986 2306 et
1006 2242 1128 2306 Petrus
1145 2252 1241 2307 stans
1264 2253 1298 2306 et
1322 2240 1528 2329 calefaciens
1552 2261 1610 2323 se‚·

282 2344 340 2411 sed
368 2342 593 2411 contradictio
608 2366 679 2410 non
710 2344 827 2428 adest;
849 2367 931 2412 nam
957 2351 1099 2414 loannes
1119 2368 1188 2413 non
1213 2345 1297 2414 dicit
1316 2345 1457 2437 quando
1481 2345 1608 2413 ancilla

281 2472 362 2518 eum
380 2451 530 2519 allocuta
541 2449 583 2517 sit
602 2455 637 2516 et
650 2451 741 2518 hanc
753 2452 990 2520 conditionem
1008 2454 1057 2520 ita
1075 2452 1189 2536 affert,
1210 2457 1249 2519 ut
1266 2452 1366 2519 facile
1380 2452 1513 2542 concipi
1527 2475 1607 2542 pos·

278 2559 323 2625 sit
347 2580 388 2626 ea
411 2556 669 2647 opportunitate
689 2558 851 2626 ancillam
876 2581 973 2627 usam
991 2582 1062 2627 esse
1078 2559 1123 2627 ad
1141 2558 1375 2648 quaestionem
1390 2560 1603 2649 ponendam,

280 2672 381 2755 prout
395 2664 488 2754 apud
494 2665 691 2754 s'ynopticos
706 2665 843 2752 legitur.
862 2667 982 2756 Utique
995 2668 1023 2733 si
1034 2665 1111 2755 quis
1117 2665 1234 2756 finqit,
1247 2665 1404 2733 ancillam
1416 2667 1602 2746 ostiariam,

279 2778 464 2861 antequam
476 2776 613 2838 Petrum
624 2771 823 2839 admitteret
836 2772 890 2840 vel
902 2773 985 2840 dum
996 2773 1026 2840 is
1037 2774 1176 2840 ianuam
1191 2771 1442 2859 ingrederetur,
1458 2774 1606 2839 interro·

278 2900 393 2967 gasse,
411 2880 492 2968 quia
507 2876 742 2967 periculosum
759 2879 933 2947 videretur
946 2879 1107 2947 asseclam
1124 2884 1196 2947 lesu
1213 2878 1413 2961 admittere,
1430 2880 1458 2946 is
1477 2880 1531 2945 vix
1546 2901 1605 2946 ne·

278 3007 362 3072 gare
382 2991 492 3075 potest
507 2984 615 3074 plane
631 2985 732 3054 aliter
744 3009 815 3054 rem
831 2986 989 3054 exhiberi
1002 2986 1096 3075 apud
1109 2990 1281 3053 loannem.
1300 2992 1341 3053 At
1357 2987 1384 3052 si
1399 2986 1487 3052 nihil
1498 2985 1603 3075 finqi-

280 3104 348 3173 tur,
382 3092 440 3159 sed
475 3095 548 3162 sola
578 3094 733 3162 narratio
762 3094 904 3183 simplex
930 3091 1180 3172 consideratur,
1196 3093 1293 3160 nulla
1320 3093 1464 3183 reperiri
1496 3099 1605 3183 potest

278 3199 511 3269 contradictio.
529 3207 648 3292 Neque
660 3199 766 3268 verba
779 3199 848 3267 alia
860 3208 894 3267 et
909 3199 978 3266 alia
989 3200 1055 3266 tale
1065 3199 1277 3266 constituunt
1287 3199 1482 3266 discrimen.
1500 3204 1601 3281 Nam,

277 3312 315 3371 ut
338 3306 406 3372 iam
430 3311 520 3398 Auq.
547 3307 747 3390 adnotavit,
769 3307 881 3374 solent
904 3307 1135 3395 evangelistae
1158 3327 1228 3373 non
1250 3305 1371 3373 iisdem
1395 3306 1508 3373 verbis
1532 3328 1601 3373 rem

275 3412 420 3480 eandem
433 3415 621 3505 explicare,
643 3414 704 3481 sed
720 3419 852 3480 servato
870 3413 990 3481 eodem
1004 3435 1104 3481 sensu
1121 3412 1224 3480 variis
1237 3412 1287 3481 uti
1307 3413 1420 3479 verbis
1439 3413 1600 3499 (decons.

277 3540 400 3606 evang.
419 3526 590 3606 2,12.27;
611 3523 659 3588 Μ.
677 3521 849 3608 samso).

319 3630 393 3692 Non
418 3626 491 3694 sine
516 3651 617 3695 causa
646 3633 763 3695 narrat
790 3631 933 3694 loannes
959 3650 993 3693 sc
1015 3626 1170 3695 introisse
1189 3648 1268 3694 cum
1288 3632 1378 3708 lesu3
1399 3632 1471 3693 erat
1486 3626 1602 3715 itaque

275 3733 366 3800 testis
381 3755 499 3800 eorum
519 3757 609 3823 quae
623 3734 720 3824 apud
735 3740 869 3801 Annam·
881 3741 981 3820 gesta
1004 3739 1101 3812 sunt;
1117 3735 1209 3802 undo
1226 3755 1368 3801 narrare
1385 3739 1496 3822 potest
1510 3731 1600 3822 quod

275 3838 367 3930 apud
383 3839 469 3906 alios
492 3840 709 3908 desideratur
729 3863 762 3906 v.
788 3847 829 3907 19
848 3841 1012 3930 pontisas
1026 3863 1107 3930 erqo
1126 3839 1351 3929 interroqaoit
1365 3841 1475 3906 Iesum
1491 3838 1533 3905 de
1549 3838 1602 3905 di-

275 3944 415 4036 scipulis
431 3947 502 4013 suis
520 3960 552 4014 et
573 3947 616 4014 de
636 3946 795 4013 doctriua
809 3946 903 4033 eius;
918 3949 1016 4036 quasi
1035 3949 1127 4013 enim
1142 3953 1341 4015 novatorem
1357 3953 1390 4014 et
1404 3945 1602 4012 seditiosum

276 4051 384 4120 voluit
396 4075 474 4120 eum
490 4075 655 4141 arguere3
674 4054 765 4120 unde
781 4055 917 4142 quaerit
930 4077 992 4120 cur
1007 4053 1188 4140 collegerit
1199 4053 1399 4142 discipulos3
1415 4052 1550 4141 quaerit
1559 4050 1602 4118 de

275 4158 448 4241 doctrina,
465 4159 494 4225 si
510 4162 595 4227 torte
614 4160 766 4227 inveniat
786 4158 999 4227 occasionem
1016 4181 1091 4226 eam
1109 4165 1146 4226 ut
1163 4160 1263 4247 Moysi
1281 4159 1515 4226 adversariam
1530 4164 1601 4226 tra·

275 4265 424 4333 ducendi
446 4265 539 4352 (cor.
570 4266 746 4356 meopte).
776 4270 857 4332 Cum
882 4264 1055 4333 iudicialis
1080 4265 1256 4356 inquisitio
1279 4265 1372 4355 apud
1395 4264 1602 4354 synedristas

275 4372 388 4454 fieret,
412 4378 526 4438 Annas
545 4373 612 4439 sibi
634 4373 782 4462 odioque
809 4395 870 4440 suo
894 4372 931 4438 in
956 4378 1064 4440 lesum
1087 4373 1280 4440 satisfacere
1306 4372 1414 4439 voluit
1434 4372 1600 4439 malitioso

276 4477 464 4547 delectatus
476 4479 567 4569 quod
590 4485 703 4548 lesum
718 4479 872 4547 vinctum
892 4501 1010 4546 coram
1022 4502 1057 4547 se
1077 4479 1227 4547 videbat.
1244 4479 1308 4546 Sed
1324 4479 1405 4568 quia
1420 4500 1600 4568 personam

274 4584 398 4653 iudicis
416 4608 592 4653 assumens
607 4589 844 4676 quaestionem
863 4587 1029 4668 instituit,
1052 4595 1141 4653 recte
1160 4593 1278 4653 monet
1300 4590 1390 4655 lesus
1406 4607 1476 4652 non
1491 4608 1529 4652 ex
1543 4608 1601 4652 reo

275 4712 346 4759 esse
361 4693 615 4781 quaerendum,
633 4693 692 4760 sed
712 4699 811 4761 testes
827 4692 1012 4774 vocandos;
1032 4716 1065 4760 v.
1093 4699 1134 4760 ΞΟ
1154 4691 1329 4784 respondit
1352 4692 1384 4759 ei
1407 4694 1498 4759 lesus
1511 4715 1524 4758 .·
1538 4714 1600 4781 eqo

272 4796 391 4887 polam
410 4798 542 4867 locutus
559 4821 636 4866 sum
661 4801 811 4884 increata·
828 4822 891 4890 eqo
910 4823 1042 4891 serrqoor
1058 4800 1162 4867 doctri
1181 4800 1219 4867 in
1230 4822 1410 4889 synuqoqa
1424 4813 1457 4866 et
1468 4800 1505 4866 in
1518 4812 1600 4865 terrr-
