4050 5648
242 650 419 715 lizabimini
440 651 568 733 quando
587 662 639 706 me
658 643 824 712 mortuum
843 645 994 711 videbitis
1015 637 1216 720 (distamen,
1231 640 1277 703 Dc
1299 641 1419 724 Wette).
1436 641 1475 701 at
1492 654 1566 717 pro-

241 749 324 813 lecto
341 750 504 813 ascendere
523 742 575 802 uti
592 743 680 824 praue
697 757 764 807 erat
778 765 816 809 eo
832 764 925 808 sensu
944 739 1014 819 capi
1034 740 1146 819 nequit
1158 754 1263 816 neque
1279 746 1328 803 est
1346 739 1492 803 eiusdem
1506 752 1567 796 no-

241 849 338 911 tionis
369 854 464 925 atque
490 839 628 902 exaltari
651 842 890 925 (3,ll;12,32);
912 841 965 904 alii
989 838 1065 898 ita:
1091 836 1192 918 magis
1215 838 1523 913 scandalizabimini,
1539 836 1565 898 si

239 947 418 1009 discessero
445 944 584 1016 eterra,
610 943 687 1021 quia
713 946 782 1003 tum
806 945 910 1003 vestra
932 938 1126 1014 exspectatio
1157 939 1283 997 terrena
1311 939 1405 1017 plane
1429 939 1567 1002 concidit

240 1040 374 1125 (Weiss).
399 1037 461 1099 Sed
486 1055 585 1115 quare
604 1039 810 1120 potissimum
837 1056 907 1112 esse
928 1034 1142 1114 quaerendam
1164 1038 1295 1118 censent
1320 1037 1565 1114 explicationem

239 1158 303 1221 qua
326 1135 511 1197 scandalum
533 1139 641 1218 augeri
663 1135 868 1197 ostendatur?
890 1136 1025 1202 monent
1043 1136 1228 1195 contextum
1248 1130 1384 1193 indicari
1409 1136 1566 1213 particula

238 1228 299 1308 αὕη
316 1234 418 1295 solere
440 1233 600 1297 Christum
614 1236 649 1295 in
667 1232 745 1293 locis
765 1232 924 1294 similibus
943 1246 1013 1291 rem
1028 1248 1141 1310 augere
1157 1230 1244 1305 l,50;
1262 1231 1351 1302 341&
1368 1230 1442 1292 iude
1458 1251 1566 1295 revera

113 1358 119 1365 ·
142 1337 145 1341 ’
237 1331 447 1411 postmodum
460 1333 635 1394 haereticos
649 1347 760 1391 ansam
775 1331 897 1411 cepisse
912 1327 1160 1406 impugnationis
1175 1315 1396 1390 eucharistiae.

278 1431 318 1490 et
334 1429 466 1492 dillicile
482 1429 679 1508 intelligitur,
697 1428 859 1504 quomodo
872 1425 984 1489 ollensi
1000 1423 1039 1486 de
1052 1429 1138 1488 statu
1155 1429 1188 1488 et
1200 1425 1383 1487 conditione
1397 1427 1466 1487 lesu
1482 1445 1567 1489 mor-

237 1528 293 1591 tali
320 1529 421 1609 magis
446 1526 649 1589 offendantur
672 1522 712 1585 de
736 1529 822 1587 statu
844 1525 913 1587 eius
935 1524 1066 1585 coelesti
1090 1541 1186 1602 quem
1208 1523 1315 1586 norint
1337 1529 1393 1587 aut
1414 1524 1562 1587 viderint.

237 1627 352 1706 Utique
372 1626 406 1688 id
422 1625 513 1686 facile
527 1622 768 1702 intelligeretur,
784 1623 812 1683 si
828 1639 933 1684 sermo
951 1620 1125 1683 inferretur
1143 1620 1183 1683 de
1196 1625 1300 1683 morte
1324 1622 1450 1684 Gbristi.
1468 1624 1508 1684 at
1524 1622 1564 1684 de

237 1728 342 1786 morte
353 1724 466 1796 verba,
479 1721 526 1782 uti
539 1720 658 1791 iacent,
673 1737 713 1780 ne
727 1719 882 1783 indirecte
895 1717 1026 1799 quidem
1040 1719 1185 1796 potuisse
1200 1721 1270 1780 tum
1283 1718 1422 1801 intelligi
1436 1739 1454 1782 a
1472 1721 1565 1782 disci-

235 1822 323 1902 pulis
337 1819 418 1881 mihi
434 1819 510 1879 satis
526 1823 651 1880 certum
670 1821 734 1891 est;
750 1817 895 1885 noudum
910 1817 995 1877 euim
1010 1817 1098 1878 lesus
1113 1815 1153 1877 de
1167 1816 1315 1895 passione
1333 1821 1366 1878 et
1384 1823 1486 1881 morte
1506 1836 1565 1880 sua

236 1917 414 1995 discipulos
440 1916 582 1990 edocuit,
603 1916 664 1977 nisi
685 1915 757 1994 quis
778 1914 992 1987 contenderit,
1009 1930 1090 1994 quae
1107 1913 1285 1975 Nicodemo
1306 1913 1473 1976 dictasint
1492 1918 1565 1988 3,ll

235 2016 333 2078 luisse
352 2015 387 2075 in
403 2015 517 2094 vulgus
535 2015 657 2092 perlata
672 2019 703 2074 et
718 2013 890 2075 intellecta.
907 2015 1016 2092 Neque
1035 2011 1189 2092 particula
1207 2001 1252 2070 ab
1267 2012 1308 2074 ad
1326 2013 1415 2074 illam
1430 2014 1565 2092 explica-

235 2113 358 2175 tionem
373 2112 546 2191 adigimur.
565 2111 680 2173 Dicunt
699 2111 830 2191 quidem
849 2129 856 2171 :
877 2111 933 2172 illa
950 2110 1106 2191 particula
1119 2128 1190 2192 erpo
1210 2126 1293 2189 quae
1313 2109 1432 2172 illalira
1450 2117 1500 2173 est
1514 2113 1566 2173 iu-

236 2212 343 2274 siuuat
359 2210 460 2272 maius
476 2211 618 2272 luturum
634 2209 819 2271 scandalum
837 2208 899 2268 nisi
918 2225 1070 2288 praesens
1088 2208 1179 2270 tollat
1198 2211 1230 2268 et
1248 2208 1311 2269 nisi
1328 2226 1414 2270 nunc
1434 2209 1565 2270 credant

237 2306 318 2391 (Tol.
335 2308 410 2369 sim.
426 2306 513 2369 Srhz.
538 2306 657 2388 Weiss).
675 2308 756 2369 Huic
773 2311 880 2387 polest
899 2306 1017 2385 opponi
1039 2304 1125 2384 quod
1144 2305 1213 2385 ipse
1231 2304 1298 2366 rot.
1316 2307 1350 2366 in
1365 2313 1565 2384 commenta-

235 2402 1566 2486 riohabettillaparticulaerpoemphasinbabetetscandalumeorumvehementer

236 2505 351 2585 arguit.
363 2503 483 2566 Sensus
494 2504 581 2565 enim
590 2508 637 2564 est
648 2521 656 2564 :
666 2521 723 2565 vos
734 2503 838 2564 inhoc
848 2501 936 2581 quod
950 2501 1016 2563 dixi
1027 2501 1231 2563 scandalizati
1241 2502 1334 2576 estis;
1346 2520 1421 2582 ergo
1436 2503 1564 2582 quando

236 2619 289 2664 me
305 2601 535 2665 ascendentem
550 2601 606 2662 ubi
622 2601 813 2682 eramprius
828 2604 860 2662 et
874 2617 1001 2662 earnem
1021 2615 1125 2661 meam
1137 2599 1263 2661 unitam
1274 2600 1434 2663 divinitati
1450 2601 1565 2663 intelli·

235 2700 334 2779 getis,
359 2698 715 2760 scandalimbimiuinet
739 2699 848 2760 Potest
868 2697 988 2778 opponi
1012 2697 1098 2777 quod
1119 2696 1160 2758 de
1183 2687 1228 2757 οὖν
1251 2697 1287 2758 in
1315 2698 1563 2777 interrogatione

26 2763 42 2855 ¹.
132 2786 135 2791 ’
235 2795 329 2858 Klotz
344 2796 477 2858 adnotat
491 2814 499 2856 :
515 2794 577 2857 hoc
590 2813 683 2873 saepe
698 2797 734 2857 dt
749 2799 787 2856 ut
800 2796 847 2856 rei
861 2795 1041 2872 praesentis
1054 2795 1135 2883 ratio
1148 2794 1294 2857 habenda
1309 2796 1397 2856 silet
1412 2801 1447 2857 ut
1462 2798 1565 2877 posita

72 2890 75 2897 ’
235 2895 299 2957 alia
308 2912 344 2956 re
357 2894 425 2955 iam
436 2893 554 2955 certior
564 2893 633 2955 lieri
644 2893 684 2953 de
695 2893 804 2971 aliqua
816 2910 911 2954 causa
920 2892 999 2953 velis
1013 2890 1157 2972 (Devarii,
1169 2891 1208 2953 de
1219 2892 1383 2971 particulis
1393 2894 1418 2953 ΙΙ
1430 2912 1461 2972 p.
1479 2895 1562 2975 rte).

236 2997 303 3056 Hoc
315 2993 343 3054 si
362 2991 588 3072 applicaveris,
605 2991 737 3052 habebis
759 3007 767 3049 :
788 2990 964 3071 praesentis
982 2989 1122 3052 scandali
1141 2990 1300 3052 rationem
1319 2991 1416 3053 habet
1429 2992 1563 3064 Christi,

235 3095 268 3154 et
281 3091 387 3172 posita
401 3090 463 3151 alia
483 3107 517 3151 re
533 3089 571 3169 (si
585 3087 781 3169 videritis...)
798 3089 861 3149 iam
875 3088 992 3150 certior
1008 3088 1076 3149 lieri
1095 3087 1165 3149 vult
1183 3089 1206 3149 i.
1223 3105 1250 3150 e.
1269 3089 1443 3169 interrogat
1461 3108 1468 3150 ε
1487 3108 1564 3153 num

234 3193 305 3251 tum
332 3205 463 3268 quoque
488 3186 709 3248 offendentur?
724 3188 891 3247 Praeterea
906 3177 951 3245 oia
973 3203 1068 3266 saepe
1086 3185 1265 3261 adhibetur,
1282 3190 1319 3249 ut
1340 3189 1562 3269 germanicum

234 3304 319 3361 nun,
336 3286 442 3348 solum
457 3285 497 3346 ad
511 3300 712 3365 progressum
727 3284 889 3362 quendam
908 3284 1067 3346 sermonis
1081 3284 1280 3346 efferendum
1296 3283 1420 3364 (Winer
1433 3288 1506 3357 53,8
1522 3288 1560 3365 a),

233 3384 267 3446 id
293 3383 468 3464 quominus
490 3381 542 3443 bic
565 3399 695 3460 quoque
720 3381 862 3462 applices
884 3381 990 3443 nullus
1017 3380 1195 3461 impediris.
1217 3382 1302 3454 Quae
1326 3383 1505 3445 alleruntur
1525 3402 1563 3445 ex

236 3482 310 3556 1,50
319 3485 350 3542 et
364 3483 439 3556 ele
453 3479 492 3540 ad
505 3478 592 3540 aliud
609 3479 737 3540 dicendi
751 3497 851 3558 genus
866 3479 1026 3557 pertinent
1037 3482 1069 3540 et
1083 3479 1124 3541 ad
1135 3479 1221 3542 aliud
1237 3486 1483 3560 argumentum:
1497 3499 1564 3543 cre-

234 3579 304 3641 dis?
318 3578 423 3639 maius
438 3576 487 3638 his
504 3576 645 3637 videbisl
662 3577 774 3655 utique
792 3568 890 3637 ¹talem
910 3575 1107 3637 crediturum
1128 3594 1214 3648 esse,
1231 3578 1292 3639 etsi
1312 3579 1416 3640 maius
1435 3579 1562 3650 viderit,

233 3678 366 3757 planum
386 3679 448 3748 est,
466 3675 540 3753 quia
555 3675 595 3735 ob
610 3690 678 3734 rem
697 3673 853 3734 minorem
867 3674 931 3735 iam
951 3672 1098 3734 credidit.
1115 3673 1306 3754 Oppositum
1321 3675 1389 3738 eius
1404 3677 1450 3738 rei
1464 3677 1563 3739 habe·

234 3780 286 3836 tur
301 3776 376 3847 3,ss
393 3790 400 3832 :
417 3773 542 3833 minora
563 3789 625 3832 nou
645 3772 782 3832 credunt
802 3771 934 3844 dicenti,
952 3789 1028 3851 ergo
1048 3789 1152 3850 neque
1171 3773 1301 3834 maiora.
1317 3775 1435 3836 Verum
1456 3782 1563 3836 nostro

163 3923 166 3926 .
235 3875 305 3935 loco
323 3889 363 3933 ex
377 3888 416 3932 eo
437 3869 523 3949 quod
543 3869 582 3930 de
603 3869 733 3930 bomine
753 3870 882 3930 mortali
902 3868 1119 3942 offenduntur,
1140 3886 1206 3930 non
1224 3873 1372 3949 sequitur
1390 3891 1445 3934 eos
1465 3875 1562 3934 etiam

233 3970 335 4050 magis
350 3969 512 4029 ollensum
528 3968 565 4029 iri
581 3968 607 4027 si
622 3966 763 4034 viderint
778 3984 853 4027 eum
872 3967 906 4026 in
919 3966 1102 4027 conditione
1121 3967 1274 4045 gloriosa,
1289 3986 1308 4028 a
1326 3969 1563 4032 conditionibus

234 4068 388 4131 materiae
401 4070 547 4127 terrenae
560 4069 715 4143 exempta.
733 4063 823 4125 Unde
838 4064 927 4124 nulla
941 4081 1016 4124 cum
1032 4065 1104 4136 leo
1115 4067 1148 4125 et
1161 4066 1234 4136 3,l⁶t
1248 4067 1382 4145 parites!

279 4262 376 4344 Quod
400 4264 435 4329 in
456 4284 489 4327 v.
511 4266 551 4328 63
571 4259 702 4351 incepit
719 4259 793 4327 scil.
811 4258 1106 4327 scandalumillud
1119 4261 1212 4350 quod
1227 4269 1393 4353 ceperunt
1407 4264 1475 4331 alia
1489 4289 1564 4332 cor-

233 4372 329 4464 poris
348 4368 545 4438 conditione
560 4367 597 4433 in
612 4367 765 4434 medium
785 4365 933 4435 adducta
953 4388 1143 4450 removere,
1160 4367 1198 4435 id
1220 4369 1324 4436 etiam
1346 4373 1565 4462 prosequitur

232 4479 270 4545 in
288 4501 322 4546 v.
341 4484 383 4546 ot
399 4473 541 4567 spiritus
554 4486 601 4540 est
621 4474 684 4564 qui
702 4473 868 4564 vivificat,
887 4495 965 4540 caro
984 4495 1054 4540 non
1066 4473 1208 4566 prodest
1222 4475 1432 4567 quidquom;
1445 4480 1512 4544 iam
1527 4480 1563 4545 iu

232 4585 375 4652 homine
400 4581 541 4673 spiritus
557 4585 607 4647 est
619 4603 687 4670 quo
708 4582 811 4648 homo
827 4580 909 4646 vivit
930 4586 963 4647 et
977 4589 1155 4671 operatur;
1170 4604 1249 4650 caro
1267 4584 1391 4673 spiritu
1402 4583 1562 4652 destituta

233 4691 279 4759 ad
297 4691 385 4758 nihil
399 4690 506 4771 valet,
523 4686 654 4753 nullam
670 4687 840 4755 actionem
859 4685 1049 4755 humanam
1063 4689 1208 4778 perlicit.
1226 4688 1260 4756 Si
1276 4688 1394 4780 itaque
1409 4692 1561 4760 Christus

231 4796 341 4877 dicit:
358 4825 374 4859 ι(
392 4798 452 4886 qui
470 4792 652 4862 manducat
677 4816 790 4862 meam
805 4814 1000 4874 caruem...,
1018 4794 1078 4885 qui
1101 4817 1154 4863 me
1169 4796 1370 4880 manducat,
1391 4798 1497 4865 habet
1510 4800 1558 4865 vi-

231 4910 303 4972 tam
317 4931 354 4985 a,
372 4905 502 4992 pariter
514 4899 628 4967 valere
642 4899 761 4984 debet,
779 4907 930 4968 utcarne
940 4901 1014 4968 eius
1025 4901 1083 4968 hic
1100 4902 1239 4971 effeetus
1255 4903 1475 4992 producatur,
1487 4929 1554 4972 non
