4116 5648
825 383 909 429 roan.
935 370 1053 439 183-3.
1544 369 1603 431 509

277 533 344 586 tem
359 530 392 585 et
407 521 510 589 ludas
523 519 587 610 qui
601 518 759 587 tradebat
777 542 854 585 cum
869 518 998 599 lorum,
1020 517 1105 607 quia
1120 521 1323 608 [crucienter
1337 519 1428 583 lestis
1443 542 1605 589 conuerte·
1647 547 1651 554 ·

276 639 330 691 rut
353 625 436 694 illuc
459 649 536 695 curn
561 622 742 716 discipulis
767 626 857 701 suis,
884 626 1083 712 praesertim
1103 625 1204 690 etiam
1231 624 1357 691 ultimis
1381 623 1501 690 diebus
1524 635 1602 695 ante

277 735 486 822 passionem,
515 730 564 796 uti
590 737 667 800 Luc.
692 739 795 810 alar
823 738 985 798 narratur
1008 754 1015 799 :
1037 737 1111 797 erat
1140 737 1254 797 autem
1279 731 1399 798 diebus
1424 731 1550 798 docens
1568 734 1605 799 in

276 841 421 929 templo,
439 837 594 907 noctibus
612 861 693 905 vero
717 839 830 905 exiens
852 839 1054 904 morabatur
1066 837 1100 901 in
1116 841 1230 904 monte
1247 838 1307 924 qni
1321 844 1462 904 vocatur
1474 838 1605 905 oliveti.

276 948 335 1013 Cui
357 944 597 1015 consuetudini
620 946 723 1011 etiam
739 967 779 1010 eo
803 944 859 1010 dia
880 944 1036 1010 insistens
1055 944 1157 1028 elegit
1176 944 1225 1009 ire
1245 943 1289 1008 ad
1306 943 1417 1010 locum
1437 944 1606 1032 proditori

277 1063 407 1120 notum.

321 1166 410 1237 Quae
427 1159 462 1223 in
478 1158 574 1225 horto
593 1164 688 1245 gesta
704 1165 785 1223 sunt
800 1157 960 1244 usquead
978 1157 1161 1224 adventurn
1177 1155 1372 1245 proditoris,
1391 1157 1601 1244 evangelista

276 1271 395 1356 utpote
415 1287 455 1330 es
469 1264 659 1353 synoplieis
677 1269 758 1328 uota
768 1265 905 1329 omittit.
924 1266 1096 1330 lmmerito
1115 1263 1223 1352 aliqui
1237 1263 1441 1329 obiecerunt
1456 1263 1499 1330 ad
1516 1265 1606 1332 ima-

276 1373 395 1460 ginem
414 1372 510 1439 illam
530 1392 635 1460 quam
655 1370 868 1457 evangelista
883 1371 925 1437 de
940 1371 1073 1437 Christo
1087 1370 1187 1436 nobis
1203 1371 1427 1437 transmiserit
1442 1392 1509 1437 non
1524 1393 1607 1438 oon·

278 1478 392 1546 venire
406 1478 576 1544 tristitiam
596 1477 692 1544 illam
709 1484 742 1543 ct
759 1478 919 1564 agoniam
937 1498 1039 1566 quam
1055 1477 1223 1566 synoptici
1234 1477 1333 1543 nobis
1347 1476 1603 1567 descripserint.

278 1590 359 1652 Nam
389 1585 458 1675 ipse
478 1605 618 1673 quoquc
644 1584 856 1671 evangelista
880 1585 948 1651 iam
974 1589 1084 1663 11,33.
1111 1589 1152 1650 38
1172 1583 1253 1650 satis
1273 1583 1419 1650 ostendit
1435 1586 1606 1651 Christum

277 1694 398 1773 etiam,
416 1693 442 1757 si
459 1691 556 1770 velit,
578 1691 684 1757 variis
703 1689 880 1758 affectibus
889 1691 1113 1768 commoveri,
1132 1698 1166 1757 et
1182 1691 1323 1781 insuper
1336 1691 1451 1757 statim
1464 1692 1497 1758 in
1510 1713 1543 1759 v.
1564 1698 1602 1759 11

277 1807 393 1890 aperte
413 1798 536 1864 alludit
554 1797 599 1864 ad
614 1799 805 1864 orationem
830 1798 865 1863 in
887 1797 988 1864 horto
1007 1798 1148 1876 laetam3
1170 1805 1350 1887 praeterea
1368 1798 1540 1866 Christum
1555 1799 1607 1866 in·
1648 1844 1651 1851 ·

278 1913 386 1973 stante
402 1906 558 1994 passione
578 1904 714 1970 turbari
734 1905 902 1992 angique,
922 1906 1063 1971 minime
1088 1905 1145 1970 ille
1164 1904 1375 1992 evangelista
1391 1907 1502 1994 potuit
1519 1905 1607 1972 velle

279 2034 421 2098 negare,
443 2012 503 2101 qui
517 2020 636 2078 narrat
651 2011 806 2101 passione
825 2010 978 2077 noudum
994 2011 1140 2078 instante
1156 2013 1328 2079 Christum
1344 2012 1467 2078 dixisse
1488 2033 1496 2079 :
1516 2034 1608 2079 nunc

279 2121 394 2186 anima
415 2140 490 2185 mea
500 2118 637 2185 turbata
647 2125 712 2194 est3
731 2118 864 2206 etquid
884 2119 1016 2184 dicam?
1027 2124 1136 2194 Pater,
1150 2118 1304 2184 salvifica
1321 2139 1375 2184 me
1392 2141 1430 2183 ex
1445 2119 1508 2185 hae
1523 2121 1609 2187 hora

281 2223 422 2312 (taut).
447 2230 564 2290 Nonne
579 2224 661 2290 haec
678 2224 783 2290 verha
799 2247 881 2313 prae
896 2247 930 2290 se
949 2226 1063 2291 lerunt
1077 2224 1223 2292 eundern
1239 2225 1397 2292 allectum
1410 2247 1512 2313 quem
1527 2247 1609 2313 syn·

280 2331 385 2421 optici
408 2330 628 2398 describunt?
661 2331 825 2397 Omittens
853 2333 969 2421 itaque
1001 2333 1162 2418 agoniam
1193 2332 1229 2397 in
1254 2332 1354 2399 horto
1378 2353 1453 2397 eam
1480 2354 1607 2419 negare

281 2461 344 2505 neo
374 2438 480 2504 voluit
500 2460 561 2504 uec
586 2439 714 2528 potuit;
739 2461 769 2503 r.
793 2445 812 2505 3
834 2437 940 2506 lesdas
960 2460 1038 2527 erpo
1058 2461 1137 2505 cam
1151 2438 1336 2527 accepisset
1354 2437 1524 2504 cohortem
1538 2452 1572 2505 et
1586 2462 1608 2506 α

275 2544 498 2635 pontificibus
510 2559 543 2610 et
551 2544 748 2634 pharisaeis
763 2545 954 2626 orinistros,
973 2545 1066 2611 uenit
1080 2544 1165 2610 illuc
1178 2566 1254 2610 cum
1270 2542 1411 2610 latomis
1426 2558 1457 2610 et
1469 2544 1607 2632 [acibus

280 2666 312 2719 ct
345 2652 471 2733 urmis;
498 2653 636 2732 cohors,
664 2669 770 2738 σπεῖρα
793 2658 826 2717 et
850 2674 881 2716 v.
912 2658 953 2717 12
979 2652 1136 2717 tribunus
1158 2659 1334 2739 piam-paq
1359 2651 1460 2740 proin
1481 2653 1608 2720 milites

280 2780 417 2848 quoque
437 2758 571 2825 romani
586 2758 742 2825 aderant.
760 2763 874 2847 Neque
890 2757 926 2824 id
944 2759 1069 2824 mirum
1088 2765 1155 2835 est3
1171 2759 1284 2846 potius
1306 2759 1429 2823 mirum
1448 2765 1552 2839 esset,
1578 2761 1607 2825 si

281 2887 349 2933 non
372 2865 569 2932 adfuissent.
598 2870 672 2931 Post
691 2865 892 2931 sollemnem
916 2866 1012 2931 illum
1035 2871 1106 2931 lasu
1126 2865 1161 2931 in
1178 2865 1299 2930 urbem
1316 2866 1506 2950 ingressum
1521 2866 1607 2954 pha-

281 2972 381 3039 risaei
403 2972 568 3038 dicebant
592 2996 600 3039 ε
621 2994 698 3038 ecce
721 2972 868 3039 muudus
885 2979 976 3039 totus
992 2979 1067 3062 post
1081 2993 1159 3039 eum
1176 2972 1262 3038 abiit
1279 2971 1428 3058 (ΜΝ),
1442 2973 1609 3038 timebant

281 3100 325 3145 ne
347 3080 374 3144 si
403 3079 520 3167 palam
544 3100 624 3145 eum
652 3085 824 3157 tenerent,
842 3079 1009 3146 tumultus
1031 3079 1125 3145 fieret
1147 3081 1183 3144 in
1211 3079 1339 3167 populo
1355 3079 1466 3165 (Mare.
1496 3079 1605 3161 lm),

282 3185 435 3250 sciebant
450 3184 574 3250 multos
591 3186 627 3250 in
644 3186 730 3251 urhe
747 3185 863 3251 adesse
882 3184 1065 3261 Galilaeos;
1087 3208 1194 3273 quare
1217 3185 1359 3250 omnino
1381 3186 1608 3253 necessarium

283 3313 353 3358 esse
385 3291 565 3380 putabant,
591 3298 627 3357 ut
648 3293 849 3357 auctoritate
871 3292 1011 3381 publica
1036 3314 1176 3358 romana
1196 3298 1230 3358 et
1249 3298 1431 3380 caperetur
1452 3299 1486 3358 et
1502 3292 1608 3361 milite

284 3419 425 3464 romano
443 3405 637 3490 praesente,
655 3400 683 3464 si
703 3398 779 3486 quis
797 3399 894 3464 fieret
915 3407 1054 3465 conatus
1078 3398 1285 3465 defensionis
1307 3399 1360 3465 vel
1377 3398 1543 3466 turnultus
1556 3422 1609 3467 as-

283 3503 450 3571 seclarum
473 3504 564 3585 eius,
586 3507 700 3571 statim
723 3504 756 3570 vi
778 3512 812 3570 et
830 3505 936 3571 aruris
960 3507 1213 3594 reprimeretur,
1234 3506 1288 3571 vel
1307 3506 1426 3585 etiam,
1443 3511 1480 3571 ut
1500 3505 1607 3573 milite

284 3618 463 3700 praesente
475 3610 544 3675 iam
560 3631 660 3676 nemo
676 3613 829 3677 resistere
845 3612 897 3676 vel
918 3632 1113 3699 repugnare
1132 3612 1285 3677 auderet.
1305 3617 1413 3689 Quare
1427 3611 1607 3700 probabile

284 3724 335 3785 est
349 3739 408 3783 eos
426 3717 529 3782 etiam
551 3717 702 3806 praesidi
720 3720 878 3785 nuntium
903 3718 1049 3798 misisse,
1069 3718 1276 3806 capiendum
1297 3741 1368 3785 esse
1382 3719 1493 3785 virum
1510 3718 1609 3786 valde

282 3825 442 3890 infestum
462 3830 495 3888 et
516 3822 718 3889 insidiosum
739 3832 772 3890 et
796 3824 840 3891 ad
864 3823 899 3889 id
922 3845 1086 3913 prospere
1104 3825 1341 3913 peragendum
1357 3848 1441 3915 opus
1459 3848 1529 3892 esse
1547 3827 1609 3891 mi-

284 3931 355 3997 lite.
378 3935 415 3996 ut
434 3952 522 4018 quae
541 3931 577 3995 in
597 3953 628 3996 v.
658 3936 756 3996 uss-31
781 3931 942 4017 legimus,
961 3931 1107 3997 suadent
1123 3930 1267 3997 Pilatum
1293 3933 1361 3997 iam
1375 3938 1474 3998 antea
1490 3931 1612 3999 certio·

283 4060 354 4104 rem
378 4038 502 4104 lactum
526 4059 609 4104 esse.
637 4042 672 4102 ln
692 4059 770 4104 arce
797 4037 945 4104 Antonia
966 4044 1039 4104 erat
1060 4036 1270 4128 praesidium
1292 4060 1472 4105 romanum
1495 4038 1609 4127 (τάγμα

287 4146 464 4228 Ῥωμαίων,
483 4143 655 4234 Iosephus,
670 4144 752 4211 Bell.
771 4144 841 4210 iud.
861 4151 930 4224 5,5.
949 4147 996 4232 8),
1012 4145 1104 4234 quod
1120 4144 1242 4211 diebus
1258 4145 1350 4210 lestis
1363 4145 1465 4211 etiam
1481 4145 1610 4210 maiore

285 4273 429 4320 numero
454 4260 592 4340 praesto
618 4258 700 4318 erat.
735 4250 877 4331 Cohors,
906 4267 1029 4338 σπεῖρα,
1056 4252 1193 4341 proprie
1223 4257 1274 4317 est
1306 4250 1437 4317 decima
1461 4272 1539 4341 pars
1562 4251 1610 4318 le-

284 4360 398 4446 gionis
423 4380 601 4436 ronranae3
623 4357 715 4448 apud
740 4356 921 4445 Polybium
947 4358 1071 4424 dicitur
1089 4359 1225 4448 saepius
1244 4357 1287 4424 de
1307 4357 1608 4448 tricesimaparte‚

286 4465 328 4531 de
344 4464 519 4553 manipulo
545 4465 659 4552 (tertia
687 4474 782 4554 parte
807 4465 970 4550 cohortis)
988 4472 1020 4532 et
1041 4464 1226 4531 adhibetur
1245 4464 1287 4531 de
1306 4463 1460 4554 qualibet
1473 4472 1610 4532 caterva

288 4573 431 4638 militum
450 4571 511 4658 luti
527 4571 642 4637 ludith
660 4577 776 4649 lt,tt;
795 4574 934 4637 attach.
958 4573 1069 4659 8.23);
1092 4595 1161 4660 qua
1176 4573 1316 4638 notione
1333 4570 1485 4638 hocloco
1502 4572 1610 4639 habe·

289 4684 354 4744 tur.
368 4679 484 4745 llilitrs
499 4678 553 4743 isti
566 4677 609 4742 ad
626 4678 815 4745 custodiam
832 4678 941 4744 additi
952 4684 1065 4755 erant,
1087 4687 1123 4744 ut
1141 4683 1229 4745 lesus
1248 4685 1321 4745 tuto
1339 4677 1609 4768 comprehende·

292 4793 385 4850 retur
408 4795 440 4851 et
468 4785 510 4852 ad
545 4785 750 4870 synedristas
779 4784 1019 4853 adduceretur.
1052 4792 1077 4852 h
1102 4784 1316 4875 principibus
1338 4786 1552 4853 sacerdotum
1576 4792 1609 4853 ct
