4050 5648
270 606 412 696 gnificat
425 631 504 676 eum
521 609 557 673 in
569 598 667 668 nulla
680 620 717 665 re
730 622 827 689 posse
841 608 907 671 Deo
923 624 993 670 eme
1011 596 1238 675 contrarium,
1253 593 1335 662 dein
1351 598 1524 666 indicatur
1539 618 1596 663 sa-

57 770 61 777 ·
270 715 312 783 tis
326 716 446 784 eadem
460 709 567 781 Patris
579 710 613 771 et
626 704 701 772 Filii
715 717 856 791 natura3
874 733 955 778 nam
967 702 1057 798 quod
1072 725 1144 771 non
1157 706 1301 793 potesta
1320 724 1357 768 se
1372 706 1483 774 lacere
1498 702 1596 796 quid·

98 804 153 892 ’,ἵζ’
189 884 191 888 .
270 845 394 915 quam,
413 824 479 889 hoc
501 817 615 903 ipsum
639 819 689 881 est
707 824 847 908 propter
865 816 1009 884 eandem
1031 831 1175 877 numero
1201 829 1281 875 cum
1303 812 1400 876 Patre
1419 819 1594 890 natiiram3

40 918 52 931 '¹
270 931 383 996 omnis
396 926 487 992 enim
503 919 682 1012 rationalis
691 929 816 990 natura
829 923 907 989 ideo
920 923 1029 1012 potest
1048 916 1182 1008 aliquid
1194 916 1306 983 lacere
1321 938 1404 995 ase,
1425 920 1480 986 vel
1493 942 1533 986 ex
1546 941 1594 1000 se,

272 1037 354 1126 quia
374 1031 478 1098 habet
497 1025 601 1092 aliam
620 1051 641 1095 a
658 1034 725 1096 Deo
742 1035 899 1095 naturam
918 1029 1020 1118 (lans.
1041 1024 1142 1119 Coi).
1156 1021 1304 1090 Proinde
1321 1021 1427 1091 dicit:
1443 1026 1529 1093 nihil
1545 1027 1598 1094 la·

272 1142 324 1207 cio
339 1134 431 1225 quod
446 1154 516 1199 non
532 1134 634 1203 iaciat
647 1140 747 1202 Pater
759 1155 855 1201 meus
869 1142 903 1201 et
915 1134 958 1201 ab
971 1155 1012 1198 eo
1022 1130 1152 1220 accipio
1168 1136 1202 1198 et
1217 1128 1331 1196 habeo
1350 1129 1519 1219 quidquid
1532 1155 1598 1220 ego

38 1283 64 1332 ‘5
94 1288 129 1333 3,-
272 1242 376 1318 iaci03
398 1245 433 1305 et
452 1239 622 1332 quidquid
640 1241 744 1308 Filius
766 1239 865 1321 lacit,
880 1237 983 1307 amul
1004 1236 1110 1303 etiam
1129 1243 1229 1304 Pater
1247 1234 1345 1315 facit3
1364 1258 1431 1303 una
1449 1245 1498 1304 est
1515 1259 1598 1325 ergo
1673 1246 1676 1250 ’

85 1331 92 1403 s
114 1364 179 1451 f,
271 1347 448 1436 utriusque
463 1348 634 1438 operatio,
656 1346 716 1413 sed
734 1345 837 1413 Filius
852 1368 928 1414 eam
946 1342 1052 1410 habet
1069 1366 1089 1410 a
1104 1349 1221 1426 Patre,
1241 1343 1278 1411 id
1292 1342 1387 1434 quod
1403 1342 1533 1410 indicat
1548 1343 1600 1410 di-

42 1472 48 1497 >
85 1438 99 1494 i
117 1453 145 1475 *'
167 1459 170 1463 ’
274 1451 355 1520 cens
370 1475 378 1522 :
396 1454 462 1520 nisi
483 1454 578 1545 quod
604 1451 728 1520 viderit
751 1455 884 1520 Patrem
908 1450 1101 1518 facientem.
1125 1479 1142 1514 «
1162 1456 1247 1519 Nam
1267 1449 1406 1540 quando
1427 1449 1597 1518 dicimus:

272 1560 362 1629 facio
376 1562 471 1651 quod
489 1562 590 1628 video
608 1559 759 1647 aliquem
778 1559 907 1640 lacere,
924 1557 1156 1643 significamus
1175 1557 1350 1648 quandam
1368 1557 1599 1626 communica-

274 1667 403 1736 tionem
428 1664 576 1734 laciendi
595 1664 640 1731 ab
657 1686 697 1731 eo
719 1686 823 1754 quem
849 1668 959 1732 lacere
978 1662 1148 1744 videmus3
1166 1664 1249 1753 quia
1270 1664 1381 1751 igitur
1401 1665 1505 1731 Filius
1519 1663 1602 1731 iacit

274 1774 363 1842 illud
377 1775 470 1841 idem'
487 1770 580 1861 quod
596 1776 705 1853 Pater,
721 1770 781 1837 sed
793 1772 952 1839 virtutem
965 1769 1114 1837 faciendi
1128 1770 1254 1860 accipit
1266 1792 1288 1836 a
1300 1774 1409 1851 Patre,
1422 1776 1602 1860 propterea

275 1880 403 1947 dicitur
419 1881 531 1945 iacere
550 1877 645 1967 q'uod
664 1875 755 1944 videt
777 1882 911 1944 Patrem
933 1878 1045 1944 lacere
1060 1882 1094 1943 et
1108 1876 1174 1943 hoc
1189 1884 1239 1943 est
1260 1898 1268 1942 :
1285 1898 1354 1942 non
1376 1899 1396 1943 a
1418 1878 1600 1967 semetipso

276 1987 389 2053 lacere
411 2014 427 2045 »
448 1983 562 2072 (Tol).
582 1985 654 2067 Vel,
672 1990 711 2051 ut
735 1983 849 2050 thm.
869 1984 1028 2074 explicat,
1044 2005 1107 2073 per
1127 1983 1237 2050 visum
1258 1983 1440 2050 scientiam
1461 2005 1482 2050 a
1500 1983 1602 2050 rebus

276 2091 479 2183 accipimus,
497 2090 580 2158 visio
597 2092 714 2180 itaque
733 2090 892 2178 designat
914 2090 1159 2157 derivationem
1174 2089 1379 2176 cognitionis
1397 2096 1432 2156 et
1441 2082 1602 2178 scientiae

275 2199 320 2267 ab
335 2199 420 2280 alio,
438 2196 530 2264 unde
549 2204 639 2265 recto
660 2197 864 2289 exprimitur
886 2220 927 2264 ea
948 2219 1029 2263 voce
1050 2196 1173 2264 Filium
1192 2197 1349 2287 accipere
1369 2195 1554 2286 potentiam
1568 2203 1603 2262 et

77 2376 88 2394 „
108 2378 119 2398 ,ἡ
278 2307 515 2396 operationem
535 2328 555 2372 a
573 2308 682 2372 Patre.
699 2306 827 2373 Dicitur
840 2314 955 2372 autem
972 2305 1174 2392 facientem,
1190 2309 1227 2370 ut
1247 2303 1462 2390 intelligatur
1483 2302 1603 2370 Filium

177 2462 179 2467 ⁷
277 2414 379 2480 simul
393 2412 523 2494 facere,
545 2417 670 2479 etcum
691 2413 800 2479 iacere
821 2413 865 2479 sit
884 2413 957 2478 eius
974 2413 1034 2501 qui
1056 2413 1265 2501 exsequitur,
1282 2410 1447 2478 subiectio
1466 2431 1603 2502 quoque

63 2511 68 2520 ’
205 2546 209 2557 ’
278 2541 338 2586 seu
349 2518 587 2585 subordinatio
598 2517 661 2585 lilii
675 2519 719 2586 ad
735 2524 867 2608 patrem
882 2516 1073 2586 excluditur
1087 2518 1206 2608 (cat).

323 2624 515 2692 Sententiae
537 2625 681 2712 neganti
696 2625 897 2712 adiungitur
915 2626 1081 2692 sententia
1100 2623 1292 2706 affirmans,
1311 2646 1380 2713 qua
1401 2623 1604 2711 magnitudo
1656 2700 1664 2711 „

281 2731 457 2822 potestatis
471 2730 594 2797 Christi
608 2733 810 2821 exprimitur
830 2731 987 2820 (Themi,
1005 2737 1039 2797 et
1053 2731 1149 2821 quod
1163 2730 1294 2797 dictum
1315 2737 1365 2796 est
1385 2753 1393 2799 :
1413 2730 1541 2797 Filium
1552 2730 1605 2797 ia·

279 2836 459 2927 ocrequod
469 2837 561 2904 videt
569 2842 702 2904 Patrem
722 2838 902 2905 facientem
912 2838 1105 2905 declaratur
1117 2843 1150 2904 et
1162 2837 1330 2927 probatur
1345 2859 1353 2905 :
1371 2859 1606 2927 quaecumque

282 2945 417 3015 enim...
428 2951 549 3011 cuncta
563 2946 680 3034 itaque
691 2967 779 3034 quae
793 2949 889 3012 Pater
902 2946 992 3026 lacit,
1005 2943 1109 3011 Filius
1118 2966 1257 3033 quoque
1268 2943 1360 3026 lacit,
1377 2943 1483 3035 idque
1498 2954 1606 3029 ὁμοίως

283 3052 307 3117 i.
319 3074 348 3118 e.
359 3051 408 3117 ita
419 3056 456 3116 ut
465 3050 558 3117 idem
568 3050 1189 3141 quoqueoperandimodushaheatur
1205 3050 1327 3140 (ΟΜ
1340 3050 1486 3140 proinde
1493 3050 1607 3117 denuo

282 3157 444 3225 asseritur
459 3179 528 3223 una
542 3178 685 3223 numero
702 3163 839 3239 natura,
858 3157 1026 3247 potentia,
1043 3157 1197 3247 operatio
1213 3159 1320 3223 Patris
1331 3162 1365 3223 et
1381 3158 1465 3238 Filii3
1484 3186 1500 3219 ιι
1514 3157 1553 3224 in
1566 3179 1607 3223 eo

286 3263 379 3330 enim
398 3262 492 3351 quod
507 3269 617 3353 potest
637 3263 757 3330 eadem
775 3286 837 3354 per
856 3264 972 3330 omnia
988 3265 1099 3330 lacere
1115 3286 1204 3353 quae
1223 3270 1304 3331 sunt
1323 3263 1381 3330 Dei
1395 3286 1435 3330 ac
1454 3265 1559 3331 Patris
1574 3271 1610 3331 et

287 3369 423 3459 operari
442 3369 563 3435 codem
579 3370 680 3435 modo
698 3392 737 3436 ac
756 3376 865 3453 Pater,
883 3370 1095 3437 identitatem
1115 3369 1241 3460 prohat
1259 3371 1470 3437 substantiae
1489 3392 1609 3437 eorum

287 3477 355 3564 (τῆς
380 3480 478 3554 olata
499 3485 608 3542 ἑαυτῶν
632 3493 777 3564 μαρτυρεῖ
797 3476 987 3564 acesim),
1003 3475 1128 3566 quibus
1154 3482 1269 3543 autem
1293 3477 1426 3543 essendi
1450 3476 1538 3544 ratio
1560 3483 1611 3545 esi

290 3581 443 3664 diversa,
463 3582 516 3648 his
530 3583 647 3671 utique
662 3604 732 3649 non
747 3583 812 3649 erit
828 3583 921 3649 idem
939 3582 975 3648 in
991 3583 1150 3652 omnibus
1163 3582 1373 3673 operationis
1391 3583 1512 3652 modus
1525 3594 1540 3652 t
1554 3603 1609 3668 τῆς

289 3696 441 3776 ἐνεργείας
466 3694 575 3775 τρόπος
591 3695 646 3775 οὐχ
666 3700 680 3758 3
700 3695 787 3770 αὖτὲς
806 3719 821 3751 »
843 3690 936 3778 (ΟΨ.
952 3689 1027 3757 sim.
1046 3689 1123 3757 ctr.
1146 3690 1240 3779 etc).
1259 3694 1374 3780 Neque
1393 3690 1504 3757 obstat
1517 3690 1611 3780 quod

288 3800 388 3861 Pater
406 3794 546 3861 habeta
564 3817 614 3876 se,
631 3795 731 3862 Filius
752 3820 772 3864 a
795 3802 891 3864 Patre
910 3797 1090 3863 essentiam
1109 3818 1148 3862 ac
1171 3797 1375 3886 potentiam;
1390 3819 1472 3864 nam
1491 3798 1611 3865 eadem

289 3902 389 3968 estin
410 3907 571 3989 utroque;
589 3910 769 3991 propterea
783 3905 870 3970 sicut
890 3903 982 3970 idem
996 3911 1045 3970 est
1066 3909 1166 3984 Deus,
1187 3903 1234 3969 ita
1254 3903 1373 3971 eadem
1393 3903 1564 3991 dignitate
1578 3912 1613 3972 et

290 4006 491 4074 auctoritate
506 4011 700 4094 operantur.
718 4011 905 4077 Haerebant
918 4010 1027 4098 aliqui
1041 4012 1076 4076 in
1093 4009 1198 4076 verbo
1213 4009 1348 4096 facere,
1365 4012 1473 4078 multa
1482 4012 1610 4102 quippe

292 4115 409 4180 fecisse
432 4113 552 4179 Filium
571 4136 659 4203 quae
683 4137 858 4205 nunquam
881 4115 1001 4184 eadem
1019 4121 1153 4183 Patrem
1174 4117 1359 4185 facientem
1383 4118 1536 4198 vidissct3
1558 4119 1613 4186 Fi·

294 4220 380 4286 lium
405 4219 496 4286 enim
520 4242 591 4286 esse
621 4227 755 4302 natum,
774 4224 990 4312 assumpsisse
1010 4222 1195 4289 humanam
1218 4230 1397 4306 naturam,
1421 4246 1491 4292 esse
1518 4247 1611 4293 mor-

295 4332 408 4405 tuum,
432 4327 665 4407 resurrexissc3
688 4329 813 4418 quibus
833 4329 1031 4418 responderi
1051 4334 1177 4418 potest,
1201 4359 1217 4391 «
1247 4335 1381 4397 Patrem
1409 4353 1480 4397 non
1501 4332 1612 4399 solum

296 4431 460 4513 volendo,
477 4433 536 4499 sed
558 4455 636 4500 vere
655 4437 758 4502 etiam
783 4437 919 4523 agendo
937 4436 1052 4502 iecisse
1070 4436 1240 4526 quidquid
1258 4438 1337 4504 lecit
1357 4437 1476 4520 Filius,
1495 4439 1612 4507 fecisse

296 4544 411 4605 tamen
437 4547 474 4605 ut
497 4561 633 4606 causam
656 4543 876 4625 efficientem,
898 4565 967 4609 non
994 4549 1029 4607 ut
1053 4544 1237 4610 terminum
1260 4568 1268 4612 :
1291 4543 1396 4610 Filius
1422 4550 1610 4629 natusest,

294 4647 393 4710 Pater
412 4648 604 4732 generavit3
623 4648 725 4717 Filius
745 4660 903 4717 naturam
927 4651 1114 4716 humanam
1134 4652 1293 4740 sumpsit,
1313 4655 1412 4718 Pater
1431 4651 1545 4734 dedit;
1561 4654 1613 4720 Fi-

294 4749 361 4816 lius
387 4760 541 4820 mortuus
566 4760 631 4832 est,
657 4760 756 4824 Pater
778 4778 857 4824 eum
881 4755 1037 4835 tradidit3
1063 4756 1165 4824 Filius
1187 4757 1385 4836 resurrexit,
1411 4763 1512 4826 Pater
1532 4783 1613 4829 eum

293 4856 476 4923 suscitavit.
494 4866 608 4949 ltaque
632 4862 665 4927 in
690 4864 846 4929 omnibus
868 4862 922 4928 his
943 4864 1043 4931 rebus
1066 4863 1185 4930 eadem
1206 4888 1228 4931 a
1249 4869 1346 4931 Patre
1365 4871 1399 4931 et
1419 4865 1505 4933 Filio
1525 4868 1613 4935 actio

65 4998 89 5025 ,ιΙ

57 5034 99 5063 7

62 5172 99 5219 ¹2¹

64 5320 114 5331 ..
197 5206 430 5348 Λ
