4116 5648
872 532 954 578 roua.
979 522 1133 593 16β3-ἳ4.

343 668 454 753 detur,
480 674 619 742 solvunt
642 672 731 755 detq.
759 666 866 733 Mold.
894 671 1099 759 explicantes
1121 666 1221 734 dedic
1243 670 1472 752 aeternitatis3
1498 669 1557 738 sed
1579 692 1648 759 quo

344 780 446 847 modo
461 780 505 848 ad
522 782 659 846 beatam
676 777 911 842 aeternitatem
931 780 985 844 vel
1004 779 1150 845 alterum
1171 775 1292 843 Christi
1305 774 1489 844 adventum
1507 779 1668 864 congruit

342 888 437 976 quod
450 881 646 952 immediate
661 881 807 961 additur,
825 886 861 947 ut
875 883 947 951 scil.
964 887 999 951 in
1014 883 1072 948 illo
1086 881 1141 947 die
1157 883 1295 970 petant?

387 992 461 1060 hlia
475 987 718 1055 consolationis
731 988 817 1056 ratio
833 994 882 1054 est
899 1018 914 1049 ι(
934 988 1112 1078 promissio
1129 1010 1279 1056 accessus
1294 1009 1410 1056 eorum
1430 987 1472 1054 ad
1490 995 1622 1059 Patrem
1652 1020 1666 1050 u

342 1094 509 1188 (liberal,
528 1094 659 1162 accedit
679 1095 721 1162 ad
745 1093 911 1181 gaudium
928 1120 996 1186 quo
1012 1104 1091 1159 tunc
1117 1094 1274 1163 fruentur
1288 1095 1456 1163 certitudo
1472 1099 1589 1164 omnia
1605 1099 1666 1165 ob-

332 1200 473 1281 tinendi
490 1222 579 1290 quae
597 1225 614 1268 a
636 1207 732 1269 Patre
745 1201 921 1290 petierint3
938 1225 1039 1268 amera
1055 1222 1157 1267 auten
1171 1201 1245 1268 dico
1259 1203 1369 1284 vobis,
1389 1201 1421 1269 si
1433 1201 1667 1293 quidpetieri-

316 1351 318 1354 ⁴
341 1307 384 1375 tis
397 1309 536 1373 Patrem
552 1307 590 1375 in
604 1308 741 1375 acaciae
757 1328 829 1372 aceo
843 1307 939 1372 dabit
957 1308 1069 1389 vebia·
1082 1307 1118 1372 in
1133 1309 1269 1374 nomine
1284 1330 1357 1373 caeo
1372 1309 1507 1376 videtur
1526 1318 1666 1398 propter

339 1436 373 1479 v.
396 1419 438 1478 ‘lt
459 1415 677 1482 referendum
700 1436 770 1482 esse
791 1413 834 1479 ad
861 1412 1042 1502 petieritis,
1074 1415 1121 1479 uti
1147 1413 1245 1481 latini
1270 1415 1473 1503 interpretes
1495 1416 1664 1492 referunt,

341 1519 442 1586 multi
464 1521 599 1588 codices
619 1521 735 1607 graeci
756 1518 910 1587 habent:
937 1519 1034 1586 dabit
1059 1521 1155 1587 vobis
1176 1521 1212 1586 in
1237 1521 1376 1586 nomine
1407 1544 1500 1603 meo;
1523 1523 1615 1611 quod
1639 1523 1667 1588 si

341 1627 563 1716 praetuleris,
586 1627 767 1715 explicabis
791 1627 839 1692 uti
867 1632 966 1707 maa
991 1632 1114 1693 :Pater
1140 1626 1175 1692 in
1199 1627 1323 1692 intima
1337 1648 1416 1693 cum
1432 1628 1515 1694 Filio
1540 1628 1667 1695 unione

340 1731 439 1801 dabit
450 1733 548 1801 vohis
565 1732 608 1799 ad
623 1754 707 1822 opus
722 1732 795 1800 Filii
812 1732 1071 1822 perficiendum.
1087 1731 1151 1798 Sed
1167 1733 1262 1821 prior
1279 1734 1471 1799 coniunctio
1490 1735 1664 1814 suadetur,

340 1842 421 1934 quia
441 1840 594 1907 Christus
607 1839 721 1905 statim
736 1838 833 1906 addit
847 1861 877 1903 v.
901 1845 943 1906 tt
957 1861 1061 1927 usque
1081 1838 1181 1904 inodo
1202 1861 1269 1905 reon
1280 1840 1411 1930 petistis
1424 1839 1616 1929 quidquam
1629 1841 1667 1906 in

339 1946 480 2014 nomine
494 1967 590 2028 me0,·
612 1945 654 2010 cl.
679 1951 777 2024 1t,13
795 1944 879 2036 quid
898 1945 940 2010 sit
955 1953 1069 2034 petere
1088 1945 1122 2010 in
1143 1947 1281 2012 nomine
1298 1951 1387 2025 lesu,
1406 1946 1514 2035 petite
1529 1960 1561 2013 et
1576 1947 1666 2013 acci-

333 2051 461 2145 pietis,
477 2063 516 2118 ut
531 2049 701 2146 quodiam
719 2064 862 2118 cestrum
888 2051 930 2117 sit
950 2052 1115 2139 ptermm,·
1130 2050 1229 2118 docet
1243 2074 1299 2119 eos
1314 2055 1451 2119 nomine
1472 2075 1533 2119 suo
1551 2060 1667 2143 postu-

340 2160 412 2227 lare
440 2164 599 2241 aPatre;
629 2160 797 2225 eiecerunt
815 2157 954 2248 quidem
984 2158 1167 2225 daemones
1191 2160 1226 2224 in
1255 2161 1396 2225 nomine
1424 2164 1514 2242 lesu,
1543 2167 1577 2226 at
1597 2183 1667 2227 non

339 2270 526 2334 oraverunt
542 2270 675 2333 Patrem
697 2265 889 2331 innomine
910 2264 982 2332 eius
1004 2263 1120 2352 (Erech.
1144 2266 1233 2331 lans.
1257 2265 1398 2353 Mala),
1417 2289 1519 2355 quem
1543 2267 1668 2333 orandi

331 2374 481 2468 ‘modum
494 2372 646 2439 Christus
659 2371 795 2438 videtur
809 2371 1020 2462 praescntiae
1035 2393 1116 2438 suae
1132 2391 1322 2462 opponere3
1343 2401 1358 2433 «
1377 2394 1446 2438 non
1463 2373 1556 2439 enim
1576 2374 1666 2440 sole-

338 2502 413 2546 mus
428 2479 620 2570 quidquam
632 2485 692 2546 aut
710 2483 823 2568 petere
844 2484 903 2544 aut
920 2500 1022 2564 agere
1042 2480 1180 2545 nomine
1201 2481 1403 2569 praesentiS,
1426 2481 1486 2547 sed
1499 2481 1665 2561 absentis;

338 2585 473 2673 legatus
498 2585 637 2652 nomine
655 2585 820 2676 principis
834 2607 853 2651 a
869 2607 938 2674 quo
963 2585 1083 2651 missus
1097 2592 1146 2651 est
1172 2616 1186 2645 υ
1205 2584 1356 2674 aructat).
1377 2587 1550 2653 Christum
1568 2610 1668 2677 porro

338 2697 515 2782 tamquam
530 2691 781 2783 redemptorem
802 2696 835 2758 et
855 2691 1077 2759 mediatorem
1095 2714 1244 2782 eousque
1266 2694 1421 2759 nondum
1438 2695 1485 2760 ita
1500 2715 1667 2780 cognove-

340 2805 431 2882 runt,
457 2805 494 2866 ut
511 2821 574 2888 per
593 2800 665 2866 eius
683 2800 806 2865 merita
825 2804 980 2888 peterent
1002 2798 1168 2865 beneficia
1188 2821 1209 2865 a
1228 2803 1307 2865 Deo.
1331 2803 1439 2876 Quare
1459 2799 1549 2889 quod
1572 2800 1666 2866 Chri-

339 2911 410 2974 stus
423 2905 472 2972 eis
487 2905 587 2986 dicit,
613 2927 682 2971 non
699 2911 747 2972 est
760 2905 997 2995 reprehensio,
1016 2907 1098 2993 quia
1119 2927 1269 2995 eousque
1289 2906 1388 2971 talem
1412 2905 1578 2972 orationis
1600 2907 1667 2972 lor-

339 3033 432 3080 mam
453 3011 660 3092 omisissent,
678 3011 735 3077 sed
750 3016 799 3078 est
815 3011 982 3078 institutio
998 3019 1030 3076 et
1045 3010 1255 3077 adhortatio.
1273 3013 1326 3078 Sic
1342 3013 1450 3098 igitur
1464 3018 1618 3101 petentes
1633 3014 1667 3079 in

339 3118 461 3186 intima
475 3140 553 3186 cum
576 3124 649 3185 lesu
664 3117 789 3184 unione
807 3125 893 3184 etex
913 3118 986 3184 eius
1004 3125 1118 3183 mente
1134 3125 1166 3184 et
1183 3119 1371 3185 intentione
1386 3118 1430 3184 ad
1447 3141 1533 3207 opus
1548 3119 1667 3186 salutis

339 3223 615 3315 promovendum
640 3224 874 3314 impetrabunt
900 3231 933 3291 et
958 3226 1178 3313 impetrantes
1208 3225 1443 3305 laetahuntur;
1475 3225 1619 3313 ptoinde
1639 3226 1666 3291 si

339 3333 458 3400 volunt
481 3333 672 3422 perlectum
696 3331 826 3397 habere
852 3331 1038 3419 gaudium,
1061 3338 1179 3419 petant
1200 3332 1236 3397 in
1263 3332 1400 3398 nomine
1423 3338 1507 3398 lesu.
1525 3335 1665 3398 —Cum

323 3517 327 3520 ⁴
340 3439 493 3507 Christus
504 3439 598 3506 dicat
611 3436 823 3519 desiccatis,
836 3438 910 3504 vult
922 3441 1011 3526 Artp.
1026 3461 1064 3503 ca
1077 3438 1243 3504 beneficia
1252 3438 1439 3524 significari
1451 3460 1538 3527 quae
1553 3438 1598 3504 ad
1610 3460 1668 3504 eos

339 3545 399 3635 qui
418 3550 541 3634 petunt
555 3545 692 3634 proprie
706 3545 916 3634 pertineant3
937 3573 952 3603 α
969 3544 1196 3610 exaudiuntur
1207 3546 1335 3634 quippe
1349 3567 1468 3611 omnes
1481 3546 1589 3610 sancti
1604 3567 1666 3633 pro

340 3653 475 3742 seipsis,
495 3673 566 3717 non
583 3656 697 3717 autem
719 3673 782 3740 pro
803 3651 963 3717 omnihus
983 3650 1213 3717 exaudiuntur
1227 3652 1281 3717 vel
1305 3651 1422 3718 amicis
1445 3652 1499 3717 vel
1518 3651 1668 3717 inimicis

338 3760 393 3826 vel
407 3757 621 3848 quibuslibet
639 3757 729 3838 aliis,
748 3758 829 3846 quia
847 3780 914 3823 non
932 3765 1115 3845 utcumque
1134 3756 1263 3823 dictum
1285 3765 1332 3823 est
1357 3757 1468 3837 dabit,
1491 3758 1552 3824 sed
1569 3756 1666 3824 dubit

340 3865 433 3933 vobis
451 3893 481 3932 ».
497 3868 538 3931 ht
551 3865 712 3932 iubemur
727 3866 762 3931 in
781 3864 886 3932 sacris
903 3864 1023 3930 litteris
1036 3865 1138 3931 etiam
1155 3887 1217 3954 pro
1235 3864 1311 3930 aliis
1325 3887 1441 3943 orare3
1459 3887 1543 3951 ergo
1561 3866 1664 3931 etiam

341 3973 422 4041 huic
446 3972 596 4040 orationi
617 3972 719 4039 debet
739 3972 910 4039 exauditio
935 3971 1089 4060 promitti
1109 3971 1207 4036 certis
1227 3971 1495 4046 conditionibus,
1523 3977 1556 4036 et
1574 3978 1665 4037 cete·

339 4080 465 4169 roquin
492 4078 671 4169 promissio
697 4079 732 4144 iit
764 4102 901 4169 prorsus
922 4078 1109 4165 generalis,
1138 4079 1187 4143 uti
1211 4079 1282 4168 ipse
1305 4083 1445 4144 loannes
1464 4079 1612 4167 explicat
1629 4080 1666 4143 in

333 4187 484 4276 epistola
500 4187 611 4274 prima
628 4189 717 4261 5‚tt.
737 4192 777 4251 15
795 4207 802 4252 :
822 4185 905 4251 haec
921 4195 970 4251 est
986 4186 1225 4274 fiduciaquam
1240 4184 1403 4253 habemus
1418 4185 1570 4264 adeum,
1585 4186 1665 4274 quia

340 4293 583 4383 quodcumque
599 4290 799 4381 petierimus
816 4293 1004 4359 secundum
1026 4286 1235 4359 volunlatem
1256 4293 1326 4357 eius
1341 4291 1437 4357 audit
1453 4314 1530 4373 noS,
1553 4299 1586 4357 et
1600 4293 1666 4357 sci-

342 4421 417 4466 mus
438 4399 521 4490 quia
541 4398 639 4465 audit
662 4421 720 4464 nos
739 4397 908 4488 quidquid
933 4400 1143 4487 petierimus.
1163 4405 1267 4464 Porro
1287 4420 1400 4464 nonne
1417 4422 1497 4464 vero
1516 4399 1663 4487 quodam

341 4528 442 4574 sensu
464 4507 568 4573 etiam
587 4505 672 4570 mihi
692 4505 802 4584 datur,
821 4505 849 4570 si
871 4509 956 4571 [leus
972 4527 1064 4570 meas
1089 4527 1152 4593 pro
1173 4504 1240 4570 alio
1255 4527 1371 4594 preces
1391 4505 1549 4573 exaudit?
1566 4505 1666 4572 datur

342 4613 427 4680 mihi
444 4613 518 4681 scil.
537 4611 630 4702 quod
650 4612 797 4700 postulo,
817 4612 989 4678 exaudior.

386 4720 439 4786 Uti
466 4742 571 4809 supra
595 4725 693 4800 tt,26
713 4718 902 4785 consolatus
922 4725 972 4785 est
989 4720 1160 4806 apostolos
1181 4721 1403 4808 promissione
1424 4717 1586 4807 Spiritus,
1604 4721 1663 4808 qui

342 4847 398 4893 eos
412 4833 533 4893 cuncta
554 4831 638 4893 esset
659 4825 833 4906 docturus,
858 4848 964 4915 quare
986 4827 1125 4892 minime
1141 4851 1226 4916 opus
1240 4848 1310 4893 esse
1332 4833 1367 4890 ut
1384 4824 1520 4891 solliciti
1537 4832 1662 4904 essent,

342 4932 434 5023 quod
458 4956 529 5000 non
553 4933 670 5001 omnia
693 4933 936 5020 intelligerent,
956 4934 1001 5000 ita
1021 4957 1109 5000 nrruc
1131 4956 1268 5023 quoque
1290 4955 1477 5022 properans
1496 4934 1540 5000 ad
1562 4934 1662 4999 finem
