<?xml version="1.0" encoding="UTF-8"?>
<!DOCTYPE html PUBLIC "-//W3C//DTD XHTML 1.0 Transitional//EN"
    "http://www.w3.org/TR/xhtml1/DTD/xhtml1-transitional.dtd">
<html xmlns="http://www.w3.org/1999/xhtml" xml:lang="en" lang="en">
 <head>
  <title>
</title>
<meta http-equiv="Content-Type" content="text/html;charset=utf-8" />
  <meta name='ocr-system' content='tesseract 3.04.00' />
  <meta name='ocr-capabilities' content='ocr_page ocr_carea ocr_par ocr_line ocrx_word'/>
</head>
<body>
  <div class='ocr_page' id='page_1' title='image "./commentariusinq00knabgoog_0546.png"; bbox 0 0 4116 5648; ppageno 0'>
   <div class='ocr_carea' id='block_1_1' title="bbox 826 377 1593 448">
    <p class='ocr_par' dir='ltr' id='par_1_1' title="bbox 826 377 1593 448">
     <span class='ocr_line' id='line_1_1' title="bbox 826 377 1593 448; baseline -0.007 -6"><span class='ocrx_word' id='word_1_1' title='bbox 826 396 910 443; x_wconf 74' lang='lat' dir='ltr'>toan.</span> <span class='ocrx_word' id='word_1_2' title='bbox 935 377 1049 448; x_wconf 68' lang='lat'>19:1-9.</span> <span class='ocrx_word' id='word_1_3' title='bbox 1539 379 1593 439; x_wconf 73' lang='lat'>531</span> 
     </span>
    </p>
   </div>
   <div class='ocr_carea' id='block_1_2' title="bbox 191 523 1616 4883">
    <p class='ocr_par' dir='ltr' id='par_1_2' title="bbox 191 523 1606 2855">
     <span class='ocr_line' id='line_1_2' title="bbox 275 523 1597 619; baseline 0 -25"><span class='ocrx_word' id='word_1_4' title='bbox 275 528 339 596; x_wconf 85' lang='lat' dir='ltr'>Dei</span> <span class='ocrx_word' id='word_1_5' title='bbox 351 552 386 598; x_wconf 82' lang='lat' dir='ltr'>se</span> <span class='ocrx_word' id='word_1_6' title='bbox 397 530 511 618; x_wconf 54' lang='grc' dir='ltr'><strong><em>[θείω</em></strong></span> <span class='ocrx_word' id='word_1_7' title='bbox 529 527 572 593; x_wconf 81' lang='lat' dir='ltr'>cf.</span> <span class='ocrx_word' id='word_1_8' title='bbox 594 529 711 598; x_wconf 80' lang='lat' dir='ltr'>Matth.</span> <span class='ocrx_word' id='word_1_9' title='bbox 727 536 829 614; x_wconf 75' lang='lat'><strong>26,63</strong></span> <span class='ocrx_word' id='word_1_10' title='bbox 845 552 916 619; x_wconf 91' lang='lat' dir='ltr'>seq.</span> <span class='ocrx_word' id='word_1_11' title='bbox 933 532 1032 593; x_wconf 82' lang='lat' dir='ltr'>liare.</span> <span class='ocrx_word' id='word_1_12' title='bbox 1054 532 1266 608; x_wconf 79' lang='lat' dir='ltr'>1t‚61;·nuc.</span> <span class='ocrx_word' id='word_1_13' title='bbox 1282 532 1400 608; x_wconf 61' lang='lat' dir='ltr'>mo,</span> <span class='ocrx_word' id='word_1_14' title='bbox 1420 523 1475 590; x_wconf 89' lang='lat' dir='ltr'>hic</span> <span class='ocrx_word' id='word_1_15' title='bbox 1494 526 1597 594; x_wconf 85' lang='lat' dir='ltr'>intel-</span> 
     </span>
     <span class='ocr_line' id='line_1_3' title="bbox 275 631 1595 727; baseline -0.003 -26"><span class='ocrx_word' id='word_1_16' title='bbox 275 633 340 723; x_wconf 88' lang='lat' dir='ltr'>ligi</span> <span class='ocrx_word' id='word_1_17' title='bbox 354 636 478 703; x_wconf 79' lang='lat' dir='ltr'>Filium</span> <span class='ocrx_word' id='word_1_18' title='bbox 491 634 551 701; x_wconf 86' lang='lat' dir='ltr'>Dei</span> <span class='ocrx_word' id='word_1_19' title='bbox 565 636 709 727; x_wconf 90' lang='lat' dir='ltr'>proprio</span> <span class='ocrx_word' id='word_1_20' title='bbox 724 658 824 704; x_wconf 88' lang='lat' dir='ltr'>sensu</span> <span class='ocrx_word' id='word_1_21' title='bbox 839 643 873 703; x_wconf 90' lang='lat' dir='ltr'>et</span> <span class='ocrx_word' id='word_1_22' title='bbox 888 655 983 712; x_wconf 90' lang='lat' dir='ltr'>vero,</span> <span class='ocrx_word' id='word_1_23' title='bbox 1003 635 1102 720; x_wconf 89' lang='lat' dir='ltr'>proin</span> <span class='ocrx_word' id='word_1_24' title='bbox 1117 631 1254 699; x_wconf 92' lang='lat' dir='ltr'>ludaeos</span> <span class='ocrx_word' id='word_1_25' title='bbox 1272 633 1473 699; x_wconf 79' lang='lat' dir='ltr'><strong>intellexisse</strong></span> <span class='ocrx_word' id='word_1_26' title='bbox 1490 636 1595 699; x_wconf 87' lang='lat' dir='ltr'>lesum</span> 
     </span>
     <span class='ocr_line' id='line_1_4' title="bbox 275 737 1599 827; baseline -0.005 -17"><span class='ocrx_word' id='word_1_27' title='bbox 275 764 316 810; x_wconf 90' lang='lat' dir='ltr'>eo</span> <span class='ocrx_word' id='word_1_28' title='bbox 329 761 428 808; x_wconf 89' lang='lat' dir='ltr'>sensu</span> <span class='ocrx_word' id='word_1_29' title='bbox 450 760 486 805; x_wconf 90' lang='lat' dir='ltr'>se</span> <span class='ocrx_word' id='word_1_30' title='bbox 507 763 628 809; x_wconf 86' lang='lat' dir='ltr'>vocare</span> <span class='ocrx_word' id='word_1_31' title='bbox 652 744 773 810; x_wconf 83' lang='lat' dir='ltr'>Filium</span> <span class='ocrx_word' id='word_1_32' title='bbox 797 743 872 825; x_wconf 83' lang='lat' dir='ltr'>Dei,</span> <span class='ocrx_word' id='word_1_33' title='bbox 890 743 1022 808; x_wconf 88' lang='lat' dir='ltr'>certum</span> <span class='ocrx_word' id='word_1_34' title='bbox 1036 747 1101 816; x_wconf 88' lang='lat' dir='ltr'>est;</span> <span class='ocrx_word' id='word_1_35' title='bbox 1120 761 1155 805; x_wconf 91' lang='lat' dir='ltr'>se</span> <span class='ocrx_word' id='word_1_36' title='bbox 1169 737 1261 804; x_wconf 89' lang='lat' dir='ltr'>enim</span> <span class='ocrx_word' id='word_1_37' title='bbox 1275 760 1372 804; x_wconf 89' lang='lat' dir='ltr'>sensu</span> <span class='ocrx_word' id='word_1_38' title='bbox 1392 739 1524 825; x_wconf 90' lang='lat' dir='ltr'>vulgari</span> <span class='ocrx_word' id='word_1_39' title='bbox 1541 759 1599 827; x_wconf 91' lang='lat' dir='ltr'>ap-</span> 
     </span>
     <span class='ocr_line' id='line_1_5' title="bbox 276 845 1598 939; baseline -0.002 -25"><span class='ocrx_word' id='word_1_40' title='bbox 276 848 404 938; x_wconf 89' lang='lat' dir='ltr'>pellare</span> <span class='ocrx_word' id='word_1_41' title='bbox 425 845 535 915; x_wconf 87' lang='lat' dir='ltr'>lilium</span> <span class='ocrx_word' id='word_1_42' title='bbox 560 849 617 917; x_wconf 83' lang='lat' dir='ltr'>Dei</span> <span class='ocrx_word' id='word_1_43' title='bbox 641 848 737 939; x_wconf 92' lang='lat' dir='ltr'>pium</span> <span class='ocrx_word' id='word_1_44' title='bbox 757 855 848 930; x_wconf 89' lang='lat' dir='ltr'>erat;</span> <span class='ocrx_word' id='word_1_45' title='bbox 875 857 909 915; x_wconf 87' lang='lat' dir='ltr'>et</span> <span class='ocrx_word' id='word_1_46' title='bbox 932 868 1009 912; x_wconf 88' lang='lat' dir='ltr'>cum</span> <span class='ocrx_word' id='word_1_47' title='bbox 1029 846 1118 912; x_wconf 88' lang='lat' dir='ltr'>hanc</span> <span class='ocrx_word' id='word_1_48' title='bbox 1138 865 1277 911; x_wconf 88' lang='lat' dir='ltr'>causam</span> <span class='ocrx_word' id='word_1_49' title='bbox 1294 845 1488 934; x_wconf 82' lang='lat' dir='ltr'>proferant,</span> <span class='ocrx_word' id='word_1_50' title='bbox 1506 851 1598 936; x_wconf 87' lang='lat' dir='ltr'>post-</span> 
     </span>
     <span class='ocr_line' id='line_1_6' title="bbox 208 950 1596 1042; baseline 0.001 -24"><span class='ocrx_word' id='word_1_51' title='bbox 208 974 211 980; x_wconf 91' lang='lat'>·</span> <span class='ocrx_word' id='word_1_52' title='bbox 276 973 379 1042; x_wconf 88' lang='lat' dir='ltr'>quam</span> <span class='ocrx_word' id='word_1_53' title='bbox 401 950 446 1020; x_wconf 89' lang='lat' dir='ltr'>ab</span> <span class='ocrx_word' id='word_1_54' title='bbox 468 955 568 1022; x_wconf 90' lang='lat' dir='ltr'>initio</span> <span class='ocrx_word' id='word_1_55' title='bbox 595 975 672 1022; x_wconf 90' lang='lat' dir='ltr'>eum</span> <span class='ocrx_word' id='word_1_56' title='bbox 700 960 904 1021; x_wconf 86' lang='lat' dir='ltr'>accusarunt</span> <span class='ocrx_word' id='word_1_57' title='bbox 931 951 1086 1041; x_wconf 82' lang='lat' dir='ltr'>quodse</span> <span class='ocrx_word' id='word_1_58' title='bbox 1111 950 1281 1018; x_wconf 79' lang='lat' dir='ltr'><strong>Christum</strong></span> <span class='ocrx_word' id='word_1_59' title='bbox 1311 972 1427 1037; x_wconf 88' lang='lat' dir='ltr'>regem</span> <span class='ocrx_word' id='word_1_60' title='bbox 1451 951 1596 1031; x_wconf 88' lang='lat' dir='ltr'>diceret,</span> 
     </span>
     <span class='ocr_line' id='line_1_7' title="bbox 277 1056 1596 1151; baseline -0.001 -24"><span class='ocrx_word' id='word_1_61' title='bbox 277 1060 380 1127; x_wconf 88' lang='lat' dir='ltr'>etiam</span> <span class='ocrx_word' id='word_1_62' title='bbox 405 1059 474 1127; x_wconf 90' lang='lat' dir='ltr'>dici</span> <span class='ocrx_word' id='word_1_63' title='bbox 491 1063 613 1151; x_wconf 89' lang='lat' dir='ltr'>nequit</span> <span class='ocrx_word' id='word_1_64' title='bbox 636 1081 699 1150; x_wconf 89' lang='lat' dir='ltr'>per</span> <span class='ocrx_word' id='word_1_65' title='bbox 718 1059 839 1128; x_wconf 86' lang='lat' dir='ltr'>Filium</span> <span class='ocrx_word' id='word_1_66' title='bbox 863 1061 922 1127; x_wconf 84' lang='lat' dir='ltr'>Dei</span> <span class='ocrx_word' id='word_1_67' title='bbox 942 1057 1090 1144; x_wconf 79' lang='lat' dir='ltr'>intelligi</span> <span class='ocrx_word' id='word_1_68' title='bbox 1107 1057 1292 1140; x_wconf 87' lang='lat' dir='ltr'>Christum,</span> <span class='ocrx_word' id='word_1_69' title='bbox 1310 1056 1357 1123; x_wconf 91' lang='lat' dir='ltr'>ita</span> <span class='ocrx_word' id='word_1_70' title='bbox 1373 1065 1411 1124; x_wconf 92' lang='lat' dir='ltr'>ut</span> <span class='ocrx_word' id='word_1_71' title='bbox 1424 1057 1467 1124; x_wconf 93' lang='lat' dir='ltr'>de</span> <span class='ocrx_word' id='word_1_72' title='bbox 1480 1057 1596 1126; x_wconf 90' lang='lat' dir='ltr'>divina</span> 
     </span>
     <span class='ocr_line' id='line_1_8' title="bbox 277 1163 1599 1258; baseline -0.001 -26"><span class='ocrx_word' id='word_1_73' title='bbox 277 1171 312 1232; x_wconf 89' lang='lat' dir='ltr'>et</span> <span class='ocrx_word' id='word_1_74' title='bbox 329 1167 470 1258; x_wconf 88' lang='lat' dir='ltr'>propria</span> <span class='ocrx_word' id='word_1_75' title='bbox 484 1166 651 1234; x_wconf 89' lang='lat' dir='ltr'>filiatione</span> <span class='ocrx_word' id='word_1_76' title='bbox 667 1171 784 1233; x_wconf 88' lang='lat' dir='ltr'>tamen</span> <span class='ocrx_word' id='word_1_77' title='bbox 800 1188 870 1233; x_wconf 95' lang='lat' dir='ltr'>non</span> <span class='ocrx_word' id='word_1_78' title='bbox 889 1167 1021 1233; x_wconf 89' lang='lat' dir='ltr'>feratur</span> <span class='ocrx_word' id='word_1_79' title='bbox 1041 1163 1218 1232; x_wconf 89' lang='lat' dir='ltr'>sententia.</span> <span class='ocrx_word' id='word_1_80' title='bbox 1236 1167 1390 1231; x_wconf 79' lang='lat' dir='ltr'>Ceterum</span> <span class='ocrx_word' id='word_1_81' title='bbox 1410 1186 1466 1230; x_wconf 90' lang='lat' dir='ltr'>eos</span> <span class='ocrx_word' id='word_1_82' title='bbox 1483 1186 1599 1231; x_wconf 90' lang='lat' dir='ltr'>revera</span> 
     </span>
     <span class='ocr_line' id='line_1_9' title="bbox 276 1271 1596 1363; baseline -0.002 -22"><span class='ocrx_word' id='word_1_83' title='bbox 276 1272 479 1341; x_wconf 77' lang='lat' dir='ltr'>intellexisse</span> <span class='ocrx_word' id='word_1_84' title='bbox 506 1294 576 1363; x_wconf 88' lang='lat' dir='ltr'>quo</span> <span class='ocrx_word' id='word_1_85' title='bbox 597 1293 699 1340; x_wconf 88' lang='lat' dir='ltr'>sensu</span> <span class='ocrx_word' id='word_1_86' title='bbox 726 1277 817 1340; x_wconf 90' lang='lat' dir='ltr'>lesus</span> <span class='ocrx_word' id='word_1_87' title='bbox 841 1278 946 1339; x_wconf 86' lang='lat' dir='ltr'>Deum</span> <span class='ocrx_word' id='word_1_88' title='bbox 969 1271 1098 1338; x_wconf 88' lang='lat' dir='ltr'>diceret</span> <span class='ocrx_word' id='word_1_89' title='bbox 1121 1275 1253 1338; x_wconf 90' lang='lat' dir='ltr'>Patrem</span> <span class='ocrx_word' id='word_1_90' title='bbox 1272 1292 1387 1352; x_wconf 89' lang='lat' dir='ltr'>suum,</span> <span class='ocrx_word' id='word_1_91' title='bbox 1409 1271 1487 1337; x_wconf 89' lang='lat' dir='ltr'>vide</span> <span class='ocrx_word' id='word_1_92' title='bbox 1501 1279 1596 1353; x_wconf 87' lang='grc'>5,18;</span> 
     </span>
     <span class='ocr_line' id='line_1_10' title="bbox 191 1377 1600 1469; baseline -0.003 -21"><span class='ocrx_word' id='word_1_93' title='bbox 191 1462 194 1468; x_wconf 28' lang='lat'><strong><em>¹</em></strong></span> <span class='ocrx_word' id='word_1_94' title='bbox 277 1385 515 1462; x_wconf 81' lang='lat'>8,58;10‚33;</span> <span class='ocrx_word' id='word_1_95' title='bbox 543 1400 651 1469; x_wconf 88' lang='lat' dir='ltr'>quaro</span> <span class='ocrx_word' id='word_1_96' title='bbox 677 1380 744 1446; x_wconf 90' lang='lat' dir='ltr'>hoc</span> <span class='ocrx_word' id='word_1_97' title='bbox 770 1378 847 1446; x_wconf 87' lang='lat' dir='ltr'>loco</span> <span class='ocrx_word' id='word_1_98' title='bbox 871 1378 993 1446; x_wconf 89' lang='lat' dir='ltr'>eodem</span> <span class='ocrx_word' id='word_1_99' title='bbox 1014 1400 1114 1445; x_wconf 89' lang='lat' dir='ltr'>sensu</span> <span class='ocrx_word' id='word_1_100' title='bbox 1141 1378 1246 1444; x_wconf 91' lang='lat' dir='ltr'>verba</span> <span class='ocrx_word' id='word_1_101' title='bbox 1268 1377 1497 1464; x_wconf 85' lang='lat' dir='ltr'>intelligenda</span> <span class='ocrx_word' id='word_1_102' title='bbox 1521 1388 1600 1445; x_wconf 92' lang='lat' dir='ltr'>sunt</span> 
     </span>
     <span class='ocr_line' id='line_1_11' title="bbox 279 1483 1600 1576; baseline -0.002 -22"><span class='ocrx_word' id='word_1_103' title='bbox 279 1489 385 1573; x_wconf 82' lang='lat' dir='ltr'>(Patr.</span> <span class='ocrx_word' id='word_1_104' title='bbox 411 1483 505 1552; x_wconf 74' lang='lat' dir='ltr'>Cart·</span> <span class='ocrx_word' id='word_1_105' title='bbox 517 1484 617 1554; x_wconf 79' lang='lat' dir='ltr'>Schz.</span> <span class='ocrx_word' id='word_1_106' title='bbox 635 1484 733 1576; x_wconf 73' lang='lat' dir='ltr'>Fit).</span> <span class='ocrx_word' id='word_1_107' title='bbox 754 1489 801 1553; x_wconf 78' lang='lat' dir='ltr'>Ex</span> <span class='ocrx_word' id='word_1_108' title='bbox 814 1490 886 1552; x_wconf 91' lang='lat' dir='ltr'>toto</span> <span class='ocrx_word' id='word_1_109' title='bbox 905 1484 1006 1552; x_wconf 91' lang='lat' dir='ltr'>modo</span> <span class='ocrx_word' id='word_1_110' title='bbox 1019 1508 1087 1574; x_wconf 89' lang='lat' dir='ltr'>quo</span> <span class='ocrx_word' id='word_1_111' title='bbox 1103 1490 1193 1552; x_wconf 90' lang='lat' dir='ltr'>lesus</span> <span class='ocrx_word' id='word_1_112' title='bbox 1201 1507 1272 1551; x_wconf 89' lang='lat' dir='ltr'>sese</span> <span class='ocrx_word' id='word_1_113' title='bbox 1287 1484 1452 1565; x_wconf 90' lang='lat' dir='ltr'>habebat,</span> <span class='ocrx_word' id='word_1_114' title='bbox 1472 1485 1600 1552; x_wconf 76' lang='lat' dir='ltr'>Pilatus</span> 
     </span>
     <span class='ocr_line' id='line_1_12' title="bbox 278 1590 1600 1681; baseline -0.001 -23"><span class='ocrx_word' id='word_1_115' title='bbox 278 1593 348 1660; x_wconf 92' lang='lat' dir='ltr'>iam</span> <span class='ocrx_word' id='word_1_116' title='bbox 372 1590 542 1659; x_wconf 86' lang='lat' dir='ltr'>intellexit</span> <span class='ocrx_word' id='word_1_117' title='bbox 571 1613 651 1660; x_wconf 90' lang='lat' dir='ltr'>eum</span> <span class='ocrx_word' id='word_1_118' title='bbox 681 1613 752 1660; x_wconf 90' lang='lat' dir='ltr'>esse</span> <span class='ocrx_word' id='word_1_119' title='bbox 777 1592 955 1659; x_wconf 92' lang='lat' dir='ltr'>hominem</span> <span class='ocrx_word' id='word_1_120' title='bbox 981 1614 1050 1659; x_wconf 91' lang='lat' dir='ltr'>non</span> <span class='ocrx_word' id='word_1_121' title='bbox 1074 1590 1269 1678; x_wconf 79' lang='lat' dir='ltr'>vulgarem3</span> <span class='ocrx_word' id='word_1_122' title='bbox 1296 1592 1437 1658; x_wconf 88' lang='lat' dir='ltr'>accessit</span> <span class='ocrx_word' id='word_1_123' title='bbox 1458 1591 1600 1681; x_wconf 90' lang='lat' dir='ltr'>insuper</span> 
     </span>
     <span class='ocr_line' id='line_1_13' title="bbox 278 1697 1598 1787; baseline -0.002 -22"><span class='ocrx_word' id='word_1_124' title='bbox 278 1699 450 1766; x_wconf 92' lang='lat' dir='ltr'>somnium</span> <span class='ocrx_word' id='word_1_125' title='bbox 468 1697 558 1767; x_wconf 91' lang='lat' dir='ltr'>illud</span> <span class='ocrx_word' id='word_1_126' title='bbox 579 1721 620 1765; x_wconf 90' lang='lat' dir='ltr'>ac</span> <span class='ocrx_word' id='word_1_127' title='bbox 649 1698 819 1766; x_wconf 91' lang='lat' dir='ltr'>monitum</span> <span class='ocrx_word' id='word_1_128' title='bbox 840 1699 957 1765; x_wconf 86' lang='lat' dir='ltr'>uxoris</span> <span class='ocrx_word' id='word_1_129' title='bbox 977 1698 1103 1787; x_wconf 82' lang='lat' dir='ltr'>(Matth.</span> <span class='ocrx_word' id='word_1_130' title='bbox 1127 1703 1244 1780; x_wconf 77' lang='lat' dir='ltr'>ar,19;</span> <span class='ocrx_word' id='word_1_131' title='bbox 1264 1700 1349 1787; x_wconf 85' lang='lat' dir='ltr'>llup.</span> <span class='ocrx_word' id='word_1_132' title='bbox 1377 1701 1471 1765; x_wconf 82' lang='lat' dir='ltr'>Patr.</span> <span class='ocrx_word' id='word_1_133' title='bbox 1494 1699 1598 1787; x_wconf 76' lang='lat' dir='ltr'>Schq.</span> 
     </span>
     <span class='ocr_line' id='line_1_14' title="bbox 279 1803 1601 1895; baseline -0.001 -23"><span class='ocrx_word' id='word_1_134' title='bbox 279 1803 377 1888; x_wconf 85' lang='lat' dir='ltr'>Fit.);</span> <span class='ocrx_word' id='word_1_135' title='bbox 393 1827 499 1894; x_wconf 90' lang='lat' dir='ltr'>quare</span> <span class='ocrx_word' id='word_1_136' title='bbox 522 1826 592 1872; x_wconf 90' lang='lat' dir='ltr'>non</span> <span class='ocrx_word' id='word_1_137' title='bbox 619 1807 732 1895; x_wconf 91' lang='lat' dir='ltr'>potnit</span> <span class='ocrx_word' id='word_1_138' title='bbox 750 1827 820 1872; x_wconf 93' lang='lat' dir='ltr'>non</span> <span class='ocrx_word' id='word_1_139' title='bbox 844 1806 1066 1873; x_wconf 89' lang='lat' dir='ltr'>vehementer</span> <span class='ocrx_word' id='word_1_140' title='bbox 1093 1804 1234 1894; x_wconf 83' lang='lat' dir='ltr'>percelli</span> <span class='ocrx_word' id='word_1_141' title='bbox 1255 1805 1319 1872; x_wconf 91' lang='lat' dir='ltr'>bac</span> <span class='ocrx_word' id='word_1_142' title='bbox 1338 1807 1539 1873; x_wconf 89' lang='lat' dir='ltr'>ludaeorum</span> <span class='ocrx_word' id='word_1_143' title='bbox 1559 1805 1601 1872; x_wconf 91' lang='lat' dir='ltr'>de</span> 
     </span>
     <span class='ocr_line' id='line_1_15' title="bbox 281 1911 1604 2001; baseline 0 -22"><span class='ocrx_word' id='word_1_144' title='bbox 281 1917 353 1979; x_wconf 90' lang='lat' dir='ltr'>lesu</span> <span class='ocrx_word' id='word_1_145' title='bbox 367 1911 597 1980; x_wconf 81' lang='lat' dir='ltr'>affirmatione</span> <span class='ocrx_word' id='word_1_146' title='bbox 612 1935 644 1980; x_wconf 90' lang='lat' dir='ltr'>v.</span> <span class='ocrx_word' id='word_1_147' title='bbox 658 1918 680 1980; x_wconf 83' lang='lat'><em>8</em></span> <span class='ocrx_word' id='word_1_148' title='bbox 700 1933 777 1979; x_wconf 74' lang='lat' dir='ltr'>cram</span> <span class='ocrx_word' id='word_1_149' title='bbox 790 1935 870 2001; x_wconf 76' lang='lat' dir='ltr'>erqo</span> <span class='ocrx_word' id='word_1_150' title='bbox 887 1912 1038 1979; x_wconf 75' lang='lat' dir='ltr'>audisset</span> <span class='ocrx_word' id='word_1_151' title='bbox 1056 1911 1191 1979; x_wconf 77' lang='lat' dir='ltr'>Pilatus</span> <span class='ocrx_word' id='word_1_152' title='bbox 1210 1914 1299 1979; x_wconf 75' lang='lat' dir='ltr'>bunc</span> <span class='ocrx_word' id='word_1_153' title='bbox 1312 1934 1515 1998; x_wconf 81' lang='lat' dir='ltr'>sermonem,</span> <span class='ocrx_word' id='word_1_154' title='bbox 1534 1935 1604 1979; x_wconf 77' lang='grc' dir='ltr'><em>ηια-</em></span> 
     </span>
     <span class='ocr_line' id='line_1_16' title="bbox 279 2017 1604 2109; baseline -0.005 -18"><span class='ocrx_word' id='word_1_155' title='bbox 279 2017 336 2109; x_wconf 68' lang='lat' dir='ltr'>qis</span> <span class='ocrx_word' id='word_1_156' title='bbox 353 2019 487 2100; x_wconf 80' lang='lat' dir='ltr'>timuit,</span> <span class='ocrx_word' id='word_1_157' title='bbox 516 2046 533 2080; x_wconf 76' lang='lat' dir='ltr'>a</span> <span class='ocrx_word' id='word_1_158' title='bbox 557 2041 602 2086; x_wconf 90' lang='lat' dir='ltr'>ne</span> <span class='ocrx_word' id='word_1_159' title='bbox 619 2036 742 2109; x_wconf 78' lang='lat' dir='ltr'>reapse</span> <span class='ocrx_word' id='word_1_160' title='bbox 767 2024 859 2086; x_wconf 89' lang='lat' dir='ltr'>lesus</span> <span class='ocrx_word' id='word_1_161' title='bbox 878 2025 966 2086; x_wconf 89' lang='lat' dir='ltr'>esset</span> <span class='ocrx_word' id='word_1_162' title='bbox 987 2019 1076 2086; x_wconf 87' lang='lat' dir='ltr'>lilius</span> <span class='ocrx_word' id='word_1_163' title='bbox 1096 2018 1239 2086; x_wconf 89' lang='lat' dir='ltr'>alicuius</span> <span class='ocrx_word' id='word_1_164' title='bbox 1260 2019 1331 2098; x_wconf 88' lang='lat' dir='ltr'>dei,</span> <span class='ocrx_word' id='word_1_165' title='bbox 1354 2020 1451 2086; x_wconf 91' lang='lat' dir='ltr'>cuius</span> <span class='ocrx_word' id='word_1_166' title='bbox 1470 2019 1499 2085; x_wconf 92' lang='lat' dir='ltr'>si</span> <span class='ocrx_word' id='word_1_167' title='bbox 1523 2041 1604 2085; x_wconf 91' lang='lat' dir='ltr'>con·</span> 
     </span>
     <span class='ocr_line' id='line_1_17' title="bbox 281 2123 1605 2215; baseline 0 -23"><span class='ocrx_word' id='word_1_168' title='bbox 281 2126 461 2198; x_wconf 87' lang='lat' dir='ltr'>demnaret</span> <span class='ocrx_word' id='word_1_169' title='bbox 483 2124 595 2192; x_wconf 88' lang='lat' dir='ltr'>lilium</span> <span class='ocrx_word' id='word_1_170' title='bbox 616 2125 705 2193; x_wconf 87' lang='lat' dir='ltr'>iram</span> <span class='ocrx_word' id='word_1_171' title='bbox 725 2128 762 2191; x_wconf 92' lang='lat' dir='ltr'>in</span> <span class='ocrx_word' id='word_1_172' title='bbox 776 2133 881 2215; x_wconf 89' lang='lat' dir='ltr'>caput</span> <span class='ocrx_word' id='word_1_173' title='bbox 899 2148 999 2192; x_wconf 90' lang='lat' dir='ltr'>suum</span> <span class='ocrx_word' id='word_1_174' title='bbox 1019 2125 1236 2193; x_wconf 87' lang='lat' dir='ltr'>concitaret»</span> <span class='ocrx_word' id='word_1_175' title='bbox 1263 2123 1403 2214; x_wconf 82' lang='lat' dir='ltr'>(Corl.);</span> <span class='ocrx_word' id='word_1_176' title='bbox 1424 2126 1605 2192; x_wconf 81' lang='lat' dir='ltr'>verebatur</span> 
     </span>
     <span class='ocr_line' id='line_1_18' title="bbox 280 2230 1605 2319; baseline -0.001 -20"><span class='ocrx_word' id='word_1_177' title='bbox 280 2238 382 2300; x_wconf 87' lang='lat' dir='ltr'>antea</span> <span class='ocrx_word' id='word_1_178' title='bbox 396 2233 615 2300; x_wconf 85' lang='lat' dir='ltr'>innocentem</span> <span class='ocrx_word' id='word_1_179' title='bbox 634 2230 817 2311; x_wconf 77' lang='lat' dir='ltr'>damnare3</span> <span class='ocrx_word' id='word_1_180' title='bbox 832 2252 925 2299; x_wconf 91' lang='lat' dir='ltr'>nunc</span> <span class='ocrx_word' id='word_1_181' title='bbox 945 2233 1049 2300; x_wconf 90' lang='lat' dir='ltr'>etiam</span> <span class='ocrx_word' id='word_1_182' title='bbox 1068 2232 1196 2299; x_wconf 87' lang='lat' dir='ltr'>maiore</span> <span class='ocrx_word' id='word_1_183' title='bbox 1220 2233 1340 2298; x_wconf 88' lang='lat' dir='ltr'>timore</span> <span class='ocrx_word' id='word_1_184' title='bbox 1358 2232 1605 2319; x_wconf 82' lang='lat' dir='ltr'>constringitur</span> 
     </span>
     <span class='ocr_line' id='line_1_19' title="bbox 256 2337 1606 2434; baseline -0.001 -27"><span class='ocrx_word' id='word_1_185' title='bbox 256 2425 260 2432; x_wconf 25' lang='grc' dir='ltr'>Ι</span> <span class='ocrx_word' id='word_1_186' title='bbox 282 2337 413 2427; x_wconf 90' lang='lat' dir='ltr'>aliquid</span> <span class='ocrx_word' id='word_1_187' title='bbox 439 2360 544 2434; x_wconf 85' lang='lat' dir='ltr'>supra</span> <span class='ocrx_word' id='word_1_188' title='bbox 562 2337 751 2405; x_wconf 81' lang='lat' dir='ltr'>humanam</span> <span class='ocrx_word' id='word_1_189' title='bbox 772 2344 936 2406; x_wconf 90' lang='lat' dir='ltr'>naturam</span> <span class='ocrx_word' id='word_1_190' title='bbox 951 2339 987 2405; x_wconf 93' lang='lat' dir='ltr'>in</span> <span class='ocrx_word' id='word_1_191' title='bbox 1008 2343 1081 2406; x_wconf 91' lang='lat' dir='ltr'>lesu</span> <span class='ocrx_word' id='word_1_192' title='bbox 1099 2339 1274 2428; x_wconf 87' lang='lat' dir='ltr'>suspicans</span> <span class='ocrx_word' id='word_1_193' title='bbox 1292 2347 1325 2405; x_wconf 91' lang='lat' dir='ltr'>et</span> <span class='ocrx_word' id='word_1_194' title='bbox 1334 2340 1403 2405; x_wconf 89' lang='lat' dir='ltr'>vim</span> <span class='ocrx_word' id='word_1_195' title='bbox 1419 2341 1454 2405; x_wconf 94' lang='lat' dir='ltr'>in</span> <span class='ocrx_word' id='word_1_196' title='bbox 1472 2362 1512 2406; x_wconf 92' lang='lat' dir='ltr'>eo</span> <span class='ocrx_word' id='word_1_197' title='bbox 1528 2362 1606 2429; x_wconf 91' lang='lat' dir='ltr'>per-</span> 
     </span>
     <span class='ocr_line' id='line_1_20' title="bbox 282 2443 1606 2537; baseline 0 -26"><span class='ocrx_word' id='word_1_198' title='bbox 282 2446 462 2512; x_wconf 86' lang='lat' dir='ltr'>timescens</span> <span class='ocrx_word' id='word_1_199' title='bbox 482 2443 666 2537; x_wconf 81' lang='lat' dir='ltr'>magicam.</span> <span class='ocrx_word' id='word_1_200' title='bbox 687 2448 770 2512; x_wconf 89' lang='lat' dir='ltr'>Cum</span> <span class='ocrx_word' id='word_1_201' title='bbox 786 2446 977 2513; x_wconf 91' lang='lat' dir='ltr'>hominesa</span> <span class='ocrx_word' id='word_1_202' title='bbox 994 2445 1088 2513; x_wconf 91' lang='lat' dir='ltr'>cultu</span> <span class='ocrx_word' id='word_1_203' title='bbox 1104 2447 1160 2512; x_wconf 84' lang='lat' dir='ltr'>Dei</span> <span class='ocrx_word' id='word_1_204' title='bbox 1177 2451 1211 2511; x_wconf 93' lang='lat' dir='ltr'>et</span> <span class='ocrx_word' id='word_1_205' title='bbox 1231 2466 1308 2511; x_wconf 86' lang='lat' dir='ltr'>vera</span> <span class='ocrx_word' id='word_1_206' title='bbox 1323 2444 1489 2532; x_wconf 86' lang='lat' dir='ltr'>religione</span> <span class='ocrx_word' id='word_1_207' title='bbox 1504 2446 1606 2513; x_wconf 92' lang='lat' dir='ltr'>alieni</span> 
     </span>
     <span class='ocr_line' id='line_1_21' title="bbox 281 2551 1605 2647; baseline 0 -28"><span class='ocrx_word' id='word_1_208' title='bbox 281 2552 416 2620; x_wconf 80' lang='lat' dir='ltr'>soleant</span> <span class='ocrx_word' id='word_1_209' title='bbox 431 2551 532 2618; x_wconf 89' lang='lat' dir='ltr'>valde</span> <span class='ocrx_word' id='word_1_210' title='bbox 558 2551 860 2647; x_wconf 82' lang='lat' dir='ltr'>superstitionibus</span> <span class='ocrx_word' id='word_1_211' title='bbox 883 2574 954 2619; x_wconf 88' lang='lat' dir='ltr'>esse</span> <span class='ocrx_word' id='word_1_212' title='bbox 979 2552 1133 2634; x_wconf 77' lang='lat' dir='ltr'>obnoxii,</span> <span class='ocrx_word' id='word_1_213' title='bbox 1156 2551 1281 2618; x_wconf 89' lang='lat' dir='ltr'>Pilatus</span> <span class='ocrx_word' id='word_1_214' title='bbox 1302 2553 1360 2640; x_wconf 92' lang='lat' dir='ltr'>qui</span> <span class='ocrx_word' id='word_1_215' title='bbox 1379 2552 1547 2619; x_wconf 87' lang='lat' dir='ltr'>semideos</span> <span class='ocrx_word' id='word_1_216' title='bbox 1566 2575 1605 2620; x_wconf 86' lang='lat' dir='ltr'>ac</span> 
     </span>
     <span class='ocr_line' id='line_1_22' title="bbox 282 2657 1605 2747; baseline -0.001 -21"><span class='ocrx_word' id='word_1_217' title='bbox 282 2658 426 2726; x_wconf 90' lang='lat' dir='ltr'>deorum</span> <span class='ocrx_word' id='word_1_218' title='bbox 448 2658 537 2725; x_wconf 89' lang='lat' dir='ltr'>filios</span> <span class='ocrx_word' id='word_1_219' title='bbox 556 2657 750 2747; x_wconf 88' lang='lat' dir='ltr'>praedicari</span> <span class='ocrx_word' id='word_1_220' title='bbox 774 2659 871 2724; x_wconf 86' lang='lat' dir='ltr'>novit</span> <span class='ocrx_word' id='word_1_221' title='bbox 885 2659 1017 2747; x_wconf 67' lang='lat' dir='ltr'>(Gya),</span> <span class='ocrx_word' id='word_1_222' title='bbox 1034 2680 1153 2725; x_wconf 90' lang='lat' dir='ltr'>revera</span> <span class='ocrx_word' id='word_1_223' title='bbox 1168 2659 1287 2725; x_wconf 89' lang='lat' dir='ltr'>metuit</span> <span class='ocrx_word' id='word_1_224' title='bbox 1301 2681 1343 2724; x_wconf 92' lang='lat' dir='ltr'>ne</span> <span class='ocrx_word' id='word_1_225' title='bbox 1364 2680 1441 2724; x_wconf 89' lang='lat' dir='ltr'>vere</span> <span class='ocrx_word' id='word_1_226' title='bbox 1460 2660 1605 2726; x_wconf 86' lang='lat' dir='ltr'>inillam</span> 
     </span>
     <span class='ocr_line' id='line_1_23' title="bbox 282 2762 1291 2855; baseline 0.001 -24"><span class='ocrx_word' id='word_1_227' title='bbox 282 2769 490 2855; x_wconf 88' lang='lat' dir='ltr'>competeret</span> <span class='ocrx_word' id='word_1_228' title='bbox 504 2764 598 2854; x_wconf 93' lang='lat' dir='ltr'>quod</span> <span class='ocrx_word' id='word_1_229' title='bbox 608 2762 660 2830; x_wconf 92' lang='lat' dir='ltr'>illi</span> <span class='ocrx_word' id='word_1_230' title='bbox 672 2762 827 2831; x_wconf 86' lang='lat' dir='ltr'>criminis</span> <span class='ocrx_word' id='word_1_231' title='bbox 838 2764 916 2831; x_wconf 91' lang='lat' dir='ltr'>loco</span> <span class='ocrx_word' id='word_1_232' title='bbox 930 2764 1141 2832; x_wconf 91' lang='lat' dir='ltr'>obiiciebant</span> <span class='ocrx_word' id='word_1_233' title='bbox 1158 2765 1291 2853; x_wconf 66' lang='lat' dir='ltr'>(Iam).</span> 
     </span>
    </p>

    <p class='ocr_par' dir='ltr' id='par_1_3' title="bbox 283 2869 1613 4668">
     <span class='ocr_line' id='line_1_24' title="bbox 325 2869 1608 2962; baseline 0.001 -23"><span class='ocrx_word' id='word_1_234' title='bbox 325 2876 433 2949; x_wconf 87' lang='lat' dir='ltr'>Quare</span> <span class='ocrx_word' id='word_1_235' title='bbox 450 2870 621 2957; x_wconf 87' lang='lat' dir='ltr'>originem</span> <span class='ocrx_word' id='word_1_236' title='bbox 646 2875 719 2937; x_wconf 89' lang='lat' dir='ltr'>lesu</span> <span class='ocrx_word' id='word_1_237' title='bbox 740 2869 919 2962; x_wconf 84' lang='lat' dir='ltr'>explorare</span> <span class='ocrx_word' id='word_1_238' title='bbox 942 2878 1050 2939; x_wconf 86' lang='lat' dir='ltr'>tentat</span> <span class='ocrx_word' id='word_1_239' title='bbox 1067 2894 1100 2936; x_wconf 87' lang='lat' dir='ltr'>v.</span> <span class='ocrx_word' id='word_1_240' title='bbox 1121 2878 1140 2938; x_wconf 84' lang='lat'><strong>9</strong></span> <span class='ocrx_word' id='word_1_241' title='bbox 1160 2885 1193 2938; x_wconf 87' lang='lat' dir='ltr'>et</span> <span class='ocrx_word' id='word_1_242' title='bbox 1212 2872 1382 2961; x_wconf 75' lang='lat' dir='ltr'>inpressas</span> <span class='ocrx_word' id='word_1_243' title='bbox 1400 2886 1450 2939; x_wconf 81' lang='lat' dir='ltr'>est</span> <span class='ocrx_word' id='word_1_244' title='bbox 1467 2887 1608 2962; x_wconf 81' lang='lat' dir='ltr'>praeto·</span> 
     </span>
     <span class='ocr_line' id='line_1_25' title="bbox 284 2976 1604 3067; baseline 0.001 -21"><span class='ocrx_word' id='word_1_245' title='bbox 284 2979 374 3046; x_wconf 82' lang='lat' dir='ltr'>riam</span> <span class='ocrx_word' id='word_1_246' title='bbox 402 2979 543 3064; x_wconf 70' lang='lat' dir='ltr'>irenem,</span> <span class='ocrx_word' id='word_1_247' title='bbox 570 2999 680 3067; x_wconf 88' lang='lat' dir='ltr'>neque</span> <span class='ocrx_word' id='word_1_248' title='bbox 706 2976 799 3045; x_wconf 90' lang='lat' dir='ltr'>enim</span> <span class='ocrx_word' id='word_1_249' title='bbox 822 2977 962 3067; x_wconf 88' lang='lat' dir='ltr'>publice</span> <span class='ocrx_word' id='word_1_250' title='bbox 987 3001 1027 3045; x_wconf 91' lang='lat' dir='ltr'>ea</span> <span class='ocrx_word' id='word_1_251' title='bbox 1046 2978 1088 3045; x_wconf 92' lang='lat' dir='ltr'>de</span> <span class='ocrx_word' id='word_1_252' title='bbox 1108 3001 1144 3045; x_wconf 91' lang='lat' dir='ltr'>re</span> <span class='ocrx_word' id='word_1_253' title='bbox 1163 2984 1271 3046; x_wconf 86' lang='lat' dir='ltr'>lesam</span> <span class='ocrx_word' id='word_1_254' title='bbox 1286 2980 1359 3045; x_wconf 85' lang='lat' dir='ltr'>vult</span> <span class='ocrx_word' id='word_1_255' title='bbox 1374 2979 1604 3066; x_wconf 87' lang='lat' dir='ltr'>interrogare,</span> 
     </span>
     <span class='ocr_line' id='line_1_26' title="bbox 283 3083 1606 3177; baseline 0 -24"><span class='ocrx_word' id='word_1_256' title='bbox 283 3099 315 3153; x_wconf 80' lang='lat' dir='ltr'>et</span> <span class='ocrx_word' id='word_1_257' title='bbox 328 3084 416 3152; x_wconf 75' lang='lat' dir='ltr'>dicit</span> <span class='ocrx_word' id='word_1_258' title='bbox 430 3083 479 3151; x_wconf 85' lang='lat' dir='ltr'>ad</span> <span class='ocrx_word' id='word_1_259' title='bbox 495 3085 608 3151; x_wconf 79' lang='lat' dir='ltr'>lesum</span> <span class='ocrx_word' id='word_1_260' title='bbox 628 3104 642 3150; x_wconf 92' lang='lat'>.·</span> <span class='ocrx_word' id='word_1_261' title='bbox 658 3083 749 3151; x_wconf 77' lang='lat' dir='ltr'>ande</span> <span class='ocrx_word' id='word_1_262' title='bbox 760 3106 795 3151; x_wconf 86' lang='lat' dir='ltr'>es</span> <span class='ocrx_word' id='word_1_263' title='bbox 815 3087 875 3150; x_wconf 81' lang='lat' dir='ltr'>tu?</span> <span class='ocrx_word' id='word_1_264' title='bbox 887 3107 976 3175; x_wconf 90' lang='lat' dir='ltr'>quae</span> <span class='ocrx_word' id='word_1_265' title='bbox 988 3093 1038 3151; x_wconf 91' lang='lat' dir='ltr'>est</span> <span class='ocrx_word' id='word_1_266' title='bbox 1055 3084 1153 3171; x_wconf 90' lang='lat' dir='ltr'>origo</span> <span class='ocrx_word' id='word_1_267' title='bbox 1167 3092 1241 3168; x_wconf 90' lang='lat' dir='ltr'>tua,</span> <span class='ocrx_word' id='word_1_268' title='bbox 1257 3086 1348 3153; x_wconf 87' lang='lat' dir='ltr'>unde</span> <span class='ocrx_word' id='word_1_269' title='bbox 1360 3109 1396 3153; x_wconf 89' lang='lat' dir='ltr'>es</span> <span class='ocrx_word' id='word_1_270' title='bbox 1407 3093 1520 3167; x_wconf 73' lang='lat' dir='ltr'>natue,</span> <span class='ocrx_word' id='word_1_271' title='bbox 1537 3110 1606 3177; x_wconf 89' lang='lat' dir='ltr'>quo</span> 
     </span>
     <span class='ocr_line' id='line_1_27' title="bbox 284 3189 1605 3284; baseline 0.001 -25"><span class='ocrx_word' id='word_1_272' title='bbox 284 3198 425 3284; x_wconf 89' lang='lat' dir='ltr'>parente</span> <span class='ocrx_word' id='word_1_273' title='bbox 442 3190 645 3280; x_wconf 91' lang='lat' dir='ltr'>progenitus</span> <span class='ocrx_word' id='word_1_274' title='bbox 666 3189 791 3280; x_wconf 82' lang='lat' dir='ltr'>(rot.);</span> <span class='ocrx_word' id='word_1_275' title='bbox 808 3192 901 3257; x_wconf 71' lang='lat' dir='ltr'>lassas</span> <span class='ocrx_word' id='word_1_276' title='bbox 920 3204 1037 3258; x_wconf 83' lang='lat' dir='ltr'>autem</span> <span class='ocrx_word' id='word_1_277' title='bbox 1057 3214 1253 3282; x_wconf 79' lang='lat' dir='ltr'>responsum</span> <span class='ocrx_word' id='word_1_278' title='bbox 1267 3192 1445 3260; x_wconf 78' lang='lat' dir='ltr'>condedit</span> <span class='ocrx_word' id='word_1_279' title='bbox 1459 3194 1511 3275; x_wconf 86' lang='lat' dir='ltr'>ei,·</span> <span class='ocrx_word' id='word_1_280' title='bbox 1526 3216 1605 3261; x_wconf 78' lang='lat' dir='ltr'>nant</span> 
     </span>
     <span class='ocr_line' id='line_1_28' title="bbox 286 3296 1604 3390; baseline 0.001 -24"><span class='ocrx_word' id='word_1_281' title='bbox 286 3298 381 3390; x_wconf 89' lang='lat' dir='ltr'>quod</span> <span class='ocrx_word' id='word_1_282' title='bbox 393 3297 519 3365; x_wconf 93' lang='lat' dir='ltr'>Pilatus</span> <span class='ocrx_word' id='word_1_283' title='bbox 534 3296 638 3364; x_wconf 83' lang='lat' dir='ltr'>iudex</span> <span class='ocrx_word' id='word_1_284' title='bbox 656 3296 742 3364; x_wconf 91' lang='lat' dir='ltr'>scire</span> <span class='ocrx_word' id='word_1_285' title='bbox 761 3296 897 3378; x_wconf 86' lang='lat' dir='ltr'>debuit,</span> <span class='ocrx_word' id='word_1_286' title='bbox 916 3306 953 3366; x_wconf 94' lang='lat' dir='ltr'>ut</span> <span class='ocrx_word' id='word_1_287' title='bbox 980 3320 1121 3366; x_wconf 82' lang='lat' dir='ltr'>munere</span> <span class='ocrx_word' id='word_1_288' title='bbox 1140 3300 1261 3367; x_wconf 88' lang='lat' dir='ltr'>iudicis</span> <span class='ocrx_word' id='word_1_289' title='bbox 1276 3302 1338 3367; x_wconf 88' lang='lat' dir='ltr'>rite</span> <span class='ocrx_word' id='word_1_290' title='bbox 1352 3301 1452 3388; x_wconf 85' lang='lat' dir='ltr'>iungi</span> <span class='ocrx_word' id='word_1_291' title='bbox 1475 3309 1604 3390; x_wconf 81' lang='lat' dir='ltr'>posset,</span> 
     </span>
     <span class='ocr_line' id='line_1_29' title="bbox 287 3402 1608 3495; baseline 0 -21"><span class='ocrx_word' id='word_1_292' title='bbox 287 3409 391 3474; x_wconf 90' lang='lat' dir='ltr'>iama</span> <span class='ocrx_word' id='word_1_293' title='bbox 410 3410 482 3471; x_wconf 91' lang='lat' dir='ltr'>lesu</span> <span class='ocrx_word' id='word_1_294' title='bbox 498 3402 681 3471; x_wconf 87' lang='lat' dir='ltr'>audiverat</span> <span class='ocrx_word' id='word_1_295' title='bbox 696 3409 729 3471; x_wconf 87' lang='lat' dir='ltr'>et</span> <span class='ocrx_word' id='word_1_296' title='bbox 750 3402 838 3471; x_wconf 90' lang='lat' dir='ltr'>bene</span> <span class='ocrx_word' id='word_1_297' title='bbox 854 3415 1073 3495; x_wconf 86' lang='lat' dir='ltr'>perspexerat</span> <span class='ocrx_word' id='word_1_298' title='bbox 1087 3428 1126 3472; x_wconf 86' lang='lat' dir='ltr'>ex</span> <span class='ocrx_word' id='word_1_299' title='bbox 1141 3406 1270 3473; x_wconf 91' lang='lat' dir='ltr'>invidia</span> <span class='ocrx_word' id='word_1_300' title='bbox 1288 3411 1394 3474; x_wconf 89' lang='lat' dir='ltr'>lesum</span> <span class='ocrx_word' id='word_1_301' title='bbox 1411 3431 1481 3474; x_wconf 91' lang='lat' dir='ltr'>esse</span> <span class='ocrx_word' id='word_1_302' title='bbox 1501 3408 1608 3475; x_wconf 89' lang='lat' dir='ltr'>tradi-</span> 
     </span>
     <span class='ocr_line' id='line_1_30' title="bbox 285 3511 1609 3601; baseline 0.002 -22"><span class='ocrx_word' id='word_1_303' title='bbox 285 3525 371 3580; x_wconf 91' lang='lat' dir='ltr'>tum.</span> <span class='ocrx_word' id='word_1_304' title='bbox 396 3511 543 3579; x_wconf 89' lang='lat' dir='ltr'>Ulterius</span> <span class='ocrx_word' id='word_1_305' title='bbox 569 3531 768 3599; x_wconf 90' lang='lat' dir='ltr'>responsum</span> <span class='ocrx_word' id='word_1_306' title='bbox 791 3532 862 3577; x_wconf 92' lang='lat' dir='ltr'>non</span> <span class='ocrx_word' id='word_1_307' title='bbox 887 3512 1030 3593; x_wconf 85' lang='lat' dir='ltr'>meruit;</span> <span class='ocrx_word' id='word_1_308' title='bbox 1055 3542 1070 3573; x_wconf 73' lang='lat' dir='ltr'>a</span> <span class='ocrx_word' id='word_1_309' title='bbox 1096 3513 1155 3601; x_wconf 90' lang='lat' dir='ltr'>qui</span> <span class='ocrx_word' id='word_1_310' title='bbox 1170 3513 1262 3580; x_wconf 91' lang='lat' dir='ltr'>enim</span> <span class='ocrx_word' id='word_1_311' title='bbox 1282 3514 1463 3581; x_wconf 89' lang='lat' dir='ltr'>audierat:</span> <span class='ocrx_word' id='word_1_312' title='bbox 1484 3517 1519 3581; x_wconf 89' lang='lat' dir='ltr'>in</span> <span class='ocrx_word' id='word_1_313' title='bbox 1544 3515 1609 3582; x_wconf 88' lang='lat' dir='ltr'>hoc</span> 
     </span>
     <span class='ocr_line' id='line_1_31' title="bbox 287 3620 1610 3705; baseline 0.002 -19"><span class='ocrx_word' id='word_1_314' title='bbox 287 3624 485 3687; x_wconf 90' lang='lat' dir='ltr'>natussum</span> <span class='ocrx_word' id='word_1_315' title='bbox 513 3621 579 3684; x_wconf 87' lang='lat' dir='ltr'>ete.</span> <span class='ocrx_word' id='word_1_316' title='bbox 605 3621 639 3684; x_wconf 90' lang='lat' dir='ltr'>et</span> <span class='ocrx_word' id='word_1_317' title='bbox 662 3638 809 3705; x_wconf 87' lang='lat' dir='ltr'>regnum</span> <span class='ocrx_word' id='word_1_318' title='bbox 835 3638 950 3684; x_wconf 90' lang='lat' dir='ltr'>meum</span> <span class='ocrx_word' id='word_1_319' title='bbox 974 3626 1114 3686; x_wconf 88' lang='lat' dir='ltr'>nonest</span> <span class='ocrx_word' id='word_1_320' title='bbox 1139 3620 1219 3687; x_wconf 91' lang='lat' dir='ltr'>hinc</span> <span class='ocrx_word' id='word_1_321' title='bbox 1241 3629 1319 3701; x_wconf 81' lang='lat' dir='ltr'>ete,</span> <span class='ocrx_word' id='word_1_322' title='bbox 1342 3644 1419 3688; x_wconf 91' lang='lat' dir='ltr'>cum</span> <span class='ocrx_word' id='word_1_323' title='bbox 1440 3621 1610 3689; x_wconf 83' lang='lat' dir='ltr'>debuisset</span> 
     </span>
     <span class='ocr_line' id='line_1_32' title="bbox 288 3723 1610 3817; baseline 0.002 -24"><span class='ocrx_word' id='word_1_324' title='bbox 288 3725 450 3793; x_wconf 87' lang='lat' dir='ltr'>obsistere</span> <span class='ocrx_word' id='word_1_325' title='bbox 468 3724 648 3813; x_wconf 89' lang='lat' dir='ltr'>ipsumque</span> <span class='ocrx_word' id='word_1_326' title='bbox 667 3745 805 3807; x_wconf 87' lang='lat' dir='ltr'>eruere,</span> <span class='ocrx_word' id='word_1_327' title='bbox 822 3723 858 3790; x_wconf 94' lang='lat' dir='ltr'>id</span> <span class='ocrx_word' id='word_1_328' title='bbox 872 3746 943 3791; x_wconf 91' lang='lat' dir='ltr'>non</span> <span class='ocrx_word' id='word_1_329' title='bbox 956 3725 1085 3792; x_wconf 87' lang='lat' dir='ltr'>lecerat</span> <span class='ocrx_word' id='word_1_330' title='bbox 1102 3727 1161 3792; x_wconf 90' lang='lat' dir='ltr'>sed</span> <span class='ocrx_word' id='word_1_331' title='bbox 1183 3725 1356 3794; x_wconf 83' lang='lat' dir='ltr'>iudaicam</span> <span class='ocrx_word' id='word_1_332' title='bbox 1378 3731 1542 3817; x_wconf 90' lang='lat' dir='ltr'>impetum</span> <span class='ocrx_word' id='word_1_333' title='bbox 1557 3751 1610 3795; x_wconf 92' lang='lat' dir='ltr'>se-</span> 
     </span>
     <span class='ocr_line' id='line_1_33' title="bbox 288 3827 1613 3924; baseline 0.002 -24"><span class='ocrx_word' id='word_1_334' title='bbox 288 3841 385 3900; x_wconf 89' lang='lat' dir='ltr'>cutus</span> <span class='ocrx_word' id='word_1_335' title='bbox 403 3832 516 3898; x_wconf 86' lang='lat' dir='ltr'>luerat</span> <span class='ocrx_word' id='word_1_336' title='bbox 528 3857 544 3891; x_wconf 77' lang='lat' dir='ltr'>a</span> <span class='ocrx_word' id='word_1_337' title='bbox 561 3827 654 3918; x_wconf 73' lang='lat' dir='ltr'>(car.</span> <span class='ocrx_word' id='word_1_338' title='bbox 675 3828 819 3920; x_wconf 72' lang='lat' dir='ltr'>Theoplt.</span> <span class='ocrx_word' id='word_1_339' title='bbox 835 3830 957 3921; x_wconf 68' lang='lat' dir='ltr'>aare.)</span> <span class='ocrx_word' id='word_1_340' title='bbox 974 3854 1085 3921; x_wconf 89' lang='lat' dir='ltr'>neque</span> <span class='ocrx_word' id='word_1_341' title='bbox 1102 3854 1219 3900; x_wconf 91' lang='lat' dir='ltr'>verum</span> <span class='ocrx_word' id='word_1_342' title='bbox 1234 3857 1431 3922; x_wconf 90' lang='lat' dir='ltr'>responsum</span> <span class='ocrx_word' id='word_1_343' title='bbox 1448 3839 1613 3924; x_wconf 88' lang='lat' dir='ltr'>potuisset</span> 
     </span>
     <span class='ocr_line' id='line_1_34' title="bbox 289 3935 1609 4027; baseline 0.001 -21"><span class='ocrx_word' id='word_1_344' title='bbox 289 3939 482 4025; x_wconf 89' lang='lat' dir='ltr'>intelligere</span> <span class='ocrx_word' id='word_1_345' title='bbox 503 3936 609 4003; x_wconf 93' lang='lat' dir='ltr'>homo</span> <span class='ocrx_word' id='word_1_346' title='bbox 635 3935 689 4002; x_wconf 86' lang='lat' dir='ltr'>vel</span> <span class='ocrx_word' id='word_1_347' title='bbox 709 3935 893 4005; x_wconf 91' lang='lat' dir='ltr'>idololatra</span> <span class='ocrx_word' id='word_1_348' title='bbox 912 3938 968 4004; x_wconf 92' lang='lat' dir='ltr'>vel</span> <span class='ocrx_word' id='word_1_349' title='bbox 982 3938 1078 4005; x_wconf 93' lang='lat' dir='ltr'>nulla</span> <span class='ocrx_word' id='word_1_350' title='bbox 1098 3940 1274 4027; x_wconf 89' lang='lat' dir='ltr'>religionis</span> <span class='ocrx_word' id='word_1_351' title='bbox 1290 3941 1425 4007; x_wconf 90' lang='lat' dir='ltr'>notione</span> <span class='ocrx_word' id='word_1_352' title='bbox 1439 3942 1609 4022; x_wconf 88' lang='lat' dir='ltr'>imbutus,</span> 
     </span>
     <span class='ocr_line' id='line_1_35' title="bbox 290 4040 1608 4136; baseline 0.002 -24"><span class='ocrx_word' id='word_1_353' title='bbox 290 4051 405 4136; x_wconf 92' lang='lat' dir='ltr'>utpote</span> <span class='ocrx_word' id='word_1_354' title='bbox 418 4045 477 4134; x_wconf 90' lang='lat' dir='ltr'>qui</span> <span class='ocrx_word' id='word_1_355' title='bbox 494 4064 589 4134; x_wconf 89' lang='lat' dir='ltr'>spem</span> <span class='ocrx_word' id='word_1_356' title='bbox 604 4042 757 4110; x_wconf 86' lang='lat' dir='ltr'>veritatis</span> <span class='ocrx_word' id='word_1_357' title='bbox 775 4044 1034 4132; x_wconf 91' lang='lat' dir='ltr'>cognoscendae</span> <span class='ocrx_word' id='word_1_358' title='bbox 1047 4040 1127 4113; x_wconf 80' lang='lat' dir='ltr'>¹iam</span> <span class='ocrx_word' id='word_1_359' title='bbox 1142 4045 1272 4114; x_wconf 91' lang='lat' dir='ltr'>dudum</span> <span class='ocrx_word' id='word_1_360' title='bbox 1290 4047 1466 4115; x_wconf 88' lang='lat' dir='ltr'>abiecisset</span> <span class='ocrx_word' id='word_1_361' title='bbox 1480 4049 1537 4136; x_wconf 85' lang='lat' dir='ltr'>(el.</span> <span class='ocrx_word' id='word_1_362' title='bbox 1557 4056 1608 4123; x_wconf 77' lang='lat'>18,</span> 
     </span>
     <span class='ocr_line' id='line_1_36' title="bbox 291 4149 1611 4243; baseline -0.002 -21"><span class='ocrx_word' id='word_1_363' title='bbox 291 4155 357 4242; x_wconf 88' lang='grc'>38).</span> <span class='ocrx_word' id='word_1_364' title='bbox 376 4158 483 4219; x_wconf 90' lang='lat' dir='ltr'>lesum</span> <span class='ocrx_word' id='word_1_365' title='bbox 510 4172 579 4216; x_wconf 94' lang='lat' dir='ltr'>non</span> <span class='ocrx_word' id='word_1_366' title='bbox 607 4149 837 4240; x_wconf 85' lang='lat' dir='ltr'>respondisse,</span> <span class='ocrx_word' id='word_1_367' title='bbox 861 4158 898 4217; x_wconf 92' lang='lat' dir='ltr'>ut</span> <span class='ocrx_word' id='word_1_368' title='bbox 923 4151 1120 4219; x_wconf 87' lang='lat' dir='ltr'>vaticinium</span> <span class='ocrx_word' id='word_1_369' title='bbox 1140 4158 1179 4219; x_wconf 92' lang='lat' dir='ltr'>ls.</span> <span class='ocrx_word' id='word_1_370' title='bbox 1209 4152 1286 4232; x_wconf 82' lang='lat'><strong>53‚&#39;1</strong></span> <span class='ocrx_word' id='word_1_371' title='bbox 1310 4155 1483 4243; x_wconf 85' lang='lat' dir='ltr'>impleret,</span> <span class='ocrx_word' id='word_1_372' title='bbox 1502 4157 1553 4222; x_wconf 83' lang='lat' dir='ltr'>rel</span> <span class='ocrx_word' id='word_1_373' title='bbox 1571 4179 1611 4220; x_wconf 83' lang='lat' dir='ltr'>nc</span> 
     </span>
     <span class='ocr_line' id='line_1_37' title="bbox 292 4256 1613 4351; baseline 0.002 -25"><span class='ocrx_word' id='word_1_374' title='bbox 292 4260 460 4351; x_wconf 78' lang='lat' dir='ltr'>patefacta</span> <span class='ocrx_word' id='word_1_375' title='bbox 480 4256 616 4343; x_wconf 88' lang='lat' dir='ltr'>origine</span> <span class='ocrx_word' id='word_1_376' title='bbox 635 4256 753 4324; x_wconf 88' lang='lat' dir='ltr'>divina</span> <span class='ocrx_word' id='word_1_377' title='bbox 769 4256 977 4325; x_wconf 90' lang='lat' dir='ltr'>liberaretur</span> <span class='ocrx_word' id='word_1_378' title='bbox 995 4281 1016 4325; x_wconf 94' lang='lat' dir='ltr'>a</span> <span class='ocrx_word' id='word_1_379' title='bbox 1039 4269 1165 4343; x_wconf 90' lang='lat' dir='ltr'>morte,</span> <span class='ocrx_word' id='word_1_380' title='bbox 1185 4261 1238 4327; x_wconf 90' lang='lat' dir='ltr'>vel</span> <span class='ocrx_word' id='word_1_381' title='bbox 1261 4283 1304 4327; x_wconf 92' lang='lat' dir='ltr'>ne</span> <span class='ocrx_word' id='word_1_382' title='bbox 1323 4262 1497 4328; x_wconf 85' lang='lat' dir='ltr'>videretur</span> <span class='ocrx_word' id='word_1_383' title='bbox 1512 4285 1613 4329; x_wconf 86' lang='lat' dir='ltr'>eona·</span> 
     </span>
     <span class='ocr_line' id='line_1_38' title="bbox 292 4363 1612 4456; baseline 0.002 -24"><span class='ocrx_word' id='word_1_384' title='bbox 292 4375 360 4444; x_wconf 84' lang='lat' dir='ltr'>tus,</span> <span class='ocrx_word' id='word_1_385' title='bbox 384 4373 421 4433; x_wconf 95' lang='lat' dir='ltr'>ut</span> <span class='ocrx_word' id='word_1_386' title='bbox 441 4363 637 4431; x_wconf 88' lang='lat' dir='ltr'>elaberetur</span> <span class='ocrx_word' id='word_1_387' title='bbox 660 4363 716 4452; x_wconf 90' lang='lat' dir='ltr'>(cl.</span> <span class='ocrx_word' id='word_1_388' title='bbox 741 4366 830 4453; x_wconf 78' lang='lat' dir='ltr'>Auq.</span> <span class='ocrx_word' id='word_1_389' title='bbox 859 4365 974 4432; x_wconf 82' lang='lat' dir='ltr'>l&#39;tom.</span> <span class='ocrx_word' id='word_1_390' title='bbox 1001 4368 1091 4432; x_wconf 85' lang='lat' dir='ltr'>lans.</span> <span class='ocrx_word' id='word_1_391' title='bbox 1121 4367 1205 4455; x_wconf 80' lang='lat' dir='ltr'>Pol.)</span> <span class='ocrx_word' id='word_1_392' title='bbox 1228 4367 1279 4433; x_wconf 87' lang='lat' dir='ltr'>vel</span> <span class='ocrx_word' id='word_1_393' title='bbox 1299 4371 1380 4456; x_wconf 91' lang='lat' dir='ltr'>quia</span> <span class='ocrx_word' id='word_1_394' title='bbox 1401 4370 1524 4434; x_wconf 83' lang='lat' dir='ltr'>Pilatus</span> <span class='ocrx_word' id='word_1_395' title='bbox 1545 4391 1612 4434; x_wconf 90' lang='lat' dir='ltr'>nou</span> 
     </span>
     <span class='ocr_line' id='line_1_39' title="bbox 292 4468 1612 4562; baseline 0.001 -21"><span class='ocrx_word' id='word_1_396' title='bbox 292 4479 330 4541; x_wconf 93' lang='lat' dir='ltr'>ut</span> <span class='ocrx_word' id='word_1_397' title='bbox 349 4472 488 4540; x_wconf 91' lang='lat' dir='ltr'>humilis</span> <span class='ocrx_word' id='word_1_398' title='bbox 504 4469 695 4560; x_wconf 89' lang='lat' dir='ltr'>discipulus</span> <span class='ocrx_word' id='word_1_399' title='bbox 710 4468 770 4537; x_wconf 89' lang='lat' dir='ltr'>sed</span> <span class='ocrx_word' id='word_1_400' title='bbox 780 4476 817 4536; x_wconf 92' lang='lat' dir='ltr'>ut</span> <span class='ocrx_word' id='word_1_401' title='bbox 829 4472 998 4561; x_wconf 90' lang='lat' dir='ltr'>superbus</span> <span class='ocrx_word' id='word_1_402' title='bbox 1013 4473 1114 4540; x_wconf 84' lang='lat' dir='ltr'>iudex</span> <span class='ocrx_word' id='word_1_403' title='bbox 1129 4475 1333 4562; x_wconf 75' lang='lat' dir='ltr'>inquisierit,</span> <span class='ocrx_word' id='word_1_404' title='bbox 1346 4476 1429 4541; x_wconf 88' lang='lat' dir='ltr'>haec</span> <span class='ocrx_word' id='word_1_405' title='bbox 1443 4485 1475 4542; x_wconf 89' lang='lat' dir='ltr'>et</span> <span class='ocrx_word' id='word_1_406' title='bbox 1489 4477 1612 4542; x_wconf 87' lang='lat' dir='ltr'>similia</span> 
     </span>
     <span class='ocr_line' id='line_1_40' title="bbox 293 4578 1094 4668; baseline 0.002 -24"><span class='ocrx_word' id='word_1_407' title='bbox 293 4579 346 4647; x_wconf 91' lang='lat' dir='ltr'>vel</span> <span class='ocrx_word' id='word_1_408' title='bbox 362 4578 429 4645; x_wconf 89' lang='lat' dir='ltr'>dici</span> <span class='ocrx_word' id='word_1_409' title='bbox 445 4581 621 4668; x_wconf 89' lang='lat' dir='ltr'>nequeunt</span> <span class='ocrx_word' id='word_1_410' title='bbox 639 4578 691 4645; x_wconf 90' lang='lat' dir='ltr'>vel</span> <span class='ocrx_word' id='word_1_411' title='bbox 711 4583 802 4645; x_wconf 88' lang='lat' dir='ltr'>certe</span> <span class='ocrx_word' id='word_1_412' title='bbox 820 4600 888 4644; x_wconf 91' lang='lat' dir='ltr'>non</span> <span class='ocrx_word' id='word_1_413' title='bbox 908 4579 1094 4646; x_wconf 85' lang='lat' dir='ltr'>sufficiunt.</span> 
     </span>
    </p>

    <p class='ocr_par' dir='ltr' id='par_1_4' title="bbox 295 4686 1616 4883">
     <span class='ocr_line' id='line_1_41' title="bbox 337 4686 1612 4778; baseline 0.002 -26"><span class='ocrx_word' id='word_1_414' title='bbox 337 4686 463 4752; x_wconf 91' lang='lat' dir='ltr'>Pilatus</span> <span class='ocrx_word' id='word_1_415' title='bbox 485 4713 502 4748; x_wconf 79' lang='lat' dir='ltr'>a</span> <span class='ocrx_word' id='word_1_416' title='bbox 526 4690 673 4752; x_wconf 88' lang='lat' dir='ltr'>terretur</span> <span class='ocrx_word' id='word_1_417' title='bbox 691 4691 726 4753; x_wconf 93' lang='lat' dir='ltr'>et</span> <span class='ocrx_word' id='word_1_418' title='bbox 744 4690 865 4761; x_wconf 77' lang='lat' dir='ltr'>terret3</span> <span class='ocrx_word' id='word_1_419' title='bbox 890 4686 1043 4753; x_wconf 89' lang='lat' dir='ltr'>irritatus</span> <span class='ocrx_word' id='word_1_420' title='bbox 1064 4689 1155 4754; x_wconf 91' lang='lat' dir='ltr'>enim</span> <span class='ocrx_word' id='word_1_421' title='bbox 1172 4689 1263 4778; x_wconf 91' lang='lat' dir='ltr'>quod</span> <span class='ocrx_word' id='word_1_422' title='bbox 1281 4688 1345 4754; x_wconf 90' lang='lat' dir='ltr'>sibi</span> <span class='ocrx_word' id='word_1_423' title='bbox 1360 4689 1471 4778; x_wconf 90' lang='lat' dir='ltr'>ipsum</span> <span class='ocrx_word' id='word_1_424' title='bbox 1488 4689 1612 4755; x_wconf 85' lang='lat' dir='ltr'>lorenti</span> 
     </span>
     <span class='ocr_line' id='line_1_42' title="bbox 295 4790 1616 4883; baseline 0 -21"><span class='ocrx_word' id='word_1_425' title='bbox 295 4817 339 4862; x_wconf 89' lang='lat' dir='ltr'>ne</span> <span class='ocrx_word' id='word_1_426' title='bbox 368 4792 575 4882; x_wconf 90' lang='lat' dir='ltr'>respondeat</span> <span class='ocrx_word' id='word_1_427' title='bbox 596 4790 757 4881; x_wconf 89' lang='lat' dir='ltr'>quidem,</span> <span class='ocrx_word' id='word_1_428' title='bbox 781 4791 942 4883; x_wconf 89' lang='lat' dir='ltr'>deinceps</span> <span class='ocrx_word' id='word_1_429' title='bbox 968 4793 1081 4861; x_wconf 86' lang='lat' dir='ltr'>vibrat</span> <span class='ocrx_word' id='word_1_430' title='bbox 1108 4801 1305 4883; x_wconf 88' lang='lat' dir='ltr'>potestatem</span> <span class='ocrx_word' id='word_1_431' title='bbox 1335 4825 1350 4856; x_wconf 88' lang='lat'>»</span> <span class='ocrx_word' id='word_1_432' title='bbox 1374 4795 1507 4882; x_wconf 75' lang='grc' dir='ltr'>(ΕιιιΙι.)</span> <span class='ocrx_word' id='word_1_433' title='bbox 1523 4819 1553 4861; x_wconf 83' lang='lat' dir='ltr'>v.</span> <span class='ocrx_word' id='word_1_434' title='bbox 1577 4803 1616 4862; x_wconf 88' lang='lat'>10</span> 
     </span>
    </p>
   </div>
   <div class='ocr_carea' id='block_1_3' title="bbox 0 0 2088 5648">
    <p class='ocr_par' dir='ltr' id='par_1_5' title="bbox 0 0 2088 5648">
     <span class='ocr_line' id='line_1_43' title="bbox 0 0 2088 5648; baseline 0 0"><span class='ocrx_word' id='word_1_435' title='bbox 0 0 2088 5648; x_wconf 95' lang='lat' dir='ltr'> </span> 
     </span>
    </p>
   </div>
  </div>
 </body>
</html>
