4116 5648
884 514 964 559 meu.
988 501 1142 574 183812.

348 653 483 723 credm
495 649 519 716 i.
546 673 576 719 e.
602 650 718 720 verbis
737 647 836 730 meis,
851 670 927 715 meo
942 650 984 717 de
1006 672 1060 716 me
1076 647 1283 732 testimonio,
1301 648 1459 739 operibus
1473 647 1617 733 credite,
1634 664 1672 719 ut

349 757 561 850 coquoscaris
575 772 608 826 et
622 753 769 824 credatis
781 761 829 824 ἵνα
843 767 937 842 γνῶτε
953 765 1001 825 καὶ
1015 756 1179 842 γινώσκητε
1196 760 1234 819 ut
1248 757 1393 822 noscatis
1410 756 1515 845 (actu)
1532 759 1566 820 et
1585 755 1675 824 hanc

347 862 506 934 notitiam
536 861 690 932 habeatis
707 860 866 952 (teneatis
889 862 1027 942 habitu,
1044 860 1210 950 semper),
1228 859 1311 948 quia
1334 864 1435 928 Pater
1453 862 1490 928 ia
1508 877 1672 929 incestet

344 991 408 1061 eqo
429 969 465 1037 ia
485 975 606 1053 Patre,
630 967 714 1036 haec
733 969 842 1055 igitur
863 969 972 1035 altera
991 973 1042 1034 est
1062 966 1276 1033 illiusunam
1299 988 1417 1032 securus
1441 969 1496 1033 vel
1513 967 1672 1057 repetitio
1735 1059 1737 1063 Ι

345 1076 400 1143 vel
412 1077 593 1169 explicatio
610 1075 767 1157 ulterior;
785 1100 800 1134 ‹
819 1073 970 1141 Christus
980 1075 1216 1140 demonstrare
1231 1072 1424 1139 instituerat
1438 1095 1472 1138 se
1487 1087 1520 1139 ot
1537 1078 1673 1142 Patrem

344 1186 451 1252 unum
477 1206 564 1265 esse,
589 1181 664 1264 sed,
687 1202 764 1249 cum
790 1181 935 1262 faceret,
960 1181 1011 1246 illi
1032 1181 1256 1269 propositioni
1277 1181 1364 1245 hanc
1385 1180 1529 1246 alteram
1549 1182 1675 1248 substi-

344 1295 484 1359 tuerat:
506 1287 611 1356 Filius
636 1289 693 1356 Dei
711 1306 804 1365 sum;
824 1310 864 1354 ex
887 1309 957 1377 quo
980 1285 1067 1353 iliud
1090 1286 1305 1352 inferendum
1322 1285 1487 1367 vidimus,
1504 1294 1674 1354 unamal-

343 1419 410 1488 que
436 1394 582 1464 eandem
611 1416 681 1462 esse
708 1392 886 1483 utriusque
911 1393 1155 1484 propositionis
1181 1392 1251 1458 vim
1277 1399 1310 1458 et
1335 1394 1516 1458 rationem.
1546 1393 1674 1470 Quibus
1762 1416 1765 1421 ·
1803 1400 1838 1479 ,ss

343 1503 477 1573 duabus
500 1502 586 1569 haec
604 1501 706 1569 tertia
724 1498 886 1566 addenda
908 1510 957 1567 est
975 1524 982 1568 :
1002 1501 1149 1567 Peterin
1170 1521 1224 1565 me
1245 1506 1324 1580 etc,
1341 1498 1454 1588 deque
1469 1521 1510 1565 ea
1524 1500 1604 1566 item
1620 1499 1675 1566 iu-

342 1608 545 1692 dicandum,
563 1630 641 1676 cum
656 1605 829 1674 conclusio
847 1608 891 1674 sit
912 1605 1221 1694 argumentationis
1233 1628 1301 1695 qua
1319 1605 1472 1672 Christus
1493 1606 1673 1673 ostendere

343 1714 495 1783 habebat
514 1735 550 1781 se
569 1721 603 1782 ct
623 1717 756 1781 Patrem
776 1734 883 1779 unum
898 1734 968 1779 esse
989 1734 1093 1800 seque
1110 1735 1184 1779 esse
1200 1712 1320 1779 Filium
1341 1712 1431 1778 Dei»
1452 1712 1589 1801 (Pota).
1608 1717 1674 1780 Hac

343 1821 444 1890 tertia
463 1813 637 1888 ¹sententia
659 1819 852 1886 formaliter
873 1818 1071 1885 enuntiatur
1095 1822 1355 1906 συμπεριχώρησις
1378 1818 1672 1900 circumiacessio,

343 1926 393 1994 uti
405 1925 441 1993 in
461 1924 575 2014 prima
594 1923 944 2003 consubstantialitas,
963 1929 997 1990 ct
1012 1924 1216 1991 insecundo
1231 1924 1362 1991 filiatio.
1433 2013 1436 2017 ἱ

386 2036 482 2101 Patet
505 2032 623 2123 itaque
647 2031 817 2098 Christum
835 2030 924 2097 iliud
939 2050 946 2096 :
964 2053 1027 2119 eqo
1043 2042 1075 2096 et
1091 2035 1194 2097 Pater
1211 2053 1319 2097 cirrum
1337 2053 1470 2112 sumtu,
1492 2052 1674 2117 argumen-

342 2139 473 2207 tatione
490 2137 554 2206 illa
575 2160 616 2206 cx
639 2145 691 2206 Ps.
709 2143 764 2220 81,
784 2136 983 2204 nullatenus
1000 2137 1232 2217 imminuisse,
1250 2137 1309 2204 sed
1326 2135 1427 2225 plane
1450 2138 1629 2204 retinuisse
1643 2145 1677 2204 et

341 2243 477 2313 duobus
496 2243 606 2311 modis
619 2243 745 2313 clarius
761 2251 795 2310 et
813 2242 1006 2310 distinctius
1020 2243 1238 2333 proposuisse
1259 2245 1304 2332 (v.
1323 2249 1378 2310 36.
1394 2244 1461 2331 38).
1481 2243 1578 2311 {llam
1595 2266 1676 2311 vero

342 2351 920 2438 adhominemargumentationem
937 2350 1095 2429 inseruit,
1114 2357 1217 2438 prout
1235 2373 1275 2417 ex
1295 2350 1370 2438 lege
1385 2365 1494 2417 cestro
1508 2357 1620 2440 patet,
1638 2359 1676 2418 ut

340 2456 408 2524 illis
426 2456 471 2525 ad
495 2457 634 2525 oculum
652 2456 924 2536 demonstraret,
940 2464 1068 2546 quanta
1087 2462 1207 2524 contra
1223 2458 1331 2547 ipsam
1352 2458 1464 2543 legem
1479 2456 1607 2524 iniuria
1621 2457 1673 2523 illi
1769 2460 1772 2464 ’
1833 2442 1838 2493 2

341 2585 412 2632 sese
440 2563 484 2630 ad
516 2562 740 2652 lapidandum
762 2563 992 2650 accingerent.
1021 2570 1163 2652 Insuper
1187 2564 1253 2630 tale
1283 2568 1527 2650 argumentum
1550 2569 1670 2654 aptum

341 2676 415 2739 erat
428 2669 474 2739 ad
488 2671 642 2737 furorem
656 2670 817 2737 insanum
836 2671 1052 2759 aliquatenus
1069 2672 1347 2760 temperandum.

384 2781 584 2867 Atquantae
592 2777 755 2844 tenebrae
764 2777 1032 2844 manifestationi
1041 2777 1424 2865 praeclarissimaelucis
1433 2781 1670 2867 opponuntur!

339 2888 412 2962 Qua
433 2889 512 2951 sunt
532 2883 648 2951 ludaei
667 2883 913 2964 obstinatione,
931 2907 993 2950 nec
1013 2883 1128 2950 verbis
1140 2885 1213 2950 eius
1228 2907 1337 2972 neque
1352 2884 1516 2974 operibus
1529 2884 1674 2952 credunt

341 3012 374 3058 v.
390 2996 433 3058 39
441 2993 652 3080 quaerebant
665 3012 747 3080 erqo
766 3013 845 3057 cum
859 2990 1114 3080 apprehendere
1128 3006 1162 3056 ct
1176 2991 1282 3056 osrici!
1302 2989 1345 3056 de
1362 2991 1521 3056 retorridus
1533 3012 1669 3075 eorum,

342 3119 379 3164 re
396 3095 473 3186 ipsa
488 3099 544 3185 eis
558 3095 796 3165 demonstrans
812 3118 908 3164 suam
930 3097 1119 3186 potentiam
1135 3119 1206 3185 qua
1221 3118 1337 3163 omnes
1350 3107 1494 3164 conatus
1509 3096 1673 3164 facillime

341 3201 462 3270 cludit.
488 3207 559 3270 lam
582 3203 662 3269 inde
686 3225 893 3290 cognoscere
913 3211 1072 3292 poterant
1094 3225 1174 3270 eum
1192 3202 1360 3291 singulari
1383 3205 1438 3270 Dei
1458 3204 1669 3293 protectione

339 3308 409 3375 frui
432 3316 466 3375 et
493 3330 599 3399 quam
618 3331 739 3376 verum
762 3314 848 3376 esset
871 3311 966 3399 quod
989 3311 1122 3376 dixerat
1136 3333 1167 3377 v.
1199 3317 1238 3376 18
1256 3332 1356 3376 nemo
1374 3311 1462 3376 tollit
1475 3332 1550 3376 eam
1565 3333 1586 3375 a
1602 3333 1666 3378 me.

341 3413 428 3492 Quid
442 3437 526 3501 ergo
544 3415 587 3483 de
601 3437 641 3482 eo
656 3415 864 3482 censendum
877 3417 964 3482 erit?
976 3417 1152 3493 Quomodo
1168 3417 1288 3482 exierit
1301 3439 1319 3482 e
1336 3439 1438 3482 manu
1455 3439 1587 3496 eorum,
1602 3439 1670 3484 non

340 3521 502 3603 refertum
520 3543 591 3588 sese
609 3521 797 3588 reddidisse
820 3521 1026 3588 invisibilem
1048 3523 1137 3611 (Coi.
1162 3525 1253 3590 loris.
1280 3522 1422 3605 araldi,
1446 3524 1562 3590 verbis
1581 3523 1672 3590 bisce

339 3649 408 3694 non
433 3627 607 3694 suadetur.
630 3627 762 3708 Effecit,
788 3633 826 3693 ut
849 3650 951 3695 nemo
975 3635 1090 3718 posset
1113 3651 1191 3695 eum
1211 3630 1380 3711 detinere;
1403 3631 1444 3695 cf.
1477 3635 1552 3697 Luc.
1576 3635 1667 3712 tao.

251 3768 254 3777 ·
341 3732 515 3823 Relinquit
534 3734 656 3801 urbem
677 3739 712 3800 et
736 3733 895 3800 {udaeam
916 3758 948 3801 v.
971 3743 1013 3801 to
1033 3750 1066 3801 et
1092 3736 1179 3802 abiit
1207 3737 1329 3802 iterum
1353 3736 1672 3821 translacionem·

341 3841 463 3907 iterum
483 3839 688 3930 plerumque
714 3840 866 3907 referunt
889 3840 935 3907 ad
959 3848 1048 3923 138,
1073 3865 1162 3932 quae
1188 3852 1302 3910 tamen
1322 3844 1545 3910 commoratio
1561 3843 1669 3910 nimio

341 3948 505 4036 temporis
528 3945 710 4013 intervallo
734 3946 847 4025 abest;
876 3969 983 4036 quare
1007 3949 1122 4038 aptius
1151 3949 1286 4016 videtur
1314 3949 1553 4038 explicandum
1578 3972 1668 4032 esso,

343 4051 466 4120 abiisse
485 4053 521 4119 in
542 4057 722 4134 Peraeam,
739 4052 800 4120 ubi
821 4059 901 4121 ante
917 4057 1079 4121 encaenia
1101 4055 1323 4144 paratiquod
1344 4063 1478 4146 tempus
1494 4056 1596 4123 luerit
1610 4057 1667 4145 (ct.

347 4158 451 4249 Gorl.)
475 4159 514 4225 in
534 4181 613 4226 eum
637 4158 765 4246 lacerna,
788 4160 848 4227 ubi
869 4164 1108 4227 orationarios
1131 4162 1310 4252 baptizans
1327 4164 1502 4252 primum,
1520 4169 1556 4229 ut
1573 4165 1671 4252 quasi

343 4266 416 4334 cius
428 4267 629 4333 memoriam
640 4272 673 4334 et
689 4267 921 4334 testimonium
936 4277 1131 4346 revocaret,
1149 4276 1325 4336 namr.t1
1342 4283 1374 4335 et
1388 4269 1491 4335 rrrraelti
1505 4280 1670 4336 venerunt

343 4372 391 4439 ad
404 4395 481 4440 eom
495 4387 528 4440 et
543 4371 701 4439 dicebant
716 4395 729 4438 .·
742 4374 826 4464 quio
843 4376 987 4441 loannes
1004 4375 1144 4463 quidem
1156 4377 1296 4463 signum
1311 4375 1447 4441 utillum
1453 4375 1562 4464 lecit,
1580 4398 1611 4442 v.
1626 4381 1669 4442 tt

342 4479 457 4547 omnio
469 4493 587 4547 autem
602 4502 836 4571 quaecumque
856 4480 946 4546 dicii
962 4483 1106 4548 loannes
1127 4480 1169 4548 de
1185 4481 1247 4547 lior
1256 4536 1265 4567 ,
1287 4505 1363 4549 rora
1377 4496 1488 4548 ercue.
1506 4485 1550 4547 Et
1565 4483 1670 4550 irrirlti

342 4585 563 4653 crediderunt
586 4585 623 4652 in
644 4605 740 4668 eum;
755 4592 895 4654 loannes
910 4587 1058 4676 baptista
1075 4589 1240 4656 miracula
1256 4589 1395 4678 quidem
1414 4612 1482 4655 non
1499 4590 1593 4667 fecit,
1608 4591 1667 4656 sed

342 4712 382 4757 eo
397 4714 434 4759 se
449 4693 550 4760 modo
566 4693 772 4784 prophetam
788 4719 809 4760 a
824 4699 891 4760 Deo
911 4695 1048 4760 missum
1071 4697 1245 4784 probavit,
1263 4718 1366 4784 quom
1382 4701 1465 4763 Deus
1475 4695 1666 4781 assignarat

325 4799 454 4896 illiont.
474 4806 585 4882 1831.
605 4804 666 4868 ler.
684 4799 777 4888 28,9)
792 4806 825 4867 et
840 4823 942 4890 quem
959 4801 994 4866 hi
1009 4825 1147 4892 quoque
1164 4807 1336 4890 tangunt:
1353 4779 1468 4869 omnia
1484 4825 1666 4892 quaecum·

343 4926 411 4994 que
427 4904 512 4973 dixit
526 4906 569 4974 dc
588 4907 669 4991 hoc,
688 4927 768 4973 vera
784 4913 896 4990 erant;
923 4909 966 4975 cf.
984 4909 1098 4975 blattis.
1120 4916 1214 4990 3,11.
1233 4914 1357 4977 lterum
1372 4908 1502 4975 iudicat
1519 4930 1667 4997 evange·
