4050 5648
814 493 895 568 1ox'u.
919 509 1014 581 6,l-r.

251 658 307 735 6,t
327 664 399 724 erat
419 665 533 726 autem
557 651 749 742 proximum
772 668 863 744 ἐγγύς
885 658 1029 747 pascha;
1047 653 1173 740 pascha
1191 653 1262 721 scil.
1283 659 1422 725 tertium
1441 657 1478 723 in
1497 654 1568 722 vita

164 825 166 828 ι
250 757 374 832 christi
388 766 542 856 publica,
560 781 641 824 nam
653 764 731 831 Luc.
753 770 806 846 6,1
828 763 897 829 iam
912 763 1104 847 assignatur
1119 766 1252 849 tempus
1265 770 1342 851 post
1359 762 1565 842 secundum,

250 874 328 955 Μὴ
349 868 593 961 postprimum
617 872 755 958 pascha.
778 874 821 934 Ea
843 869 958 960 itaque
979 886 1067 955 quac
1088 869 1570 957 Luc.6‚l-9‚10etlocispa-

249 976 375 1044 rallelis
388 976 585 1058 narrantur,
600 977 810 1065 praecedunt
820 981 854 1040 et
867 976 1011 1042 alterum
1024 994 1154 1040 annum
1168 971 1257 1038 vitae
1272 975 1431 1061 publicae
1445 975 1569 1044 Christi

249 1083 349 1151 nobis
367 1078 527 1146 exhibent
546 1103 577 1148 v.
597 1105 632 1169 g.
653 1081 771 1149 electio
784 1081 1032 1170 apostolorum,
1050 1100 1160 1146 sermo
1181 1083 1377 1163 montanus,
1394 1083 1490 1149 varia
1504 1082 1570 1149 mi·

249 1187 365 1256 racula
379 1186 596 1254 sanationum
610 1196 644 1255 et
657 1187 970 1266 resuscitationem,
986 1186 1184 1273 parabolae,
1204 1185 1318 1253 missio
1333 1190 1566 1274 apostolorum

249 1292 294 1361 ad
306 1290 613 1380 praedicationem,
635 1298 712 1382 post
730 1315 877 1380 quorum
901 1290 1050 1358 reditum
1067 1297 1155 1360 lesus
1170 1315 1250 1361 cum
1266 1291 1314 1359 eis
1326 1292 1454 1359 secedit
1468 1294 1505 1360 in
1519 1295 1570 1362 lo·

243 1418 328 1465 cum
348 1396 534 1480 desertum3
553 1401 670 1488 ibique
692 1398 756 1464 hoc
776 1399 977 1467 miraculum
1000 1398 1096 1486 panis
1120 1398 1413 1489 multiplicationis
1436 1405 1569 1488 patrat.

152 1571 155 1574 ,
181 1581 183 1584 ,
248 1503 311 1572 Ubi
333 1504 398 1573 hoc
418 1508 546 1576 lactum
568 1506 627 1584 sit,
646 1504 817 1572 indicatur
841 1511 919 1574 Luc.
946 1510 1051 1585 9‚10:
1077 1505 1210 1573 secessit
1230 1528 1384 1575 seorsum
1403 1505 1568 1573 inlocum

130 1699 131 1702 Ἴ
171 1615 173 1620 ’
251 1611 421 1681 desertum
435 1613 496 1703 qui
515 1617 565 1678 est
587 1611 786 1678 Bethsaidae
807 1613 892 1702 (scil.
917 1611 1070 1701 luliadis)
1091 1614 1238 1679 etetiam
1252 1636 1273 1680 a
1287 1620 1404 1681 nostro
1419 1634 1573 1699 evange·

56 1756 65 1799 ,·
83 1696 115 1735 ³⁹⁴
156 1787 157 1791 ,
250 1718 327 1787 lista
345 1727 400 1801 6,1
419 1730 496 1809 post
518 1717 616 1803 llaec,
634 1725 686 1785 sat
707 1718 851 1806 longum
872 1718 1085 1786 intercedere
1105 1719 1326 1786 intervallum
1345 1726 1379 1786 et
1396 1724 1505 1787 lesum
1518 1741 1572 1786 re-

137 1854 152 1867 *
251 1825 374 1894 ducem
397 1824 442 1892 ab
465 1824 549 1891 urbe
576 1824 613 1891 in
643 1823 791 1893 Galilaea
814 1832 985 1892 versatum
1009 1847 1094 1905 esse,
1120 1824 1304 1913 colligitur·
1319 1848 1360 1892 ex
1384 1830 1470 1894 Luca
1495 1833 1570 1909 6‚1-

252 1938 342 2015 9,10,
367 1929 454 1998 abiit
478 1934 569 1998 Iesus
588 1944 681 1999 trans
702 1953 795 2010 mare
819 1933 995 1999 Galilaeae
1022 1930 1117 2021 quod
1133 1945 1181 1998 est
1202 1918 1407 2016 Tiberiadis,
1429 1932 1570 2000 additur

206 2033 211 2037 ’
231 2060 233 2064 “
250 2057 305 2123 τῆς
317 2041 508 2126 Τιὸεριάδος,
529 2044 565 2104 ut
583 2038 723 2105 ubinam
740 2068 756 2100 a
774 2059 866 2105 mare
882 2037 1051 2107 Galilaeae
1072 2068 1088 2099 »
1104 2038 1208 2106 situm
1225 2040 1270 2105 sit
1284 2040 1467 2106 lectoribus
1483 2039 1571 2106 asia·

46 2147 58 2170 ,,
78 2144 84 2156 .

251 2145 457 2212 nisloanncs
476 2144 632 2234 explicet.
656 2151 735 2212 llam
757 2145 878 2211 urbem
898 2144 1044 2212 Herodes
1069 2145 1210 2236 Antipas
1229 2146 1329 2212 valdo
1352 2145 1576 2234 amplificavit

253 2257 287 2319 et
300 2252 434 2317 ornavit
448 2252 585 2318 nomine
600 2252 666 2318 hoc
678 2251 709 2319 ei
725 2251 1101 2341 impositoiuhonorem
1116 2253 1242 2319 Tiberii
1258 2254 1419 2321 Caesaris.
1435 2254 1575 2320 Secessit

245 2359 370 2448 itaque
384 2357 536 2425 Christus
548 2359 583 2424 in
599 2359 678 2425 litus
697 2359 862 2425 orientale
878 2359 990 2440 lacus,
1007 2365 1041 2424 et
1059 2358 1197 2449 quidem
1213 2359 1250 2425 in
1268 2359 1429 2428 navicula
1444 2359 1575 2449 (Matth.

256 2464 388 2554 lt,13)·‚
405 2489 437 2532 v.
459 2472 480 2531 2
502 2478 533 2532 et
555 2464 759 2556 sequebatur
775 2488 852 2532 eam
871 2464 1058 2533 iiaultitado
1077 2488 1223 2556 maqaa,
1241 2465 1265 2532 i.
1288 2490 1318 2534 e.
1338 2465 1461 2534 turbae
1475 2466 1517 2534 de
1530 2469 1580 2533 ci-

255 2558 417 2640 vitatibus
432 2572 605 2662 pedestres
623 2572 706 2641 illuc
725 2579 973 2670 concurrerunt
988 2594 1068 2640 eum
1087 2579 1221 2640 secutae
1237 2573 1370 2663 (Matth.
1386 2574 1412 2640 1.
1429 2597 1459 2642 c.
1476 2579 1576 2641 blare.

255 2677 365 2767 6‚33),
381 2679 636 2769 qaiavidebaat
647 2681 750 2769 siqna
765 2703 853 2769 quae
862 2680 1017 2767 faciebat
1029 2703 1131 2770 sraper
1148 2680 1200 2746 aa
1217 2681 1279 2770 qui
1292 2681 1579 2768 infirmabaatar;

257 2785 363 2851 multa
378 2785 476 2871 sigua
496 2792 604 2852 lesum
627 2787 746 2854 fecisse
765 2788 866 2854 etiam
886 2786 1059 2853 indicatur
1078 2809 1138 2876 pro
1157 2809 1197 2854 eo
1216 2794 1369 2876 tempore
1389 2787 1503 2854 ltatth.
1521 2793 1575 2868 lt,

111 2896 116 2965 s
189 2947 191 2949 .
258 2898 289 2958 1.
306 2897 339 2974 2,
355 2892 404 2958 ita
422 2894 622 2969 utilerodcs
637 2894 765 2960 lamam
782 2898 853 2960 lesu
863 2892 998 2959 audiret
1013 2899 1046 2960 et
1065 2893 1142 2959 ideo
1159 2898 1294 2982 putaret
1305 2893 1489 2984 baptistam
1504 2916 1577 2960 sur-

256 2999 380 3065 rexisse
390 3021 412 3066 a
422 2999 607 3067 mortuiset
618 2999 848 3067 virtutesineo
858 2999 1007 3088 operari.
1021 3004 1199 3067 Praeterea
1206 2999 1351 3089 apostoli
1367 2999 1401 3066 in
1419 2999 1577 3067 missione

259 3110 292 3172 ct
305 3105 488 3173 daemonia
515 3107 625 3173 multa
639 3110 811 3174 eiecerant
824 3113 857 3174 et
871 3107 1001 3197 ubique
1015 3106 1209 3174 sanationes
1223 3108 1441 3197 perfecerant
1462 3107 1576 3197 (Marc.

259 3216 350 3294 6,13.
369 3216 448 3280 Luc.
472 3218 555 3300 9‚6).
582 3217 690 3292 Quare
713 3213 853 3280 minime
869 3214 995 3279 mirum
1014 3219 1064 3280 est
1079 3214 1171 3303 quod
1186 3214 1308 3280 turbae
1328 3213 1456 3281 multae
1471 3220 1579 3281 lesum

259 3324 293 3384 et
317 3319 487 3408 apostolos
502 3342 521 3386 a
540 3319 703 3386 missione
722 3320 862 3387 reduces
880 3327 1015 3386 secutae
1028 3327 1117 3387 sunt.
1135 3320 1201 3387 Sed
1214 3325 1418 3410 sequuntur,
1437 3323 1521 3411 quia
1534 3319 1581 3386 vi-

260 3422 388 3491 debant
404 3425 521 3511 signa3
546 3455 562 3486 «
590 3449 656 3492 non
673 3427 773 3493 firma
796 3426 863 3492 fide
881 3425 1129 3516 sequebantur3
1146 3425 1253 3513 signis
1275 3427 1368 3493 enim
1391 3428 1504 3516 potius
1527 3427 1581 3494 in·

260 3529 484 3611 ducebantur,
507 3554 586 3598 cum
606 3540 721 3599 tamen
741 3539 869 3599 tautam
889 3532 1082 3599 doctrinam
1102 3535 1317 3622 perciperent
1335 3561 1352 3593 »
1369 3533 1497 3623 (Chr.);
1517 3534 1581 3600 uti-

260 3635 354 3703 litate
369 3637 476 3722 igitur
489 3639 643 3729 corporis
662 3639 771 3724 magis
787 3661 890 3729 quam
906 3641 1042 3705 animae
1057 3638 1123 3704 ista
1141 3639 1324 3706 multitudo
1338 3641 1581 3720 concurrebat,

263 3743 356 3832 quod
370 3745 581 3831 evengelista
596 3768 667 3812 non
687 3745 927 3827 dissimulavit,
949 3768 1087 3812 causam
1110 3745 1338 3813 multitudinis
1349 3752 1580 3834 congregatae

264 3849 456 3939 exprimens
470 3852 571 3939 (Tol.)
585 3859 619 3918 et
631 3853 744 3919 Matth.
762 3860 859 3934 1a,¹a
880 3852 1047 3937 legimus:
1063 3857 1096 3917 et
1109 3853 1241 3918 curavit
1253 3852 1436 3939 languidos
1449 3876 1582 3934 eorum,

183 4010 185 4014 ,
263 3959 443 4046 postquam
467 3981 507 4024 eo
534 3957 570 4024 in
585 3957 718 4025 deserto
738 3958 886 4024 constitit
909 3978 916 4023 :
939 3962 972 4023 et
987 3957 1117 4046 excepit
1130 3979 1189 4023 eos
1204 3958 1461 4048 etloquebatur
1475 3960 1518 4026 de
1534 3983 1587 4027 re·

265 4083 335 4149 gno
349 4062 408 4128 nei
423 4070 456 4128 et
474 4084 529 4130 eos
544 4065 604 4153 qui
619 4087 702 4131 cura
713 4064 917 4151 indigebant
928 4063 1087 4143 sanabat,
1104 4063 1153 4129 uti
1168 4068 1244 4131 Luc.
1261 4070 1337 4145 9,11
1356 4065 1516 4134 refertur.

311 4174 398 4237 lesus
412 4171 574 4260 appulsus
593 4173 628 4238 in
645 4172 758 4238 littore
773 4171 931 4238 orientali
946 4194 977 4236 v.
993 4176 1011 4236 3
1032 4169 1135 4235 subiit
1148 4193 1228 4259 erqo
1245 4171 1281 4238 in
1294 4184 1446 4239 riaoatem
1464 4185 1497 4241 τὸ
1518 4182 1585 4261 ἔρος

163 4288 166 4295 “
265 4277 409 4343 articulo
430 4277 574 4345 indicari
595 4278 729 4345 videtur
747 4301 853 4345 unum
873 4283 1024 4344 montem
1045 4277 1213 4367 (adeoque
1235 4284 1355 4345 notum
1371 4303 1410 4346 ac
1424 4279 1588 4348 determi-

265 4388 394 4469 natum)
410 4384 457 4450 ibi
473 4386 574 4451 luisse
592 4398 624 4450 et
649 4386 697 4451 iti
711 4384 847 4452 sedebat
871 4407 948 4450 cam
972 4382 1150 4473 discipulis
1166 4387 1258 4472 sais‚·
1283 4409 1313 4452 v.
1338 4395 1356 4453 t
1382 4399 1586 4454 eratautem

260 4491 459 4578 prozimum
478 4502 569 4578 ἐγγύς
584 4492 730 4580 pascha,
750 4493 822 4559 (lies
839 4495 951 4581 festas
968 4489 1189 4572 ladmonem,
1204 4515 1274 4583 qua
1287 4495 1451 4582 temporis
1466 4493 1586 4560 condi-

265 4595 358 4663 tione
375 4601 477 4665 etiam
492 4597 655 4687 explicari
680 4606 786 4687 potest
801 4606 892 4666 tanta
909 4599 1091 4665 multitudo
1106 4600 1225 4689 populi
1238 4605 1448 4687 congregata
1463 4599 1582 4688 (Cael.)

267 4705 421 4773 euntium
447 4727 567 4793 nempe
592 4706 627 4769 in
652 4706 784 4770 urbem.
811 4711 897 4773 lesus
913 4711 1027 4771 autem
1047 4706 1089 4772 ad
1109 4707 1231 4773 festum
1247 4728 1315 4771 non
1330 4705 1484 4772 ascendit
1499 4709 1582 4795 (Li)

267 4806 449 4896 impeditus
473 4811 674 4880 ludaeorum
697 4814 846 4901 nequitia
863 4811 986 4902 (Cleri.
1006 4814 1162 4902 Apposite
1177 4821 1313 4902 tempus
1326 4818 1476 4881 notatur.
1495 4819 1584 4901 Ergo

270 4917 358 4981 lesus
383 4941 452 4985 uno
476 4941 565 4986 anno
590 4925 773 5008 antequam
797 4942 926 4987 sacram
948 4920 1186 4986 eucharistiam
1212 4920 1403 4986 institueret
1430 4943 1584 4988 sermone

245 5188 473 5318 Λ
