4116 5648
330 641 376 680 me
392 643 398 679 :
416 630 478 691 Quo
494 635 592 687 vedis?
606 634 631 682 6.
652 629 706 680 Sed
723 628 789 689 quia
809 628 877 681 haec
891 633 969 683 locu·
1012 649 1055 698 με,
1077 624 1128 675 Ποῦ
1147 621 1261 692 intrem
1283 626 1308 674 6.
1335 620 1393 673 ἀλλ’
1418 627 1457 679 ὅτι
1480 629 1556 680 ταῦτα
1576 621 1654 674 λελά-

330 720 375 771 tus
392 735 455 773 sum
468 725 562 783 vobis,
582 719 695 771 tristitia
714 717 839 779 implevit
857 734 905 771 eor
921 735 969 773 ve·
1011 718 1076 780 ληκα
1095 711 1168 781 ipit,
1193 711 1208 777 ὴ
1234 712 1298 776 λύπη
1328 711 1488 782 πεπλήρωκεν
1510 715 1581 785 ὑμῶν
1609 709 1654 774 τὴν

329 812 426 862 strum.
443 813 469 862 7.
486 812 541 862 Sed
559 820 612 870 ego
627 808 773 856 veritatem
789 807 851 861 dico
866 812 967 862 vobis:
1011 801 1123 872 mpetu.
1150 806 1173 853 7.
1205 801 1262 852 ἀλλ’
1291 798 1342 868 ἐγὼ
1369 798 1414 864 τὴν
1444 804 1564 870 ἀλήθειαν
1583 801 1656 870 λέγω

328 901 440 965 expedit
453 900 535 951 vobis
549 898 643 957 utego
656 894 769 957 vadam;
790 900 900 950 sienim
915 913 969 950 non
1011 893 1084 960 θμῖν,
1105 892 1218 960 repetat
1236 890 1295 960 ὑμῖν
1323 887 1362 939 ἵνα
1392 888 1442 957 ἐγὼ
1474 893 1584 946 ἀπέλθω.
1609 889 1655 943 ἐὰν

178 973 180 975 ’
276 1038 278 1043 ,
328 989 434 1049 abiero,
451 985 613 1037 Paracletus
632 996 687 1032 non
703 988 796 1037 veniet
816 988 930 1048 advos;
947 991 970 1037 si
1010 979 1057 1051 γὰρ
1077 977 1110 1047 μὴ
1138 978 1251 1046 αἰαέλθω,
1276 976 1466 1046 impiatae
1485 979 1512 1032 οὗ
1539 980 1572 1052 μὴ
1594 979 1655 1050 ἕλθρΙ

326 1082 421 1128 eutem
435 1073 544 1131 abiero,
561 1073 665 1121 mittam
680 1087 744 1124 eum
758 1076 792 1126 ad
808 1089 868 1126 vos.
1011 1067 1069 1136 πρὸς
1096 1067 1167 1136 ὑμᾶς·
1200 1068 1241 1120 ἐὰν
1269 1066 1295 1119 a
1326 1067 1436 1135 πορευθῶ
1464 1071 1552 1139 πέμψω
1581 1070 1656 1122 atrii

362 1164 388 1214 8.
408 1161 443 1211 Et
456 1173 543 1223 quum
565 1164 673 1212 venerit
691 1164 752 1225 ille,
768 1170 869 1227 arguet
888 1177 970 1213 mun-
1012 1156 1070 1224 πρὸς
1088 1155 1158 1225 epig·

225 1239 227 1243 Α
326 1253 392 1304 dum
405 1249 440 1298 de
461 1253 589 1311 peccato,
606 1256 634 1301 et
651 1252 684 1303 de
700 1255 818 1312 iustitia,
835 1252 911 1302 etde
927 1253 970 1298 iu-
1049 1248 1072 1297 8.
1094 1246 1136 1296 καὶ
1156 1246 1235 1299 ἐλθὼν
1261 1246 1352 1306 ἐκεῖνος
1377 1243 1471 1312 ἐλέγξει
1494 1244 1538 1295 τὀν
1562 1248 1656 1315 κόσμον

326 1340 409 1391 dicio.
435 1337 462 1387 9.
486 1337 528 1388 De
549 1346 665 1403 peccato
679 1341 806 1404 quidem,
829 1341 895 1403 quia
915 1351 970 1387 non
1013 1335 1065 1402 περὶ
1085 1334 1203 1405 ἁμαρτίας
1221 1335 1263 1388 καλ
1286 1335 1340 1404 περὶ
1363 1332 1519 1398 δικαιοσύνης
1539 1332 1580 1383 καὶ
1603 1333 1658 1402 περὶ

175 1429 185 1469 Γ
227 1469 229 1474 .
326 1424 505 1479 erediderunt
524 1428 553 1477 in
572 1442 632 1489 me,·
650 1430 690 1480 10.
708 1430 748 1479 De
767 1427 875 1477 iustitia
888 1438 969 1485 vero,
1012 1423 1119 1493 κρίσεως.
1141 1429 1166 1478 9.
1188 1425 1242 1495 περὶ
1264 1423 1383 1495 ἇριαρτίας
1403 1421 1461 1492 μὲν,
1487 1423 1526 1474 ὅτι
1550 1420 1579 1472 oti
1597 1441 1657 1473 πισ-

266 1528 270 1536 ·
327 1515 394 1579 quia
406 1514 441 1565 ad
457 1515 568 1567 Patrem
583 1518 665 1579 vado,
682 1522 710 1568 et
728 1519 782 1565 iam
798 1528 854 1565 non
868 1514 971 1565 videbi·
1013 1513 1122 1565 tricesis
1143 1513 1175 1574 εἰς
1204 1514 1256 1584 ἐμέ·
1287 1517 1327 1567 10.
1356 1512 1410 1583 περὶ
1437 1509 1592 1575 δικαιοσύνης
1614 1509 1654 1576 δὲ,

175 1615 180 1622 ’
231 1613 233 1616 ·
326 1604 973 1668 tisme‚·it.Deiudicioautem,quiaprinceps
1013 1604 1051 1655 ὅτι
1075 1603 1134 1671 πρὸς
1162 1603 1204 1653 τοι
1231 1604 1323 1672 πατέρα
1345 1601 1448 1672 ὑπάγω,
1476 1600 1519 1652 καὶ
1548 1599 1593 1652 οὖν.
1621 1599 1657 1652 ἔτι

326 1693 410 1743 huius
425 1693 522 1744 mundi
532 1697 588 1745 iam
600 1694 740 1745 iudicatus
752 1692 859 1745 estii.
873 1693 973 1743 Adhuc
1014 1692 1127 1759 θεωρεῖτέ
1153 1709 1193 1758 με·
1228 1695 1270 1745 ii.
1299 1691 1354 1760 περὶ
1378 1690 1404 1742 δὲ
1432 1690 1548 1760 κρέσεως,
1576 1691 1615 1742 ὅτι
1643 1687 1657 1740 ὁ

327 1780 416 1831 multa
439 1782 531 1833 habeo
552 1783 631 1832 vobis
655 1784 763 1844 dicere;
780 1783 829 1833 sed
848 1794 906 1831 non
926 1795 972 1844 po·
1014 1779 1098 1848 ἄρχων
1118 1783 1161 1830 τοῦ
1181 1779 1275 1847 κόσμον
1294 1780 1381 1831 τούτου
1395 1780 1514 1849 κέκριται.
1540 1782 1580 1831 it.
1601 1777 1657 1829 Ἔτι

231 1870 234 1879 “
327 1870 409 1920 testis
423 1875 536 1933 portare
549 1871 641 1921 modo.
662 1871 806 1930 id.Quum
820 1873 912 1921 autem
924 1882 972 1920 ve·
1014 1866 1094 1919 πολλὰ
1120 1867 1172 1936 ἔχω
1199 1866 1258 1936 ὑμῖν
1287 1867 1384 1936 λέγειν,
1413 1866 1472 1918 ἀλλ’
1500 1866 1528 1919 oti
1553 1866 1657 1918 δύνασθε

327 1959 401 2010 nem
425 1958 473 2008 iila
499 1959 622 2022 Spiritus
643 1961 783 2020 veritatis,
799 1960 909 2010 docebit
923 1972 974 2008 vos
1015 1957 1145 2025 βαστάζειν
1165 1957 1229 2024 ἄρτι·
1254 1960 1294 2008 ii.
1327 1957 1387 2008 ὅταν
1415 1955 1442 2008 δέ
1468 1956 1530 2026 ἔλθῃ
1550 1955 1656 2016 ἐκεῖνος,

247 2086 249 2090 2
328 2059 443 2098 omnem
459 2048 605 2097 veritatem
615 2062 621 2106 ;
644 2060 700 2096 non
721 2050 796 2097 enim
816 2049 974 2111 loquetura
1015 2045 1042 2096 ri
1063 2044 1165 2113 Πνεῦμα
1184 2048 1227 2109 τῆς
1247 2043 1377 2110 ἀληθείας,
1398 2043 1517 2116 ὁδηγήσει
1539 2043 1603 2113 ὑμᾶς
1626 2042 1658 2104 εἰς

175 2139 188 2212 ¹.
214 2137 231 2182 “.
328 2137 495 2202 semetipso,
522 2136 571 2187 sed
593 2149 784 2200 quaecumque
808 2136 905 2187 audiet
930 2137 973 2187 lo·
1015 2132 1059 2198 τὴν
1086 2132 1204 2199 ἀλήθειαν
1231 2135 1322 2185 πᾶσαν·
1352 2131 1380 2184 ot
1407 2131 1456 2202 γὰρ
1483 2131 1589 2197 λαλήσει
1617 2130 1657 2201 ἄρ’

330 2232 442 2292 quetur,
459 2230 488 2277 et
505 2238 579 2289 quae
594 2228 712 2275 ventura
724 2227 789 2274 sunt
800 2226 975 2276 annuntiabit
1015 2222 1117 2291 ἑαυτοῦ,
1139 2220 1196 2273 ἀλλ’
1222 2224 1268 2274 ὅσα
1295 2221 1393 2273 diotre
1411 2221 1533 2287 λαλήσει,
1562 2221 1604 2272 καὶ
1628 2221 1658 2271 τὰ

330 2312 973 2377 vobis.ii.iliemeclarificabit;quiademc0
1016 2311 1139 2382 ἐρχόμενα
1165 2311 1306 2382 ἄναγγελεῖ
1327 2310 1397 2381 ipit.
1431 2315 1472 2364 rt.
1501 2308 1595 2371 ἐκεῖνος
1616 2309 1657 2380 ἐμὲ

330 2404 462 2467 accipiet,
479 2405 506 2453 et
519 2402 697 2452 annuntiabit
708 2402 796 2452 vobis.
817 2404 859 2452 15.
873 2404 975 2454 Omnia
1015 2401 1126 2468 δοξάσει,
1143 2403 1181 2453 ὅτι
1193 2401 1219 2452 ἐκ
1235 2405 1279 2453 τοῦ
1291 2400 1351 2470 ἐμοῦ
1363 2399 1502 2471 λήμψεται,
1519 2399 1561 2451 καλ
1576 2402 1656 2470 ἀναγ-

332 2503 526 2555 quaeeumque
560 2490 645 2541 hahet
681 2491 772 2550 Pater,
802 2504 865 2542 mea
898 2497 972 2542 sunt.
1015 2489 1174 2559 γελεῖὓμῖν.
1210 2495 1251 2543 15.
1272 2491 1352 2542 πάντα
1375 2491 1422 2542 ὅσα
1446 2487 1537 2559 ἔχειὸ
1565 2486 1655 2557 πατὴρ,

333 2579 488 2644 Propterea
501 2579 559 2629 dixi
573 2592 580 2627 :
595 2579 668 2638 Quia
682 2579 790 2630 demeo
800 2583 930 2645 accipiet,
947 2586 975 2632 et
1017 2579 1063 2648 ἐμαὶ
1079 2579 1138 2632 ἐστι·
1155 2579 1195 2629 διὰ
1219 2582 1292 2631 τοῦτο
1313 2576 1399 2643 εἷπον,
1419 2579 1458 2630 ὅτι
1480 2577 1507 2629 ἐν.
1529 2581 1573 2630 τοῦ
1597 2576 1658 2648 ἐμοῦ

191 2715 193 2722 ,
230 2692 232 2700 ⁴
331 2668 510 2719 annuntiabit
526 2668 615 2718 vobis.
1016 2667 1152 2736 λαμΕάνει,
1168 2667 1210 2718 καλ
1222 2665 1362 2737 ἀναγγελεῖ
1372 2666 1441 2736 ipit.

367 2874 400 2924 in
413 2886 442 2923 ν.
460 2873 475 2923 t
490 2887 503 2922 r
520 2874 705 2925 removebunt
726 2888 777 2924 vos
796 2875 830 2925 de
846 2889 923 2937 syn.;
942 2876 958 2924 d
973 2876 1008 2925 de
1023 2889 1168 2939 synagoga
1182 2889 1233 2926 vos
1248 2877 1372 2932 eiicient;
1391 2888 1406 2924 e
1422 2874 1591 2937 expulerunt
1608 2886 1658 2923 ros

330 2974 440 3027 asyn.;
458 2963 518 3028 aiq
537 2975 568 3013 se
586 2962 763 3022 sacrificium,
785 2976 800 3013 e
815 2964 965 3022 culturam;
985 2964 1054 3027 adq
1078 2964 1192 3023 offerre,
1210 2964 1219 3012 i
1240 2964 1385 3014 obtulisse.
1402 2963 1434 3012 ln
1449 2976 1476 3011 v.
1495 2963 1509 3012 3
1526 2961 1580 3012 add
1600 2977 1658 3027 υμιν

329 3056 351 3108 rt
362 3051 386 3103 D
397 3052 434 3113 L,
450 3053 508 3115 eiqi
530 3052 646 3101 minusc.
671 3051 736 3101 acd
747 3048 800 3100 in²
821 3055 884 3115 Aug
903 3065 954 3116 cop
970 3066 1028 3102 arm
1048 3053 1128 3112 aerim
1150 3052 1205 3102 dub
1229 3055 1277 3116 ing
1297 3053 1343 3102 wil
1365 3065 1445 3114 corp;
1463 3052 1506 3101 sin
1523 3064 1568 3101 om
1583 3052 1658 3100 hunc

328 3154 452 3193 versum.
470 3141 502 3190 in
514 3153 541 3190 v.
559 3140 573 3190 1
588 3156 641 3206 upa
655 3157 735 3189 αοτων
749 3143 772 3190 Α
783 3142 803 3190 Β
814 3137 845 3188 u·
864 3142 920 3204 aliq
937 3145 1053 3191 minusc.
1071 3141 1103 3190 in
1119 3156 1143 3189 v.
1162 3141 1177 3191 6
1193 3143 1237 3191 sin
1253 3142 1366 3190 tristitia
1379 3142 1457 3191 venit
1471 3144 1499 3191 et
1521 3141 1656 3203 implevit.

330 3230 363 3280 in
377 3243 404 3279 v.
422 3229 532 3292 iomq
547 3229 712 3288 advocatum
733 3231 776 3278 sin
792 3232 900 3279 mittam
915 3231 949 3279 ad
966 3244 1016 3280 vos
1035 3231 1215 3293 paractetum.
1237 3230 1268 3279 in
1291 3244 1317 3278 v.
1344 3229 1372 3278 13
1393 3242 1475 3279 avos
1494 3228 1615 3279 deducet
1630 3231 1657 3276 in

330 3331 442 3370 omnem
457 3319 617 3378 veritatem
633 3317 644 3366 1
653 3331 695 3381 qr
709 3318 810 3381 diriget
824 3331 876 3368 vos
891 3320 919 3367 in
940 3332 996 3368 om.
1014 3332 1089 3377 ver.;
1106 3319 1154 3367 on
1159 3317 1168 3347 ²
1184 3319 1304 3392 deducet
1322 3331 1373 3368 vos
1388 3321 1415 3366 in
1430 3319 1550 3367 veritate
1565 3319 1656 3375 omni;

330 3408 375 3458 sin
388 3419 471 3458 omno
485 3407 560 3470 quod
574 3408 679 3456 reniet.

377 3599 485 3665 Etiam
503 3596 695 3664 distinctius
707 3598 805 3663 docet
821 3603 911 3664 iesus
923 3598 965 3664 de
981 3599 1277 3688 persecutionibus
1292 3621 1375 3686 quas
1387 3603 1462 3686 post
1475 3619 1576 3663 suum
1591 3597 1657 3662 dis-

333 3726 462 3772 cessum
479 3703 639 3791 discipuli
651 3726 672 3769 a
691 3704 941 3772 contribulibus
955 3707 1022 3771 sint
1039 3705 1213 3795 experturi
1227 3705 1272 3792 (v.
1297 3705 1376 3792 1-5).
1397 3704 1518 3770 Tristes
1539 3725 1657 3769 conso·

333 3812 427 3878 latur
454 3809 681 3899 promissione
714 3811 875 3899 Spiritus,
910 3812 1003 3878 cuius
1029 3834 1150 3879 munus
1179 3812 1300 3900 triplex
1326 3811 1440 3899 quoad
1470 3810 1655 3889 mundum,

332 3915 535 4005 discipulos,
554 3917 703 4006 seipsum
720 3916 786 3982 iilis
801 3917 953 3984 declarat
970 3923 1013 4006 (v.
1032 3922 1139 3997 6-15').

376 4028 519 4090 Locutus
543 4028 618 4088 erat
641 4023 792 4089 Christus
816 4025 850 4089 in
877 4025 1155 4092 antecedentibus
1180 4032 1341 4104 iuis-27
1367 4024 1409 4091 de
1431 4024 1511 4090 odio
1537 4023 1657 4091 mundi

332 4128 697 4219 persecutionibusque
720 4129 755 4195 in
772 4129 956 4218 discipulos
975 4141 1007 4197 ot
1022 4133 1063 4198 de
1077 4132 1270 4199 testimonio
1284 4132 1429 4220 Spiritus
1443 4130 1561 4197 sancti.
1586 4136 1654 4197 iam

331 4237 401 4304 duo
420 4237 506 4303 haec
521 4237 645 4302 iterum
661 4235 789 4321 tangit,
807 4236 864 4301 sed
881 4239 925 4304 ita
941 4247 978 4304 ut
993 4239 1035 4304 ad
1052 4248 1235 4328 uirumque
1252 4239 1331 4304 novi
1347 4237 1432 4327 quid
1452 4236 1558 4304 addat
1573 4245 1606 4303 et
1622 4236 1657 4302 id

333 4342 426 4434 quod
450 4341 582 4408 dixerat
604 4341 714 4429 magis
734 4341 949 4411 determinet.
969 4351 1050 4412 Nam
1077 4370 1107 4409 v.
1136 4355 1188 4413 l-5
1209 4347 1305 4434 prius
1322 4344 1552 4434 prosequitur,
1579 4344 1656 4410 dein

334 4449 481 4518 alterum
497 4449 656 4537 usquead
670 4470 701 4514 v.
722 4456 774 4516 15.
792 4453 898 4526 Quare
914 4452 1085 4518 distinctio
1101 4452 1251 4541 capitum
1266 4453 1386 4518 usitata
1400 4451 1578 4517 retinenda
1593 4460 1654 4529 est,

336 4557 494 4646 quamvis
508 4578 609 4644 saepe
624 4577 656 4620 v.
682 4563 738 4622 t·t
762 4556 805 4621 ad
821 4559 1025 4624 antecedens
1040 4560 1246 4646 adiungant;
1266 4560 1324 4625 sed
1348 4566 1419 4625 tum
1442 4559 1545 4623 etiam
1567 4579 1656 4645 (quac

335 4663 394 4729 hic
409 4664 450 4730 de
469 4663 599 4752 Spiritu
615 4668 731 4728 sancto
751 4662 923 4746 dicuntur,
943 4667 1068 4754 pariter
1087 4666 1129 4731 ad
1152 4668 1357 4755 praecedens
1372 4670 1474 4753 caput
1494 4663 1538 4729 ob
1557 4669 1656 4743 1536

336 4769 520 4837 reserenda
534 4776 657 4848 esseut,
675 4770 765 4858 quod
783 4777 895 4837 tamen
909 4794 1009 4837 nemo
1027 4772 1116 4839 iacit.

382 4875 506 4945 Reddit
520 4878 669 4944 Christus
694 4877 856 4944 rationem
877 4901 936 4944 cur
955 4902 993 4945 eu
1010 4879 1050 4946 de
1071 4888 1223 4970 tempore
1244 4881 1356 4947 iuturo
1376 4878 1444 4944 suis
1464 4877 1658 4968 exposuerit
