4116 5648
352 565 411 624 484
885 582 965 626 roxa.
992 561 1146 636 mal-33.

352 720 445 801 estis;
461 727 495 786 at
510 720 661 784 futurum
677 718 725 777 est
738 734 828 797 mox,
846 716 925 781 utin
948 716 1012 781 liac
1031 711 1097 778 fide
1109 734 1180 778 non
1195 714 1266 781 sitis
1281 713 1431 784 stabiles.
1450 719 1516 787 xlii
1532 726 1677 809 utroque

351 827 452 893 modo
466 823 636 910 explicant
652 818 693 907 (T
693 818 812 908 lione).
832 821 944 887 Fidem
966 841 1083 888 eorum
1102 829 1315 908 praesentem
1337 821 1487 892 Christus
1505 827 1675 915 agnoscit,

350 941 385 1000 at
408 926 597 1020 periculum
620 927 720 992 simul
746 930 793 993 eis
818 926 946 993 indicat
971 950 1001 993 v.
1025 932 1067 990 32
1087 947 1160 993 ecce
1185 930 1275 994 uerat
1300 927 1383 994 toro
1404 940 1524 1017 ἔρχεται
1549 946 1582 1000 et
1606 933 1677 1000 iam

349 1038 441 1104 venit
467 1040 514 1099 aet
535 1041 697 1118 ἐλήλυθεν,
724 1037 792 1100 iam
817 1033 918 1098 instat
942 1032 1108 1122 proxime,
1129 1035 1197 1100 iam
1218 1035 1329 1117 adest,
1360 1049 1396 1101 ut
1425 1035 1679 1129 dispergamini

349 1139 583 1229 unusquisque
601 1141 637 1206 in
647 1140 808 1231 propria,
827 1146 862 1203 ut
881 1162 980 1205 suum
996 1139 1140 1227 quisque
1155 1140 1338 1207 latibulum
1359 1151 1517 1231 quaerat,
1538 1155 1576 1213 ut
1588 1149 1678 1215 inter

349 1271 407 1314 vos
429 1249 575 1336 separati
598 1248 656 1314 alii
677 1249 711 1312 in
737 1245 839 1310 aliam
870 1245 1005 1331 fugiant
1026 1251 1173 1333 partem,
1208 1269 1286 1312 cum
1311 1250 1464 1336 emphasi
1490 1250 1576 1318 illud
1602 1276 1678 1323 eece

348 1355 534 1445 opponitur
552 1355 602 1420 illi
625 1351 724 1418 modo
741 1349 901 1436 nedae,
920 1375 998 1418 ecce
1020 1353 1087 1417 iam
1108 1352 1219 1433 adest,
1239 1352 1299 1419 ubi
1319 1353 1421 1421 fidem
1438 1378 1509 1423 esse
1526 1357 1678 1427 debilem

231 1489 235 1497 ·
348 1461 547 1538 ostendetis3
566 1473 597 1526 et
621 1481 672 1524 me
696 1457 806 1523 solum
826 1457 1047 1547 relinquatis,
1064 1457 1264 1526 destitutum
1288 1467 1398 1527 vestro
1415 1465 1602 1546 consortio,
1622 1490 1677 1533 vc-

347 1575 417 1635 stra
429 1590 511 1659 ope,
530 1587 646 1633 verum
672 1586 713 1630 ne
738 1563 911 1630 videretur
926 1565 960 1630 id
973 1565 1095 1630 dixisse
1107 1567 1206 1654 quasi
1221 1588 1340 1632 eorum
1355 1591 1419 1656 ope
1433 1576 1465 1635 et
1484 1571 1607 1639 solatio
1621 1573 1677 1639 in-

347 1676 499 1763 digeret,
517 1671 613 1738 addit
631 1694 638 1738 :
658 1683 689 1737 et
704 1693 774 1736 aon
793 1693 866 1736 sum
880 1671 972 1737 solus
986 1670 1070 1760 quio
1083 1673 1186 1738 Pater
1201 1694 1332 1738 mecum
1348 1686 1407 1759 ost,
1427 1679 1475 1742 uti
1490 1679 1593 1745 etiam
1606 1681 1678 1763 iam

346 1781 537 1847 affirmarat
551 1784 641 1858 8‚16.
661 1782 720 1857 293
742 1782 842 1843 Pater
863 1800 948 1842 unus
969 1777 1053 1843 milii
1075 1777 1181 1865 pluris
1202 1784 1251 1844 est
1271 1801 1372 1868 quam
1390 1782 1544 1849 omnium
1569 1784 1677 1853 bomi-

346 1908 429 1953 num
451 1886 607 1963 societas,
628 1884 852 1972 praesidium,
870 1883 1028 1949 solatium
1047 1884 1186 1971 (least,
1209 1885 1309 1973 proin
1329 1888 1446 1955 omnia
1463 1890 1622 1957 evenient
1636 1916 1676 1960 ex

347 1993 453 2060 Patris
477 1992 667 2070 voluntate,
695 2013 764 2056 non
788 2012 827 2057 ex
854 1991 1004 2057 humana
1025 2012 1101 2056 mea
1120 1990 1330 2058 infirmitate.
1351 2021 1366 2053 a
1387 1995 1503 2062 Simile
1517 1998 1603 2086 quid
1622 2022 1676 2066 re-

344 2100 484 2189 spondit
507 2104 629 2166 Petro:
652 2120 696 2163 an
715 2102 813 2187 putas
833 2099 916 2186 quia
936 2120 1002 2163 non
1015 2119 1150 2187 possum
1167 2119 1289 2183 rogare
1305 2103 1438 2167 Patrem
1456 2110 1490 2167 et
1502 2103 1677 2172 exhibebit

346 2207 430 2272 mibi
458 2206 559 2271 modo
585 2203 663 2293 plus
687 2225 791 2294 quam
806 2203 984 2270 duodecim
1008 2203 1160 2289 legiones
1175 2206 1400 2291 angelorum?
1414 2207 1478 2275 boc
1493 2215 1602 2276 totum
1616 2217 1676 2279 llo-

346 2313 456 2379 minus
478 2311 628 2391 dicebat,
659 2316 695 2377 ut
719 2316 861 2375 mortem
885 2311 972 2377 hanc
998 2309 1225 2378 voluntariam
1245 2318 1278 2377 et
1296 2334 1335 2377 cx
1351 2312 1468 2379 divino
1481 2316 1625 2384 consilio
1640 2319 1676 2385 in

345 2419 524 2485 hominum
552 2418 694 2484 salutem
717 2425 905 2505 susceptam
933 2417 1092 2506 discipuli
1119 2417 1351 2505 intelligerent
1381 2449 1396 2479 u
1429 2421 1544 2510 (rot).
1567 2430 1676 2492 —De

344 2526 555 2616 dispersione
570 2523 717 2590 adducto
736 2523 897 2589 vaticinio
916 2523 1049 2590 locutus
1070 2530 1119 2590 est
1139 2524 1294 2591 Christus
1312 2548 1390 2592 cum
1405 2529 1510 2595 exiret
1527 2531 1564 2596 in
1581 2553 1677 2598 mon·

360 2655 414 2699 em
441 2633 609 2698 olivarum
640 2629 762 2714 (Matth.
794 2636 908 2712 26,30.
936 2636 1031 2696 llarc.
1066 2631 1192 2719 lt,26).
1219 2631 1299 2697 lnde
1329 2633 1436 2723 aliqui
1464 2637 1677 2704 concludunt

345 2740 428 2806 haec
444 2740 548 2805 verba
571 2739 606 2803 in
628 2760 659 2803 v.
678 2743 719 2803 32
739 2759 811 2802 csse
825 2737 945 2803 eadem
965 2745 997 2803 et
1015 2738 1059 2804 ad
1075 2738 1165 2804 idem
1183 2738 1395 2828 colloquium
1419 2742 1540 2808 referri
1555 2750 1588 2809 et
1605 2766 1675 2810 ser-

345 2868 480 2912 monem
499 2846 588 2910 hunc
603 2845 693 2909 inter
711 2843 860 2909 eundum
877 2865 946 2910 esse
968 2844 1134 2910 habitum.
1151 2848 1241 2921 Quae
1258 2852 1370 2912 tamen
1390 2849 1564 2915 conclusio
1583 2851 1674 2917 baud

344 2954 441 3019 firma
462 2959 521 3017 est.
546 2950 658 3017 Modus
678 2950 839 3039 loquendi
857 2957 960 3039 atque
977 2973 1081 3016 nexus
1096 2952 1153 3018 hic
1168 2951 1261 3040 apud
1276 2957 1435 3019 loannem
1457 2955 1559 3044 plane
1573 2981 1674 3047 pecu-

344 3061 437 3127 liaris
456 3063 520 3137 est,
546 3058 645 3144 longe
665 3056 819 3122 diversus
840 3056 884 3122 ab
906 3079 946 3123 eo
968 3061 1025 3146 qui
1049 3058 1141 3147 apud
1160 3058 1356 3147 synopticos
1372 3063 1535 3128 cernitur.
1559 3068 1674 3153 Neque

342 3167 457 3234 afferri
480 3171 590 3255 potest
616 3165 701 3230 ratio
724 3162 850 3244 solida,
875 3186 936 3229 cur
962 3169 1050 3229 lesus
1074 3187 1142 3230 non
1171 3167 1321 3254 potuerit
1346 3166 1605 3256 dispersionem
1621 3171 1674 3238 bis

341 3274 514 3352 indicare,
533 3273 627 3360 prius
648 3272 837 3356 generatim
862 3277 895 3335 et
915 3269 1110 3337 obscuriore
1130 3272 1251 3354 modo,
1269 3272 1348 3339 dein
1367 3274 1536 3342 distincte.
1555 3281 1672 3345 Nonne

341 3383 444 3447 etiam
459 3381 595 3467 saepius
610 3378 651 3443 de
666 3399 728 3442 sua
747 3378 903 3466 passione
923 3376 1054 3442 locutus
1073 3380 1145 3444 est?
1163 3382 1280 3445 Nonne
1300 3379 1334 3444 in
1349 3380 1413 3445 hoc
1428 3381 1501 3470 ipso
1516 3404 1672 3452 sermone

341 3487 456 3577 aliqua
478 3485 530 3550 bis
556 3483 740 3549 inculcavit
759 3483 812 3568 (cf.
832 3487 944 3562 ft,17.
967 3489 1338 3565 26316,13-1t,18;
1361 3493 1471 3563 16,16.
1495 3494 1537 3553 22
1555 3529 1598 3540 —
1616 3499 1669 3575 lt,

344 3601 403 3672 133
424 3599 539 3669 ιω,
558 3596 668 3668 iuna.
687 3590 756 3676 aa).

387 3704 453 3765 lam
470 3697 616 3764 sermoni
631 3697 733 3762 finem
750 3696 950 3784 imponens,
972 3696 1017 3762 ad
1036 3697 1119 3786 quid
1137 3702 1207 3763 tota
1219 3698 1338 3764 tendat
1351 3701 1459 3766 oratio
1474 3700 1627 3771 declarat
1639 3712 1672 3773 et
1751 3748 1755 3756 ·

342 3806 437 3871 brevi
459 3803 662 3892 compendio
685 3809 811 3869 sortem
836 3825 954 3868 eorum
980 3803 1130 3869 futuram
1154 3803 1305 3871 delineat
1324 3829 1354 3871 v.
1370 3812 1411 3873 33
1428 3808 1511 3874 boec
1538 3809 1671 3878 locutus

341 3936 416 3980 ‚sirm
440 3911 550 3991 votis,
578 3923 614 3974 ut
638 3910 674 3974 in
693 3932 745 3974 mo
761 3931 885 3998 pacem
906 3908 1079 3994 babeatis,·
1102 3912 1220 3977 omnia
1238 3934 1326 4000 quae
1349 3913 1501 3980 Christus
1516 3915 1671 4003 longiore

342 4022 407 4087 hoc
436 4039 590 4085 sermone
616 4022 689 4105 post
713 4038 853 4081 coenam
881 4015 998 4081 habito
1024 4016 1122 4095 dixit,
1146 4018 1190 4083 ad
1214 4017 1249 4082 id
1270 4040 1375 4084 unum
1396 4030 1610 4108 convergunt
1631 4047 1670 4092 ac

340 4128 529 4201 collimant,
550 4122 755 4211 utdiscipuli
774 4124 808 4187 in
823 4122 972 4201 Christo,
990 4122 1027 4188 in
1042 4122 1164 4189 intima
1182 4146 1260 4190 cum
1276 4147 1315 4189 eo
1336 4125 1464 4192 unione
1486 4150 1548 4216 per
1565 4129 1669 4197 fidem

339 4242 372 4300 et
385 4233 604 4298 dilectionem
629 4234 820 4308 manentes,
845 4228 993 4293 babeant
1010 4250 1146 4316 paoem,
1163 4230 1378 4313 felicitatem,
1398 4233 1614 4319 firmitatem,
1633 4245 1670 4305 ut

341 4340 413 4407 scil.
442 4340 476 4405 in
496 4337 626 4405 Christo
652 4334 792 4400 radicati
821 4343 855 4400 et
883 4334 1106 4402 sarmaticum
1128 4337 1279 4403 habeant
1298 4349 1331 4404 et
1348 4349 1549 4408 conservent
1562 4343 1668 4410 animi

339 4455 464 4514 statum
493 4468 560 4533 quo
589 4443 690 4508 etiam
720 4442 753 4506 in
784 4441 940 4506 maximis
962 4441 1126 4530 periculis
1148 4443 1237 4509 nihil
1262 4453 1551 4530 commoveantur,
1579 4450 1668 4517 nihil

342 4553 595 4643 perturbentur,
621 4548 677 4614 sed
705 4547 902 4635 tranquilli,
920 4551 1115 4637 compositi,
1138 4552 1252 4639 pacati
1276 4558 1435 4618 maneant
1452 4553 1508 4642 (cf.
1527 4556 1665 4644 Malo).

341 4665 426 4727 llaec
449 4667 498 4726 cst
520 4659 569 4723 vis
593 4663 626 4722 et
647 4654 797 4720 efficacia
820 4654 922 4720 huius
946 4658 1126 4738 sermonis,
1145 4680 1250 4747 quam
1277 4659 1345 4724 vim
1375 4661 1437 4725 etsi
1461 4682 1532 4727 non
1554 4666 1666 4731 statim

342 4768 438 4856 plene
451 4766 579 4856 experti
601 4768 693 4842 sunt,
716 4768 829 4826 tamen
848 4767 961 4849 postea
982 4765 1016 4828 in
1035 4786 1174 4830 munere
1191 4766 1378 4853 apostolico
1398 4765 1433 4831 in
1448 4789 1483 4834 se
1498 4772 1666 4860 exprime-

342 4875 424 4938 bant
447 4874 499 4958 (cf.
526 4880 545 4938 2
565 4878 640 4938 Cor.
659 4875 767 4946 1‚3-7;
790 4873 847 4949 7,t
869 4870 1109 4957 superabundo
1125 4870 1252 4957 gaudio
1272 4872 1411 4939 inomni
1424 4875 1663 4946 tribulatione:

340 4985 456 5059 tlt-10
479 4981 572 5067 etc).
600 4977 648 5045 ad
677 4997 763 5064 quae
790 4981 902 5041 autem
940 4976 1020 5043 lroec
1052 4976 1311 5066 protendantur,
1338 4980 1430 5049 varie
1454 4984 1663 5073 concipiunt.
