4050 5648
202 609 238 727 ἓ»

202 1722 208 1739 ⁴
202 1457 228 1665 svm-‘w’
202 1214 235 1467 ῖιὲὕττᾱᾞ·
202 974 241 1247 :-:ssszv<{1=r—--
223 1010 231 1049 ..
217 966 236 989 Γ

202 159 245 211 ἱνῐῆι
271 198 274 206 ι
294 184 312 199 ,ι

202 202 248 239 ¹21⁴·st
262 196 306 240 {3:2³

202 234 312 279 '‘ewa‘

239 281 245 293 ,’
262 281 286 293 *5

226 395 230 399 .
242 396 261 410 h
282 393 300 413 „J

202 410 303 480 aaa*

252 460 260 479 ί-

202 466 255 529 Q:

218 623 253 659 *ff

260 450 409 560 *saa
507 453 573 513 '‘'
660 477 1216 540 cunromssmunnaoaur1ocnncu
1239 485 1409 534 aucroanu.
1474 449 1477 455 ⁵

320 620 322 625 ’
356 624 500 717 '(tlatth.
530 629 655 716 27,57).
680 632 785 692 Porro
813 620 1030 687 vehementes
1054 620 1132 691 illas
1157 620 1408 707 increpationes
1433 645 1519 712 quas
1539 627 1630 691 lesus
1653 621 1691 687 in
1762 693 1764 696 Α

323 731 326 737 ’
370 732 543 823 principes
566 733 783 802 sacerdotum
807 732 840 793 et
861 728 1009 794 seniores
1029 729 1148 819 populi
1171 725 1325 812 congerit
1342 729 1455 796 Matth.
1481 736 1539 797 21.
1558 736 1600 796 23
1624 751 1694 818 seq.

237 876 241 883 ·
262 909 265 917 ,
288 830 290 834 ’
369 838 480 908 solum
499 841 693 926 intelligere
708 833 857 922 poteris,
879 833 907 900 si
927 838 1015 899 lesus
1036 855 1137 926 saepe
1150 854 1264 900 coram
1283 831 1364 922 ipsis
1383 831 1578 903 doctrinam
1597 857 1695 903 suam

370 948 594 1037 praedicavit.
614 939 790 1018 Quomodo
800 940 885 1008 alias
898 940 939 1006 iis
952 948 1064 1027 posset
1076 961 1250 1033 opponere
1263 962 1270 1008 :
1282 960 1383 1006 amen
1398 939 1475 1008 dico
1488 941 1601 1020 vobis,
1615 942 1697 1032 quia
1789 929 1792 934 ¹

368 1055 545 1144 publicani
561 1055 595 1116 ct
612 1046 814 1115 meretrices
830 1045 1036 1138 praecedent
1050 1071 1109 1115 vos
1126 1050 1160 1113 in
1178 1066 1321 1132 regnum
1341 1045 1418 1112 nei?
1434 1048 1606 1136 quomodo
1619 1047 1695 1115 lieri

368 1168 495 1252 posset,
512 1164 549 1224 ut
566 1162 677 1221 lesum
703 1155 816 1245 prima
836 1153 909 1218 vice
927 1151 962 1216 in
980 1152 1099 1220 urbem
1114 1156 1306 1240 ingressum
1323 1154 1391 1219 iam
1407 1151 1466 1217 illo
1486 1155 1566 1222 odio
1580 1177 1697 1246 perse·

307 1347 310 1352 ,
369 1268 557 1358 querentur
571 1267 604 1326 et
623 1262 739 1328 statim
760 1281 838 1327 cum
856 1257 1046 1326 interficere
1058 1260 1265 1328 statuerent?
1285 1264 1374 1338 Quae
1388 1257 1481 1349 apud
1497 1261 1710 1350 synopticos
1813 1304 1816 1311 .

370 1374 413 1440 de
434 1373 545 1435 morte
571 1368 696 1436 Christi
720 1369 914 1445 narrantur,
941 1388 1044 1455 quam
1068 1373 1214 1433 mortem
1236 1366 1408 1458 principes
1425 1363 1642 1432 sacerdotum
1663 1371 1697 1434 et

283 1479 286 1484 ’
370 1475 519 1543 seniores
534 1475 652 1565 populi
670 1479 765 1542 tanta
776 1470 907 1538 malitia
922 1473 1121 1554 moliuntur,
1139 1469 1289 1540 evadunt
1302 1473 1465 1562 aenigma
1475 1471 1697 1563 psychologi·

370 1604 464 1667 cum,
490 1584 556 1649 nisi
578 1580 815 1649 narrationem
842 1578 977 1646 loannis
999 1600 1179 1668 supponas.
1203 1579 1323 1668 Utique
1343 1602 1384 1647 ex
1403 1577 1697 1670 frequentioribus

232 1690 249 1715 ³
370 1688 436 1756 illis
455 1687 759 1779 disceptationibus
782 1688 817 1750 et
842 1683 1176 1774 oppugnationibus,
1199 1707 1287 1775 quae
1309 1691 1402 1752 loan.
1428 1691 1460 1753 5.
1487 1693 1521 1754 7.
1548 1692 1581 1754 8.
1604 1691 1697 1753 9.10

202 1822 206 1830 ·
231 1808 275 1887 ,3²-
371 1797 554 1879 habentur,
571 1793 768 1861 declaratur
784 1789 903 1858 odium
918 1791 1005 1858 illud
1022 1790 1122 1858 letale
1141 1791 1179 1859 in
1198 1799 1328 1875 lesum,
1348 1791 1440 1882 quod
1455 1791 1633 1883 principes
1646 1815 1698 1859 sa-

202 1876 254 1996 '33³
305 1890 307 1894 ξ
371 1901 550 1970 cerdotum
564 1908 599 1967 et
621 1899 778 1967 seniores
802 1898 920 1989 populi
938 1904 1080 1984 gerunt,
1097 1897 1120 1963 i.
1144 1920 1173 1964 e.
1197 1898 1248 1964 illi
1271 1898 1336 1987 ipsi
1349 1920 1435 1988 quos
1454 1903 1600 1965 loannes
1618 1920 1698 1966 cum

202 1992 277 2107 ᾖξ·
370 2007 524 2096 emphasi
548 2007 690 2074 ludaeos
716 2005 900 2071 nominare
921 2004 1016 2071 solet.
1040 2009 1217 2072 Praeterea
1240 2004 1365 2072 nullibi
1386 2005 1507 2073 dicunt
1526 2005 1698 2095 synoptici

254 2144 270 2154 =·
371 2120 480 2181 lesum
491 2114 602 2180 solum
616 2135 679 2202 per
694 2132 826 2178 annum
840 2110 1069 2200 praedicasse;
1085 2135 1102 2179 e
1118 2118 1238 2178 contra
1248 2115 1328 2179 Luc.
1345 2118 1399 2194 6,1
1416 2111 1548 2179 indicat
1561 2118 1698 2201 tempus

369 2220 461 2288 inter
479 2219 606 2310 pascha
620 2226 654 2284 et
673 2222 915 2308 pentecosten,
932 2224 1112 2308 postquam
1128 2219 1279 2285 Christus
1292 2219 1360 2285 iam
1374 2218 1504 2285 diutius
1515 2219 1698 2310 praedica·

371 2328 430 2394 vit.
447 2330 621 2415 -Neque
636 2346 756 2392 verum
770 2331 819 2391 est
832 2324 924 2413 apud
941 2324 1136 2414 synopticos
1147 2325 1257 2393 solum
1273 2329 1429 2415 tempore
1445 2327 1632 2416 posteriore
1648 2331 1696 2392 le·

372 2456 448 2500 sum
469 2432 537 2501 sibi
561 2431 749 2500 attribuere
777 2430 984 2518 dignitatem
1008 2431 1210 2499 messianum
1237 2432 1345 2520 (liare.
1368 2432 1481 2522 829),
1506 2454 1584 2499 eam
1605 2432 1699 2499 enim

372 2543 441 2608 iam
461 2541 552 2607 clare
571 2538 754 2629 profitetur
776 2543 853 2606 Luc.
880 2544 959 2620 t,18
984 2560 1056 2628 seq.
1080 2546 1114 2606 et
1136 2543 1236 2607 llarc.
1262 2545 1341 2623 839
1364 2561 1437 2607 non
1455 2538 1492 2606 id
1516 2539 1644 2626 agitur,
1663 2545 1700 2605 ut

372 2645 531 2737 discipuli
547 2647 590 2713 de
610 2646 676 2713 hac
690 2645 859 2733 dignitate
873 2645 1092 2729 edoceantur,
1109 2644 1169 2726 sed
1185 2650 1222 2713 ut
1237 2646 1300 2713 hac
1316 2646 1385 2714 fide
1403 2646 1558 2713 roborati
1570 2646 1699 2714 doctri-

372 2775 453 2820 nam
470 2751 667 2842 percipiant
678 2752 720 2819 de
734 2752 850 2819 Massia
860 2751 1033 2841 patiente;
1046 2752 1112 2819 hoc
1125 2775 1252 2819 novum
1266 2759 1316 2820 est
1324 2759 1358 2820 et
1366 2753 1410 2821 ab
1423 2775 1543 2820 eorum
1556 2754 1699 2820 notione

373 2861 540 2939 alienum,
565 2856 667 2924 adid
689 2856 903 2924 audiendum
926 2863 1175 2947 praeparantur
1197 2856 1278 2926 fidei
1303 2859 1437 2926 tlessiae
1460 2859 1532 2925 iam
1559 2857 1699 2925 habitae

371 2972 492 3057 aperta
506 2964 730 3055 professione.
749 2967 864 3052 Neque
876 2986 994 3031 verum
1010 2970 1059 3030 est
1075 2963 1263 3031 seeundum
1274 2965 1468 3054 synoptioos
1480 2965 1699 3052 evangelium

372 3073 449 3140 ideo
466 3072 579 3138 solum
598 3071 744 3138 transire
764 3069 811 3137 ad
830 3076 950 3157 gentes
964 3070 1045 3159 quia
1066 3069 1183 3138 ludaei
1204 3070 1242 3137 id
1256 3071 1482 3162 repudiarint.
1505 3071 1542 3138 ld
1559 3072 1699 3139 minime

373 3178 572 3248 enuntiatur
588 3177 703 3244 Matth.
725 3182 822 3259 8,11;
844 3181 877 3244 et
898 3183 997 3258 anm
1021 3199 1092 3266 seq.
1109 3176 1220 3244 solum
1240 3178 1329 3245 iusta
1346 3200 1457 3269 poena
1475 3178 1700 3246 denuntiatur

209 3264 238 3379 a}
269 3341 270 3345 ,
372 3283 685 3364 recalcitrantibus;
704 3280 788 3349 alias
805 3283 916 3350 solum
931 3284 1132 3372 exprimitur
1147 3283 1279 3351 ludaeis
1290 3283 1410 3373 primis
1423 3285 1500 3351 lieri
1513 3286 1699 3353 annuntia-

374 3393 501 3458 tionem
527 3389 655 3478 (llatth.
683 3395 795 3475 aa,3);
822 3389 1040 3475 evangelium
1059 3390 1218 3456 omnibus
1236 3389 1399 3459 destinari
1414 3398 1449 3459 et
1470 3392 1586 3459 offerri
1608 3393 1698 3460 clare

374 3496 521 3564 edicitur
540 3496 657 3562 llatth.
675 3500 794 3572 halt:
819 3494 1001 3561 exhibetur
1014 3496 1083 3561 iam
1104 3495 1142 3562 in
1155 3496 1381 3586 explicatione
1394 3499 1582 3589 parabolae
1595 3498 1699 3566 semi·

376 3605 428 3671 nis
445 3627 452 3670 :
475 3624 561 3689 ager
575 3608 630 3668 est
642 3599 793 3668 mundus
807 3612 822 3669 ὁ
837 3607 947 3686 κόσμος
963 3602 1076 3668 llatth.
1097 3608 1212 3684 13,38;
1228 3601 1401 3693 discipulis
1415 3604 1499 3672 dicit
1517 3626 1526 3672 t
1543 3628 1602 3673 vos
1621 3604 1701 3673 estis

377 3712 433 3778 lux
450 3708 572 3775 mundi
589 3709 717 3794 (naeth.
740 3709 850 3796 5,1t);
869 3706 1064 3776 declaratur
1075 3708 1189 3775 verbis
1200 3708 1290 3777 illis:
1309 3717 1427 3778 euntes
1446 3711 1565 3779 docete
1580 3734 1700 3780 omnes

375 3824 495 3906 gentes
517 3824 582 3882 etc.
608 3815 733 3904 (Matth.
753 3815 883 3903 28,19)‚
908 3821 1025 3882 euntes
1046 3814 1080 3880 in
1101 3814 1267 3882 mundum
1286 3816 1485 3885 universum
1503 3819 1699 3908 praedicate

374 3922 595 4010 evangelium
611 3921 705 3987 omni
719 3926 895 3989 creaturae
915 3920 1026 4008 (llarc.
1048 3921 1160 4010 16‚15)
1175 3926 1209 3988 et
1224 3927 1360 4011 oportet
1373 3924 1567 4012 praedicari
1581 3925 1706 4016 poeni·'

374 4030 518 4098 tentiam
538 4034 572 4095 et
586 4027 818 4095 remissionem
836 4033 1055 4118 peccatorum
1074 4028 1108 4094 in
1124 4050 1242 4094 omnes
1256 4035 1374 4115 gentes
1388 4030 1481 4118 (Luc.
1500 4033 1631 4119 ibit).
1654 4035 1700 4098 Ex

375 4137 445 4203 Gal.
475 4143 532 4212 29
560 4135 647 4201 nihil
668 4140 779 4224 potest
802 4135 961 4201 concludi
988 4143 1104 4201 contra
1127 4140 1289 4201 loannem
1313 4141 1491 4203 auctorem
1513 4138 1696 4224 evangelii.

375 4247 459 4310 Nam
473 4243 627 4330 dignitas
642 4249 674 4308 ct
689 4241 769 4307 iura
785 4241 906 4331 populi
921 4241 1019 4309 electi
1034 4240 1174 4308 omnino
1187 4246 1366 4309 servantur
1382 4248 1416 4310 et
1431 4242 1653 4337 vindicantur
1665 4244 1700 4311 in

376 4349 558 4436 evangelio
577 4372 584 4417 :
604 4346 736 4415 ludaeis
755 4347 793 4413 fit
811 4348 1025 4416 annuntiatio
1040 4370 1102 4437 per
1118 4346 1320 4437 baptistam,
1337 4353 1428 4416 lesus
1446 4350 1518 4439 ipse
1534 4351 1629 4418 omni
1645 4374 1701 4418 co·

377 4462 461 4522 natu
484 4456 527 4522 iis
548 4457 627 4522 solis
644 4455 839 4521 testimonia
858 4463 891 4522 et
913 4457 1012 4542 signa
1035 4453 1190 4538 exhibet;
1212 4455 1324 4521 solum
1341 4479 1403 4546 per
1421 4455 1508 4524 duos
1532 4457 1606 4526 dies
1627 4458 1700 4526 sine

378 4561 449 4629 ullo
466 4562 633 4630 miraculo
653 4566 808 4629 versatur
821 4561 913 4653 apud
933 4561 1179 4644 Samaritanos;
1195 4567 1311 4652 aperte
1331 4563 1512 4654 profitetur
1529 4587 1536 4632 :
1554 4565 1646 4632 salus
1660 4589 1700 4632 ex

381 4668 514 4736 ludaeis
533 4677 594 4735 est.
618 4675 757 4750 Verum,
776 4669 827 4736 uti
843 4667 965 4735 Paulus
986 4667 1096 4756 (Rom.
1118 4669 1152 4758 9)
1170 4671 1339 4759 explicare
1361 4669 1481 4755 dehet,
1503 4695 1565 4738 cur
1585 4671 1700 4739 ludaei

380 4775 506 4865 quibus
527 4775 613 4843 haec
635 4777 726 4844 salus
744 4776 845 4843 missa
868 4779 919 4842 est
937 4773 1031 4841 illam
1051 4797 1119 4841 non
1141 4774 1357 4859 admiserint,
1374 4776 1423 4843 ita
1436 4782 1580 4846 loannes
1603 4778 1699 4846 triste

382 4880 468 4951 illud
483 4880 660 4951 declarare
675 4871 803 4951 debet:
824 4883 876 4951 sui
891 4903 970 4948 eum
993 4904 1062 4949 non
1074 4891 1293 4973 receperunt;
1315 4906 1420 4973 quare
1435 4908 1506 4953 non
1523 4885 1637 4975 potuit
1654 4889 1699 4953 si-
