4116 5648
1827 315 1830 322 .
1843 287 1897 346 ''t-2¹0

931 373 1012 420 mar.
1037 357 1175 426 {Al-15.
1351 335 1354 340 ⁸
1679 349 1717 409 85

394 511 481 601 2‚a);
500 516 549 578 est
567 514 658 580 enim
678 509 751 574 eius
775 508 894 575 anima
910 509 1062 574 humana
1080 524 1216 574 summa
1234 505 1401 596 sapientia
1420 509 1453 570 et
1475 505 1649 574 verissima
1663 526 1715 571 re·

394 639 469 685 rum
482 621 634 687 omnium
652 613 851 700 cognitione
867 614 1027 680 decorata
1050 611 1174 701 (Bria).
1192 613 1372 679 Veritatem
1393 609 1452 678 alii
1465 618 1639 700 exponunt
1655 632 1715 700 op*

393 726 474 814 poni
493 725 612 813 liguris
631 726 666 786 et
685 721 807 789 referri
822 721 868 787 ad
887 718 1082 807 implendas¹
1102 717 1344 806 promissiones
1360 719 1457 806 (Bon.
1476 718 1616 805 Melet),
1635 738 1717 808 qua·

392 838 506 913 tenus,
528 836 565 897 ut
588 829 763 918 apostolus
780 828 845 905 ait,
873 831 1042 915 quotquot
1066 824 1306 914 promissiones
1328 824 1386 889 [tei
1405 831 1498 905 sunt,
1528 825 1562 889 in
1583 823 1641 890 illo
1663 830 1717 892 Est

392 940 427 1029 (2
444 943 517 1006 Cor.
536 939 624 1023 130)
644 938 666 1002 i.
686 959 715 1002 e.
734 936 770 1000 in
785 931 844 999 illo
861 931 970 997 tactae
984 937 1066 998 sunt
1079 933 1151 1010 Est,
1169 931 1205 996 in
1219 930 1278 996 illo
1292 930 1496 1018 adimpletae
1516 938 1605 999 sunt.
1622 934 1717 997 Com-

391 1048 514 1134 parant
532 1064 668 1133 quoque
691 1053 779 1130 npup
798 1039 864 1128 ψῃ
884 1052 924 1124 2]
944 1040 1086 1126 (multae
1106 1036 1336 1117 miserationis
1353 1042 1387 1102 et
1403 1058 1519 1116 verax,
1545 1043 1601 1104 Ex.
1619 1043 1715 1117 at,o;

391 1149 504 1239 Vulg.)
521 1150 699 1216 universae
712 1131 787 1212 iiiia
802 1129 937 1211 Domini
952 1143 1187 1212 misericordia
1207 1148 1240 1210 et
1256 1145 1380 1210 veritas
1396 1143 1460 1231 (Ps.
1482 1149 1601 1224 2t‚10;
1619 1150 1714 1224 35,6;

393 1254 481 1324 Corl.
503 1257 629 1343 Sella).
654 1258 785 1330 Quanta
806 1252 900 1319 bona
922 1251 960 1317 in
983 1250 1097 1339 gratia
1112 1257 1145 1317 et
1168 1252 1309 1317 veritate
1332 1251 1491 1317 conclusa
1514 1256 1608 1332 sunt,
1628 1273 1716 1341 quae

390 1364 491 1431 modo
509 1364 594 1430 adeo
613 1360 809 1440 excellenti,
830 1379 964 1425 summo
981 1357 1233 1425 lncarnationis
1248 1357 1413 1424 miraculo
1433 1364 1465 1423 et
1483 1355 1641 1443 mysterio
1656 1379 1716 1424 no·
1800 1404 1802 1409 .

389 1469 553 1537 bisallata
567 1468 661 1533 sunt!
680 1466 886 1532 —Verbum
898 1470 1061 1531 naturam
1072 1465 1262 1532 humanam
1273 1464 1490 1552 assumpsisse
1505 1465 1717 1551 evangelista
1824 1478 1827 1536 ζ
1852 1456 1887 1557 :33²

388 1577 503 1656 docct;
522 1572 661 1641 modum
682 1573 914 1661 conceptionis
930 1593 971 1639 ac
989 1571 1180 1638 nativitatis
1198 1593 1267 1639 non
1284 1576 1412 1638 narrat.
1429 1574 1511 1637 Eum
1526 1571 1616 1636 enim
1633 1592 1714 1658 syn·

388 1681 507 1771 optici,
529 1682 714 1747 Matthaeus
744 1685 779 1747 et
802 1685 922 1760 Lucas,
945 1684 1024 1745 ante
1048 1699 1128 1744 eum
1158 1679 1335 1768 perspicue
1361 1676 1588 1744 tradiderunt.
1609 1682 1651 1743 Ex
1675 1699 1715 1744 eo

388 1787 479 1877 quod
502 1794 685 1877 conceptus
710 1785 859 1872 virginei
882 1807 950 1852 non
978 1784 1153 1866 meminit,
1178 1807 1266 1852 unus
1290 1785 1416 1852 alterve
1445 1784 1610 1852 conclusit
1635 1805 1714 1852 eum

386 1894 581 1982 ignoratum
595 1915 665 1960 esse
679 1915 700 1959 a
716 1898 853 1959 loanne.
871 1896 956 1958 Num
971 1891 1145 1978 ignoravit
1158 1892 1366 1981 synopticos‚
1380 1914 1466 1982 quos
1479 1891 1600 1980 respici
1616 1890 1660 1957 ab
1674 1913 1714 1957 eo
1832 1946 1835 1951 .
1854 1914 1872 1990 {a

1862 1982 1876 2023 ς.

387 2022 505 2069 omnes
526 2022 710 2089 agnoscere
731 1999 879 2066 debent?
901 1997 983 2064 Dein
1005 1998 1065 2087 qui
1090 2000 1138 2065 ita
1159 2020 1238 2066 cum
1263 1997 1418 2087 emphasi
1436 1998 1533 2064 effert
1552 1997 1637 2064 filios
1657 1998 1713 2065 llei

388 2130 455 2174 non
474 2109 565 2175 nasci
585 2130 624 2173 ex
640 2106 818 2174 voluntate
839 2105 902 2172 viri
926 2106 971 2194 (v.
994 2106 1066 2192 13),
1083 2106 1164 2172 satis
1179 2104 1310 2173 indicat
1330 2104 1414 2196 quid
1430 2104 1582 2172 dicturus
1597 2104 1713 2170 luisset

386 2215 428 2282 de
443 2215 524 2281 Filio
544 2214 601 2281 Dei
616 2221 775 2280 naturam
793 2213 983 2279 humanam
1004 2212 1070 2279 sibi
1087 2213 1283 2303 copulante.
1300 2218 1403 2280 Porro
1419 2213 1477 2303 qui
1495 2218 1612 2280 narrat
1625 2208 1712 2278 adeo

386 2322 582 2409 frequenter
603 2327 712 2387 lesum
730 2320 841 2385 solum
860 2325 966 2387 Deum
983 2342 1104 2386 vocare
1120 2327 1271 2409 patrem,
1293 2320 1466 2409 quomodo
1481 2319 1633 2405 cogitare
1649 2340 1711 2407 po-

385 2427 500 2494 tuisset
514 2428 557 2493 de
576 2433 672 2516 patre
687 2427 861 2493 humano?

429 2538 557 2600 Testem
573 2534 637 2600 sibi
653 2532 813 2618 adiungit
827 2532 1056 2618 evangelista.
1075 2534 1136 2621 qui
1156 2535 1285 2622 pariter
1300 2533 1342 2600 de
1362 2532 1474 2618 gloria
1490 2531 1589 2599 Verbi
1605 2532 1711 2598 incar·

385 2640 457 2707 nati
471 2641 557 2707 lerat
573 2640 807 2708 testimouium
822 2645 856 2705 et
871 2660 951 2706 eum
966 2639 1108 2728 quidem
1123 2640 1183 2727 qui
1196 2645 1328 2707 tantam
1341 2640 1433 2729 apud
1450 2640 1589 2705 ludaeos
1604 2636 1710 2704 habe-

384 2747 443 2813 bat
459 2747 697 2813 auctoritatem
720 2747 816 2834 (car.
847 2749 927 2834 Cpr.
955 2745 1100 2835 Theoplt.
1125 2746 1233 2813 Salm.
1257 2745 1325 2813 rol.
1352 2745 1458 2814 Mald.
1486 2746 1587 2834 Lep.)
1610 2767 1640 2810 v.
1670 2752 1709 2813 15

385 2854 528 2918 loannes
548 2853 780 2920 testimonium
794 2851 949 2942 perhibet
971 2851 1013 2918 de
1040 2854 1134 2941 ipso,·
1152 2855 1195 2919 cl.
1220 2876 1252 2918 v.
1271 2861 1301 2919 6.
1325 2861 1344 2918 7
1366 2866 1399 2918 et
1418 2852 1543 2918 clamat
1563 2863 1708 2939 κέκραγεν

383 2958 631 3047 significatione
648 2980 786 3048 quoque
804 2959 969 3048 temporis
986 2961 1190 3048 praesentis,
1209 2981 1277 3048 qua
1297 2982 1349 3026 res
1369 2959 1466 3049 quasi
1485 2980 1644 3049 praescus
1663 2958 1708 3024 si-

384 3067 483 3131 stitur
504 3066 547 3130 ad
564 3065 632 3130 vim
653 3065 861 3131 narrationis
884 3065 1098 3151 augendam;
1121 3065 1248 3132 clamat
1271 3066 1294 3132 i.
1316 3089 1346 3133 e.
1369 3088 1446 3133 cnm
1469 3064 1611 3146 fiducia,
1630 3088 1706 3132 oum

383 3170 555 3251 libertate,
578 3173 673 3238 omni
686 3171 821 3238 abiecta
844 3172 1031 3238 tormidine
1047 3172 1223 3261 praedicat
1245 3172 1339 3260 (Chr.
1360 3172 1538 3262 Theclae),
1556 3194 1632 3239 cum
1656 3194 1707 3238 ar·

384 3277 465 3345 dore
480 3281 601 3345 mentis
615 3278 782 3367 (iliam),
796 3300 866 3345 non
877 3279 1059 3365 ambigue,
1073 3277 1132 3346 sed
1143 3279 1252 3362 clare,
1271 3285 1405 3370 aperte,
1423 3279 1535 3369 palam
1554 3279 1704 3367 (Melet),

384 3390 432 3450 est
446 3386 537 3451 enim
553 3408 614 3451 vox
631 3384 809 3451 clamantis
825 3384 921 3474 (Cpr.
944 3388 970 3449 Τ
969 3385 1014 3451 ol.
1030 3385 1139 3453 Mald.
1162 3388 1262 3475 Lep.)
1271 3439 1281 3470 ,
1297 3385 1412 3454 dicens
1428 3408 1441 3450 .·
1461 3386 1586 3476 triplici
1602 3407 1708 3453 cnun-

384 3489 524 3557 tiatione
547 3513 615 3557 non
635 3492 713 3557 sine·
726 3491 882 3559 sollemni
903 3491 1056 3579 quadam
1071 3493 1241 3579 gravitate
1258 3494 1329 3560 eius
1351 3493 1387 3559 in
1408 3491 1559 3559 medium
1574 3494 1705 3583 proler-
1752 3520 1756 3529 ·

383 3602 441 3662 tur
456 3597 685 3664 testimonium
705 3620 712 3663 :
735 3596 789 3663 hic
809 3611 884 3664 erat
900 3620 1003 3687 quem
1019 3598 1097 3665 clici
1116 3621 1128 3663 .·
1147 3600 1248 3688 proin
1264 3600 1495 3668 testimonium
1514 3600 1556 3666 de
1576 3622 1615 3666 eo
1630 3599 1706 3668 red-

384 3701 470 3768 didit
484 3711 668 3793 antequam
683 3704 873 3793 apparebat
888 3705 1044 3793 publice,
1064 3708 1112 3772 uti
1126 3708 1289 3773 asseritur
1301 3729 1436 3797 quoque
1456 3730 1487 3774 v.
1506 3714 1548 3774 30
1567 3714 1601 3774 et
1616 3712 1707 3796 patet

384 3830 422 3874 ex
434 3811 545 3876 llatth.
565 3815 641 3890 3,ss
659 3810 752 3898 (clo.
770 3811 912 3900 Tlteoplt.
930 3810 1061 3898 raoni.)
1079 3818 1113 3878 et
1127 3813 1172 3878 ad
1183 3813 1348 3880 eiusmodi
1358 3814 1589 3880 testimonium
1603 3815 1704 3880 etiam

384 3922 544 4005 provocat
560 3922 737 4005 postquam
754 3919 906 3984 Christus
920 3940 956 3984 se
974 3918 1114 4007 publice
1130 3918 1292 3999 ostendit3
1313 3919 1390 3986 inde
1404 3919 1522 3986 modus
1540 3920 1704 4010 loquendi
1794 3933 1796 3937 ’
1885 3879 1897 3975 Τ1

383 4021 534 4112 sequitur
549 4023 602 4088 tic
617 4035 690 4088 crat
706 4031 768 4090 etc.
788 4027 811 4090 i.
834 4047 863 4090 e.
883 4025 976 4090 hunc
994 4025 1174 4110 designavi
1189 4047 1266 4092 cum
1287 4025 1443 4093 dicebam
1461 4048 1468 4093 :
1486 4027 1547 4116 qui
1560 4040 1638 4116 post
1652 4049 1705 4092 me

384 4142 543 4196 velaturus
558 4144 605 4195 est
622 4137 784 4217 ἐρχόμενος
800 4132 872 4198 scil.
893 4131 936 4198 ad
952 4132 1243 4221 praedicandum,
1263 4133 1306 4199 ad
1324 4156 1447 4201 munus
1460 4135 1623 4201 divinitus
1639 4133 1704 4199 sibi

383 4237 598 4303 commissum
614 4237 885 4324 exsequendum
906 4239 954 4304 uti
971 4245 1113 4304 loannes
1129 4260 1164 4305 sc
1181 4262 1201 4305 a
1224 4244 1290 4306 [leo
1307 4241 1444 4307 missum
1459 4240 1650 4329 profitetur,
1667 4248 1704 4307 ut

384 4341 522 4408 nomine
543 4344 597 4409 [tei
613 4344 779 4433 populum
796 4344 918 4412 doceat
938 4352 971 4411 et
992 4354 1192 4434 praeparet,
1213 4347 1261 4414 ita
1280 4349 1344 4414 hac
1359 4350 1431 4435 ipsa
1451 4348 1620 4413 locutione
1634 4348 1702 4414 iam

384 4447 511 4546 indicat
527 4448 623 4516 illum
640 4457 802 4538 ἑρχὲμ,εννν
819 4454 948 4539 pariter
963 4474 983 4517 a
999 4459 1064 4518 ueo
1080 4453 1169 4518 mitti
1186 4460 1222 4521 ut
1237 4477 1322 4543 opus
1342 4454 1399 4519 Dei
1413 4453 1449 4518 in
1464 4453 1590 4542 populo
1604 4477 1702 4544 pera-

383 4560 458 4639 gat;
480 4555 560 4620 dein
579 4557 812 4624 excellentiam
832 4557 1108 4647 dignitatemque
1130 4559 1234 4647 longe
1250 4562 1412 4626 maiorem
1438 4566 1576 4626 testatur
1598 4584 1604 4628 :
1625 4575 1703 4629 arcte

386 4681 439 4725 me
447 4663 563 4749 factus
578 4675 644 4742 est,
661 4666 744 4751 qratia
755 4664 853 4754 prior
868 4687 921 4730 me
934 4681 1007 4733 erat
1014 4687 1027 4750 ,⁸
1044 4674 1135 4747 βαθὺς
1149 4678 1163 4734 ὁ
1176 4675 1268 4754 λὸγες
1285 4673 1331 4735 καὶ
1345 4675 1462 4749 schitia
1479 4670 1521 4753 ἐφ’
1541 4679 1634 4756 ἑαυτῷ
1649 4679 1701 4752 τὴν

386 4771 510 4846 βάσανον
529 4773 657 4836 ἀπαιτῶν
674 4773 778 4858 Cpr.;
789 4770 883 4861 prius
899 4774 1093 4840 membrum
1110 4794 1175 4839 non
1190 4782 1301 4865 potest
1316 4773 1463 4860 intelligi
1478 4773 1519 4840 de
1530 4780 1702 4865 tempore,
1755 4776 1763 4791 ‘
