4116 5648
325 645 436 731 pretes
448 637 601 729 plerique
620 641 684 708 hos
705 637 854 706 infensos
867 638 970 706 fuisse
986 643 1020 705 et
1033 639 1150 707 animo
1168 640 1336 708 malevolo
1350 660 1423 708 rem
1435 636 1653 713 denuntiasse
1738 639 1741 643 ⁴
1764 628 1796 728 '2⁵21

324 749 462 815 censent
482 742 643 838 (Thespi.
666 742 771 812 [luth.
797 744 911 814 Tbom.
928 747 1015 812 Bon.
1040 745 1116 816 Gai.
1138 745 1209 812 Tol.
1234 734 1342 815 Mold.
1363 751 1449 839 Lep.
1472 748 1550 814 Bar.
1567 751 1649 820 Not.
1784 744 1791 759 '

325 850 435 922 Golm.
464 853 553 921 Corl.
581 850 681 941 Fil.);
706 851 783 935 alii,
804 855 855 921 uti
876 854 968 940 Auo.
998 850 1097 934 sed,
1125 855 1310 939 utrumque
1330 858 1525 944 proponunt
1551 854 1651 922 :sive

321 957 578 1042 annuntiando,
596 962 634 1023 ut
650 962 684 1022 et
697 957 765 1048 ipsi
777 959 973 1040 crederent,
990 959 1062 1025 sive
1077 956 1192 1047 potius
1209 955 1404 1046 prodendo,
1415 965 1455 1025 ut
1467 960 1648 1028 saevirent.

321 1066 560 1140 Quaerendum
574 1065 693 1152 itaque
709 1071 760 1133 est
775 1067 837 1155 qui
854 1063 923 1132 sint
940 1061 993 1129 illi
1008 1062 1171 1154 quidam,
1192 1074 1270 1144 τινὲς
1285 1068 1317 1146 ἐξ
1332 1068 1427 1133 αὐτῶν
1442 1066 1498 1132 vel
1516 1067 1648 1156 potius,

320 1167 366 1235 ad
379 1193 466 1260 quos
481 1168 603 1238 reterri
618 1175 776 1261 oporteat
795 1176 828 1254 ἑξ
841 1176 948 1240 αὐτῶν.
967 1170 1000 1238 Si
1014 1168 1072 1238 isti
1088 1167 1233 1259 quidam
1246 1176 1326 1237 suut
1338 1193 1378 1238 ex
1390 1171 1508 1238 multis
1520 1173 1580 1262 qui
1598 1173 1651 1240 vi·

320 1274 443 1345 derant
468 1282 502 1345 et
526 1275 766 1359 crediderunt,
786 1283 861 1345 tum
886 1274 1050 1346 censendi
1072 1281 1153 1343 sunt
1170 1275 1286 1344 auimo
1303 1277 1340 1343 in
1359 1280 1469 1344 lesum
1482 1277 1650 1348 benevolo
1751 1277 1841 1375 θ’
1884 1312 1890 1333 -·

319 1381 442 1452 adiisse
459 1383 677 1473 pharisaeos,
698 1387 739 1449 ut
753 1387 855 1451 testes
876 1387 986 1451 essent
1002 1388 1112 1450 lesum
1128 1404 1247 1450 revera
1268 1404 1305 1450 se
1323 1382 1485 1472 probasse
1495 1383 1651 1472 legatum
1737 1388 1756 1409 ’·
1798 1370 1889 1487 ’ζ’

319 1475 492 1570 divinum,
505 1489 562 1556 vel
575 1489 716 1570 saltem,
732 1494 772 1556 ut
783 1490 915 1558 sincere
929 1490 1128 1556 nuntiarent
1141 1487 1227 1578 quid
1241 1487 1419 1558 evenisset.
1435 1494 1520 1559 Sunt
1532 1497 1650 1559 autem

318 1597 379 1686 qui
397 1593 486 1663 illud
510 1601 542 1679 ἐξ
564 1603 661 1666 αὐτῶν
691 1596 842 1665 referant
858 1596 904 1680 ad
927 1607 1038 1666 ἐκτῶν
1063 1596 1214 1665 Ἰουδαίων
1230 1616 1239 1664 :
1255 1593 1400 1686 quidam
1425 1597 1647 1682 ludaeorum,
1737 1593 1740 1601 ’
1792 1574 1868 1599 ¹

317 1702 418 1793 proin
437 1702 616 1771 eiusmodi
640 1702 759 1771 ludaei
788 1702 847 1794 qui
867 1724 937 1770 non
962 1701 1121 1770 viderant
1140 1701 1347 1771 miraculum
1367 1711 1648 1791 aeruscatores,
1740 1703 1754 1724 ”
1768 1703 1775 1767 ζ

317 1808 378 1898 qui
406 1806 547 1904 quidem
568 1814 736 1878 venerant
759 1809 797 1876 in
818 1808 1046 1892 bethaniam,
1056 1814 1093 1876 at
1113 1808 1318 1877 miraculum
1341 1830 1414 1877 non
1435 1816 1646 1901 spectarunt,

317 1914 370 1983 vel
385 1915 446 2005 qui
464 1915 578 1983 solum
593 1915 636 1983 dc
656 1937 697 1983 eo
711 1915 911 1996 audierant3
929 1936 1011 1983 nam
1027 1915 1117 1985 illud
1133 1915 1377 1983 chimenon
1390 1918 1581 1987 necessario
1593 1917 1648 1986 iu-

316 2019 408 2088 dicat
425 2021 502 2089 illos
523 2044 662 2112 quoque
683 2021 815 2090 venisse
838 2021 876 2090 in
894 2022 1112 2091 Bethaniam.
1128 2025 1200 2100 Qua
1212 2021 1250 2090 in
1266 2023 1501 2115 receptatione
1514 2023 1556 2093 iis
1577 2027 1649 2093 ani·
1754 2052 1757 2057 ·
1781 2102 1845 2127 ς

317 2148 392 2194 mus
414 2127 590 2216 malignus
614 2128 765 2196 adscribi
790 2133 915 2219 potest.
943 2127 1155 2218 Quicumque
1179 2129 1320 2197 demum
1349 2131 1570 2216 nuntiarunt,
1598 2132 1646 2201 ita
1750 2124 1859 2165 ¹

315 2233 535 2317 nuntiarunt,
556 2240 595 2302 ut
617 2235 913 2303 resuscitationem
938 2234 1128 2303 certissime
1149 2257 1220 2303 esse
1238 2236 1364 2302 factam
1383 2236 1544 2305 omuibus
1566 2259 1667 2305 cou-.
1702 2265 1705 2271 ·
1761 2252 1777 2335 Ἰ

283 2419 286 2424 ’
313 2344 482 2516 staldlum
494 2447 600 2515 duces
617 2448 742 2540 populi
766 2450 830 2517 hac
851 2446 1149 2538 praestantissima
1163 2448 1293 2535 gloriae
1306 2448 1436 2517 ¹Christi
1451 2450 1648 2520 manifesta-

313 2552 407 2622 tione
419 2554 457 2621 in
472 2555 610 2622 culmen
626 2554 780 2624 malitiae
796 2546 1019 2623 adducuntur
1032 2577 1066 2621 v.
1086 2561 1130 2623 tr
1149 2553 1363 2645 colleqerunt
1376 2577 1457 2644 erqo
1469 2556 1647 2647 pontifices

311 2673 344 2727 et
355 2660 533 2751 pharisoei
547 2662 732 2730 concilium
751 2670 918 2751 συνέδρων,
940 2673 974 2729 et
992 2659 1153 2729 dicebant
1167 2681 1181 2726 .·
1195 2658 1283 2751 quid
1292 2661 1469 2750 facimus?
1483 2662 1569 2754 quia
1587 2662 1644 2732 lic
1733 2709 1735 2712 >
1795 2658 1861 2703 ⁶

312 2766 411 2835 tomo
426 2768 538 2837 multa
550 2768 773 2859 signasset&
784 2777 813 2837 τί
831 2784 971 2852 ποιοῦμεν
984 2791 992 2852 ;
1008 2768 1032 2835 i.
1050 2789 1081 2835 e.
1093 2788 1185 2834 nunc
1200 2766 1294 2858 enim
1313 2771 1433 2836 contra
1446 2791 1526 2837 eum
1540 2791 1645 2858 agen·

311 2871 395 2942 dum
412 2898 483 2943 esse
504 2875 732 2944 certissimum
757 2881 821 2954 est3
848 2874 1043 2965 quereiam
1057 2895 1129 2940 non
1144 2872 1440 2942 delibersntsitne
1454 2875 1643 2967 quidquam
1727 2948 1729 2954 .

311 2981 526 3067 faciendum,
542 2982 603 3050 sed
615 2982 730 3050 solum
748 2986 938 3072 quaerunt,
958 2977 1048 3070 quid
1065 2978 1182 3047 statim
1201 2979 1276 3047 fieri
1288 2985 1457 3072 oporteat.
1471 2982 1571 3052 Nulla
1587 3007 1645 3052 ra-

310 3086 404 3155 tione
423 3088 523 3176 signa
548 3090 621 3156 eius
639 3089 677 3156 in
698 3087 844 3156 dubium
865 3091 1007 3170 vocant,
1028 3085 1089 3154 sed
1106 3107 1148 3153 ea
1160 3108 1242 3153 vera
1259 3107 1333 3154 esse
1351 3087 1491 3156 omnino
1509 3088 1551 3158 iis
1564 3113 1643 3181 per·

311 3214 446 3261 suasum
471 3202 532 3262 est.
553 3199 592 3262 Et
616 3200 734 3263 tamen
759 3194 802 3263 de
821 3217 861 3263 eo
882 3195 1074 3284 loquuntur
1099 3215 1179 3260 cum
1200 3198 1400 3284 contemptu
1419 3216 1429 3260 t
1445 3195 1502 3263 hic
1523 3198 1640 3267 homo.

312 3302 572 3368 stomachantes
588 3302 773 3369 advertunt
784 3301 907 3388 augeri
920 3301 959 3368 in
976 3300 1049 3368 dies
1067 3301 1251 3368 numerum
1268 3293 1387 3368 eorum
1403 3303 1463 3390 qui
1477 3302 1515 3370 in
1527 3301 1656 3393 ipsum.

310 3405 456 3475 credunt
472 3430 505 3476 v.
530 3413 571 3476 ἠδ
590 3408 622 3476 si
636 3406 843 3474 dimittimus
854 3428 933 3474 eum
948 3405 1015 3486 sic,
1031 3404 1061 3472 si
1079 3404 1232 3472 sinamus
1246 3427 1325 3473 eum
1338 3428 1499 3496 pergere,
1515 3414 1554 3476 ut
1567 3410 1640 3479 scil.

309 3511 409 3601 signa
430 3514 543 3582 facere
566 3513 742 3582 continuet
761 3535 871 3604 caque
892 3512 929 3580 in
948 3510 1022 3578 dies
1040 3511 1190 3597 maiora,
1206 3533 1322 3579 omnes
1339 3512 1476 3580 credent
1491 3514 1528 3581 in
1544 3537 1641 3598 eum,

308 3623 348 3687 ut
360 3621 511 3688 llessiam
524 3641 660 3708 regem,
676 3633 709 3687 et
721 3619 859 3688 venient
877 3618 1026 3686 Romani
1044 3629 1078 3686 et
1090 3617 1211 3686 tollent
1222 3630 1375 3686 nostrum
1388 3618 1500 3687 locum
1514 3633 1547 3689 et
1557 3643 1643 3712 qen-

310 3739 377 3793 tem
383 3748 396 3810 ;
418 3726 516 3817 plebs
539 3748 618 3793 eum
642 3748 761 3814 regem
786 3725 987 3808 constituet,
1008 3745 1114 3816 quam
1136 3723 1362 3793 rebellionem
1384 3728 1529 3795 Romani
1554 3730 1642 3797 urbe

310 3831 422 3902 delete
440 3839 475 3900 et
492 3834 621 3923 populo
636 3833 674 3899 in
693 3832 928 3923 captivitatem
949 3831 1101 3899 abducto
1118 3837 1152 3898 et
1170 3831 1326 3922 disperso
1344 3831 1643 3904 vindicationem

310 3939 395 4006 urbe
410 3939 478 4007 dici
490 3952 539 4009 τὸν
555 3947 643 4009 risos
660 3939 817 4030 plerique
830 3939 953 4006 merito
963 3943 1124 4021 censent;
1138 3937 1247 4028 aliqui
1264 3938 1431 4029 templum
1444 3939 1643 4030 intelligunt

310 4047 400 4136 (Coi.
418 4047 538 4136 Corl.);
550 4053 663 4137 posset
680 4057 694 4115 ὁ
709 4053 800 4127 τόπος
814 4047 958 4113 fortasse
978 4042 1084 4112 etiam
1104 4043 1148 4112 de
1165 4043 1287 4112 ordine
1299 4049 1334 4113 et
1347 4047 1548 4114 auctoritate
1561 4070 1643 4138 syn-

309 4152 398 4221 cdrii
415 4152 526 4244 accipi
547 4153 604 4241 (cf.
634 4155 734 4243 epist.
756 4152 881 4240 lguatii
902 4151 948 4218 ad
967 4151 1080 4240 Polyc.
1110 4157 1145 4234 1;
1172 4150 1302 4241 Weiss).
1331 4180 1348 4214 α
1377 4155 1465 4221 Haec
1482 4153 1642 4224 dicebant

308 4282 378 4328 non
398 4265 603 4342 metuentes,
624 4259 685 4327 sed
697 4259 891 4326 invidentes
908 4287 924 4320 »
942 4258 1052 4348 (Chr.)
1070 4265 1104 4326 et
1115 4255 1244 4345 insigni
1255 4257 1441 4348 hypocrisi.
1457 4264 1641 4345 Namscire

308 4365 481 4435 debebant
503 4371 613 4434 lesum
633 4366 829 4434 nullatcnus
842 4385 991 4452 regnum
1006 4368 1170 4454 appetere
1185 4371 1220 4433 et
1231 4363 1432 4454 praedicare
1446 4368 1638 4454 terrenum,

308 4474 502 4542 nullatenus
516 4494 592 4540 eam
611 4472 734 4563 populi
754 4471 1042 4562 exspectationem
1063 4469 1192 4536 lovere.
1213 4474 1253 4537 Et
1268 4469 1297 4537 si
1311 4474 1401 4544 lesus
1415 4492 1534 4539 revera
1546 4495 1641 4543 reve-

309 4581 419 4648 rentia
437 4578 636 4669 synedristis
657 4579 784 4647 collata
805 4584 839 4646 et
857 4576 1011 4646 exhibite
1033 4597 1183 4663 reguum
1203 4574 1396 4643 affectasset
1413 4582 1587 4647 terrenum
1608 4587 1641 4649 et

309 4685 532 4754 rebellionem
556 4687 593 4754 in
612 4689 783 4752 Romanos
804 4685 983 4766 movisset,
1006 4704 1084 4750 eum
1109 4683 1255 4750 maxima
1278 4682 1472 4751 animorum
1495 4687 1640 4755 exsulta·

307 4792 400 4861 tione
424 4816 542 4883 regem
565 4793 784 4861 salutassent.
806 4796 930 4859 Verum
954 4791 1040 4879 quia
1059 4788 1172 4857 noluit
1187 4811 1260 4857 esse
1278 4790 1410 4858 llessias
1423 4790 1561 4880 qualem
1574 4794 1641 4886 ipsi

308 4899 472 4968 volebant
485 4907 518 4968 et
531 4900 614 4991 quia
631 4920 751 4967 eorum
770 4899 900 4967 scelera
920 4906 955 4966 et
972 4895 1185 4986 impietatem
1204 4894 1447 4986 impugnabat,
1465 4919 1545 4968 eum
1559 4900 1639 4969 odio
