4050 5648
886 379 969 427 rora.
991 365 1151 441 roseto.
1622 370 1677 429 341

352 517 413 585 sed
430 515 633 605 plerumque
651 516 839 585 denatura
861 513 976 581 divina
997 536 1103 607 quam
1127 517 1228 580 Pater
1245 516 1278 582 ei
1290 515 1511 604 generatione
1525 536 1678 585 commu-

352 622 445 689 nicet
471 617 602 706 (Tltom.
633 619 704 689 Tol.
730 621 815 712 Lep.
844 623 925 687 Bur.
947 623 1028 690 Nat.
1056 619 1170 708 Patr.)
1187 619 1241 686 vel
1263 621 1357 709 quod
1376 624 1418 689 ad
1434 622 1525 690 idem
1541 620 1676 699 recidit,

351 735 389 795 ut
410 731 496 813 esset
519 727 719 817 unigenitus
743 727 846 796 l'ilius
872 726 977 818 (Auq.
1001 722 1121 814 aed),
1142 732 1181 794 ut
1201 725 1318 792 omnia
1334 726 1563 818 habeatquae
1583 734 1679 794 Pater

352 830 457 898 habet
479 832 569 922 (Alo.
591 831 720 922 'Bon.);
739 833 900 901 similiter
921 833 1029 902 verba
1046 832 1249 922 concipiunt
1267 836 1381 898 Patres
1404 833 1541 899 concilii
1558 835 1681 901 latera-

351 936 464 1006 nensis
479 939 594 1032 quarti
610 937 681 1028 (au.
704 938 804 1028 1215)
821 938 858 1004 in
872 939 1075 1007 definitione
1094 943 1214 1007 eontra
1230 940 1381 1006 {oachim
1397 945 1430 1006 et
1444 939 1652 1007 blmaricum
1672 961 1678 1004 :

352 1070 369 1104 «
386 1048 484 1113 Pater
500 1045 545 1114 ab
556 1049 697 1138 aeterno
718 1044 841 1112 Filium
856 1043 1057 1133 generando
1079 1066 1177 1112 suam
1196 1045 1419 1113 substantiam
1432 1044 1463 1111 ei
1480 1044 1575 1112 dedit
1589 1045 1680 1112 iuxta

350 1152 445 1242 quod
465 1153 537 1243 ipse
558 1157 703 1220 testatur
721 1175 729 1221 :
748 1155 848 1218 Pater
864 1151 958 1243 quod
978 1149 1073 1219 dedit
1096 1150 1186 1219 mihi
1207 1151 1319 1219 maius
1343 1151 1502 1218 omnibus
1519 1158 1568 1219 est
1587 1151 1630 1242 n(
1652 1153 1675 1218 l.

349 1259 555 1348 Denzinqer,
573 1256 796 1326 Enchiridion
806 1280 840 1325 n.
858 1265 940 1342 3583
954 1257 1085 1345 legitur
1096 1280 1234 1349 quoque
1247 1258 1284 1324 in
1294 1260 1393 1348 Corp.
1410 1259 1476 1324 iur.
1487 1280 1563 1325 can.
1577 1257 1647 1325 Lib.
1663 1266 1677 1325 1

352 1367 485 1433 Deoret.
504 1369 607 1453 Greg.
621 1369 664 1433 IX
680 1364 733 1433 tit.
757 1371 774 1431 1
794 1386 871 1454 cap.
888 1367 933 1450 t).
958 1368 1051 1432 Nexu
1066 1363 1181 1452 logico
1205 1370 1239 1432 et
1256 1364 1551 1453 argumentatione
1568 1365 1678 1431 statim

224 1487 226 1490 ’
348 1476 442 1561 patet
450 1461 540 1537 illud
557 1494 564 1540 :
579 1494 640 1561 eqo
654 1484 687 1539 et
702 1473 806 1538 Peter
816 1493 925 1538 unum
936 1492 1072 1553 sumus,
1088 1492 1161 1539 non
1176 1493 1272 1562 posse
1286 1469 1407 1537 referri
1421 1471 1530 1538 solum
1545 1471 1588 1537 ad
1603 1493 1679 1537 eon-

348 1576 501 1644 cordiam
523 1584 557 1644 et
579 1598 783 1645 eonsensum
805 1577 914 1645 animi
941 1577 1051 1667 (quod
1076 1576 1197 1644 Ariani
1225 1584 1259 1645 et
1281 1577 1455 1644 Sociniaui
1480 1577 1677 1666 volebant),

347 1683 438 1750 hauc
449 1683 720 1773 acceptationem
733 1704 807 1751 nou
820 1682 994 1774 quadrare
1011 1684 1046 1750 in
1062 1688 1258 1752 contextum
1280 1683 1384 1750 etiarn
1394 1683 1575 1764 acatholici
1591 1685 1678 1750 ultro

348 1790 502 1856 latentur
516 1789 574 1878 (cl.
597 1789 732 1878 Weiss).
759 1794 846 1883 Nam
868 1794 906 1856 ut
928 1789 1099 1879 probetur
1116 1789 1209 1879 quod
1225 1790 1374 1870 dixerat,
1390 1787 1427 1856 id
1439 1789 1560 1856 saltem
1579 1788 1680 1857 debet

348 1895 520 1963 enuntiari
548 1895 654 1964 Patris
680 1903 714 1963 et
736 1916 835 1963 suam
868 1896 1091 1963 efficientiam
1116 1897 1154 1963 in
1178 1918 1283 1987 opere
1306 1895 1423 1963 salutis
1443 1917 1513 1963 esse
1532 1896 1675 1963 eandem

348 2001 460 2090 (Sede.
488 2002 625 2087 Weiss),
642 2004 743 2092 proin
759 2003 869 2070 Patris
882 2007 916 2070 et
935 2024 1031 2071 suam
1047 2003 1237 2092 potentiam
1253 2024 1324 2070 esse
1339 2002 1498 2085 eandem;
1518 2030 1534 2063 er
1554 2025 1676 2070 secun-

347 2106 431 2176 dum
455 2109 644 2198 potentiam
669 2110 738 2177 hoc
761 2107 863 2192 dieit;
884 2129 966 2176 nam
987 2107 1031 2176 de
1057 2109 1122 2176 illa
1141 2108 1200 2176 hic
1220 2131 1332 2176 sermo
1351 2115 1416 2192 est;
1439 2110 1609 2199 potentiae
1623 2132 1677 2175 ae-

348 2215 548 2305 qualitatem
567 2215 720 2283 declarat
746 2241 763 2277 n
792 2213 883 2303 (etr.
912 2213 1057 2308 Theopb.
1077 2214 1154 2283 Alb.
1179 2215 1249 2283 Tol.
1273 2214 1415 2302 Melan
1431 2213 1491 2282 sed
1504 2214 1603 2282 simul
1617 2215 1675 2282 ad-

347 2324 514 2389 vertunt:
554 2349 571 2384 «
607 2321 637 2389 si
667 2327 781 2389 autem
811 2321 932 2390 eadem
960 2327 1010 2390 est
1031 2321 1203 2413 potentia,
1234 2320 1349 2412 palam
1371 2326 1420 2389 est
1443 2322 1588 2389 eandem
1605 2344 1676 2388 esse

347 2427 577 2494 substantiam
599 2456 614 2487 ν)
642 2427 771 2519 (cte),
792 2456 808 2490 ι(
834 2428 978 2520 quodsi
998 2450 1107 2496 unum
1126 2428 1299 2519 potentia,
1318 2450 1424 2495 unum
1438 2450 1518 2496 sane
1538 2435 1571 2496 et
1589 2426 1676 2494 divi-

346 2535 452 2602 nitate
467 2539 501 2602 et
515 2535 661 2603 ementis
675 2538 708 2601 et
726 2539 852 2603 natura
873 2564 888 2597 n
911 2533 1028 2625 (Euat.
1048 2539 1082 2602 et
1094 2533 1256 2602 similiter
1270 2534 1356 2623 alii).
1373 2538 1497 2601 Verum
1511 2556 1588 2602 eum
1603 2534 1675 2602 sine

345 2639 418 2708 ulla
430 2639 637 2709 limitatione
651 2641 806 2710 Christus
820 2641 913 2709 dicat
934 2661 942 2709 :
962 2663 1028 2730 ego
1044 2646 1079 2709 et
1096 2647 1195 2710 Pater
1208 2662 1316 2709 unum
1335 2662 1466 2720 sumus,
1485 2640 1544 2708 alii
1559 2642 1674 2708 statim

344 2746 544 2815 immediate
566 2747 809 2838 aequalitatem
835 2747 974 2837 plenam
991 2748 1207 2837 eandemque
1227 2769 1332 2815 unam
1352 2748 1459 2814 Patris
1476 2753 1510 2815 et
1528 2747 1599 2813 Filii
1613 2769 1674 2814 na-

317 2896 322 2904 ·
345 2857 459 2920 turam
478 2854 646 2922 affirmari
658 2860 801 2922 censent
813 2855 911 2945 (ΟΨ.
929 2856 1018 2944 Any.
1039 2852 1120 2922 Bed.
1139 2859 1227 2944 ltup.
1254 2852 1369 2922 Titum.
1388 2856 1471 2922 Bon.
1491 2853 1563 2922 Coi.
1581 2855 1671 2920 lans.

344 2961 426 3049 Lop.
446 2963 526 3026 Bor.
548 2960 658 3029 Calm.
683 2964 780 3027 Patr.
807 2959 896 3029 Corl.
919 2958 1025 3051 Scbq.
1056 2959 1127 3027 Fil.
1147 2960 1236 3048 Keil)
1251 2965 1286 3027 et
1297 2960 1378 3028 inde
1393 2958 1524 3027 ostendi
1544 2983 1583 3028 ac
1598 2982 1674 3050 pro-

345 3064 421 3132 bari
449 3064 592 3133 eandem
616 3067 818 3156 potentiam.
838 3071 909 3145 Quo
927 3065 1004 3135 loco
1023 3068 1134 3154 igitur
1154 3066 1334 3157 praeclare
1351 3067 1546 3134 enuntiatur
1562 3067 1673 3134 unitas

226 3261 228 3265 ¹
344 3171 555 3238 substantiae
575 3178 609 3239 et
632 3172 815 3263 pluralitas
834 3195 1079 3264 personarum,
1096 3173 1148 3240 uti
1167 3182 1299 3241 veteres
1323 3173 1391 3240 iam
1415 3172 1624 3262 advertunt(
1646 3173 1669 3237 l.

344 3278 554 3345 Aminonius
566 3277 604 3344 in
618 3283 684 3346 cat.
702 3279 818 3362 cord„
836 3281 952 3347 Ambr.
970 3279 1066 3347 Hier.
1081 3279 1175 3369 apud
1193 3278 1276 3365 Tot,
1300 3282 1386 3370 Καρ.
1402 3283 1485 3346 Βοη.
1501 3285 1594 3365 etc).

385 3502 474 3563 Iuvat
489 3501 528 3563 de
544 3501 606 3563 boo
620 3503 690 3564 loco
707 3503 801 3582 plura
820 3503 999 3564 advertere.
1017 3504 1053 3564 ln
1074 3504 1304 3565 commentario
1324 3502 1435 3565 scribit
1460 3500 1525 3563 rot.
1541 3521 1551 3562 :
1568 3520 1626 3582 ego
1641 3511 1673 3563 et

345 3602 440 3660 Pater
465 3616 568 3660 unum
592 3616 718 3674 sumus,
736 3599 832 3661 unius
855 3602 1011 3662 essentiae
1034 3605 1065 3663 et
1085 3602 1263 3680 potestatis.
1283 3603 1317 3662 ln
1336 3601 1539 3662 annotatione
1564 3605 1671 3661 autem

343 3697 422 3758 haee
436 3697 533 3757 habet
549 3714 557 3756 :
576 3721 591 3753 «
605 3696 734 3758 attende
747 3696 802 3758 illa
816 3699 914 3759 verba
929 3715 999 3760 esse
1015 3696 1221 3778 intelligenda
1235 3699 1275 3760 de
1294 3698 1418 3760 unitate
1433 3699 1559 3759 virtutis
1572 3705 1602 3758 et
1615 3715 1670 3777 po-

343 3794 476 3868 tentiae,
493 3794 533 3855 de
547 3793 608 3856 hac
621 3795 708 3856 enim
721 3811 827 3856 sermo
844 3799 907 3869 est,
924 3799 962 3858 ut
976 3795 1019 3857 sit
1039 3813 1174 3858 sensus:
1193 3814 1288 3857 nemo
1301 3797 1340 3858 de
1356 3814 1454 3857 mann
1469 3800 1501 3856 et
1517 3800 1671 3875 potestate

344 3892 445 3953 Patris
459 3898 566 3970 potest
580 3893 722 3971 eripere,
740 3909 815 3972 ergo
834 3911 895 3955 nee
912 3891 1054 3968 demea,
1072 3894 1149 3972 quia
1161 3895 1259 3955 unius
1272 3898 1304 3955 et
1318 3893 1463 3955 eiusdem
1479 3911 1589 3955 sumus
1607 3911 1672 3954 ma-

344 4007 419 4062 nus,
437 3991 564 4051 virtutis
577 4007 615 4052 ac
628 3991 801 4069 potentiae.
819 3992 866 4052 lta
881 3991 1012 4070 exponit
1026 3992 1162 4053 Basilius
1178 3992 1234 4053 lib.
1253 3995 1267 4053 1
1285 3997 1394 4053 contra
1415 3992 1560 4054 Eunomi.
1578 3997 1609 4052 et
1628 3991 1673 4050 sic

344 4088 568 4168 exponendum
594 4105 632 4149 ex
653 4092 803 4150 contextu
826 4088 951 4167 prohat.
977 4089 1098 4150 Eodem
1117 4089 1213 4151 modo
1238 4091 1466 4170 iuterpretatur
1489 4089 1672 4150 ambrosius

344 4186 399 4246 lib.
416 4187 485 4247 3de
501 4185 624 4266 Spiritu
639 4204 665 4246 s.
677 4204 748 4265 cap.
763 4189 802 4249 18
817 4188 850 4248 et
865 4186 919 4246 lib.
935 4190 949 4246 l
968 4186 1007 4247 de
1020 4187 1082 4248 tlde
1098 4204 1167 4265 cap.
1183 4192 1196 4248 t
1218 4194 1249 4248 et
1262 4188 1505 4267 chrysostomus
1521 4186 1607 4246 hom.
1619 4187 1669 4257 6ος

343 4301 443 4362 eaque
463 4284 586 4345 ratione
607 4285 715 4344 Patres
736 4288 958 4365 opposuerunt
976 4283 1144 4345 haereticis
1165 4286 1289 4346 Arianis
1304 4285 1365 4346 hoc
1384 4285 1618 4354 testimonium,
1639 4292 1672 4344 ut

343 4384 513 4459 probarent
534 4380 634 4442 Patris
656 4385 688 4441 et
702 4381 777 4441 Filii
796 4380 1164 4444 consubstantialitatem
1182 4405 1209 4442 n.
1231 4385 1270 4444 Et
1288 4381 1387 4443 Motd.
1407 4383 1510 4444 dicit:
1529 4407 1544 4436 «
1560 4399 1671 4443 omnes

343 4480 398 4556 qui
415 4485 525 4541 contra
543 4479 674 4540 Arianos
687 4495 830 4557 unquam
845 4480 1065 4560 disputarunt,
1080 4480 1141 4542 hoc
1154 4480 1344 4560 cumprimis
1357 4480 1540 4541 testimonio
1556 4496 1610 4540 eos
1626 4498 1671 4540 re-

343 4575 487 4636 tuterunt
504 4602 517 4632 »
540 4584 572 4638 et
590 4575 778 4638 testimonia
796 4581 847 4637 sat
866 4577 968 4639 multa
985 4577 1112 4656 allegat.
1130 4579 1171 4639 Et
1186 4580 1302 4639 merito
1321 4585 1412 4639 notat
1433 4574 1517 4639 Corl.
1538 4595 1547 4635 :
1565 4577 1671 4637 «haee

343 4674 501 4734 sententia
515 4674 630 4735 Christi
651 4689 781 4752 semper
793 4672 905 4736 habita
920 4679 970 4737 est
985 4678 1021 4737 ut
1034 4672 1194 4755 dogmatis
1215 4674 1555 4736 consubstantialitatis
1576 4673 1669 4735 Verbi

344 4790 416 4833 curn
430 4773 520 4832 Patre
533 4771 673 4850 formula
684 4770 914 4853 scriptarutica
930 4796 957 4833 ».
