4050 5648
300 701 364 771 hoc
385 703 526 773 demum
545 697 701 766 absoluto
716 705 751 768 et
769 702 885 770 divina
899 700 1117 771 ordinatione
1135 697 1325 790 completa,
1339 702 1489 792 sequeris
1506 712 1625 767 autem

293 823 437 901 postea;
448 810 556 893 negat
575 806 751 896 sequelam
765 830 830 900 pro
846 806 1035 898 praesenti,
1050 805 1110 873 sed
1124 812 1255 875 certam
1271 826 1337 895 pro
1351 806 1467 877 futuro
1483 806 1628 899 promis·

299 917 431 985 sionem
450 911 618 980 concedit.
635 914 701 982 alii
722 936 860 983 causam
879 938 941 985 cur
962 909 1064 980 modo
1080 934 1152 981 non
1170 916 1279 1004 possit
1294 913 1391 1004 sequi
1409 917 1570 1007 repetunt
1588 933 1628 979 ex

298 1023 372 1091 eius
385 1017 455 1086 fide
467 1016 686 1108 imperiecta;
704 1047 721 1082 ιι
736 1017 820 1111 quid
834 1020 987 1101 leaenas,
1005 1023 1124 1088 Petrei
1139 1020 1297 1089 nondum
1315 1025 1350 1088 tc
1363 1040 1425 1087 suo
1439 1020 1562 1111 spiritu
1573 1040 1630 1087 so-

299 1125 421 1193 lidavit
447 1128 558 1215 petra3
584 1127 657 1194 noli
675 1124 791 1193 extolli
811 1123 1059 1215 praesumendo
1081 1153 1099 1189 ο
1127 1126 1234 1217 (Aug.
1259 1127 1337 1194 sim.
1361 1127 1441 1214 Cpr.
1466 1129 1632 1197 Ammon.

303 1235 388 1320 Rup.
405 1230 482 1299 Alb.
501 1232 631 1319 Tlom.)
643 1252 652 1312 ;
664 1230 857 1299 melinsalii
870 1253 1006 1301 caumm
1021 1237 1182 1323 repetunt
1196 1254 1389 1301 exmunere
1396 1230 1489 1324 quod
1501 1232 1631 1302 obeun-

300 1335 385 1405 dum
404 1338 436 1406 ei
450 1344 524 1407 erat
539 1339 653 1429 (Apol.
666 1337 703 1404 in
717 1338 897 1429 catScltq.
909 1336 1026 1428 Scir.)
1044 1338 1153 1407 etalii
1167 1361 1207 1406 ex
1222 1342 1367 1430 utraque
1381 1338 1513 1407 ratione
1530 1359 1540 1406 τ
1556 1345 1631 1406 tum

191 1465 196 1472 ·
300 1465 340 1510 ex
360 1443 474 1512 oiiicio
489 1444 583 1536 quod
602 1447 703 1511 antea
720 1442 936 1533 implendum
951 1449 1041 1529 erat,
1060 1450 1136 1512 tum
1149 1466 1191 1512 ex
1209 1444 1282 1512 eius
1296 1444 1429 1513 viribus
1447 1444 1563 1513 adbuc
1576 1444 1632 1512 in·

299 1549 424 1634 firmis,
448 1550 605 1619 nondum
629 1549 800 1640 Spiritus.
821 1555 962 1642 accepto
975 1549 1146 1619 roboratis
1164 1551 1272 1640 (lans.
1295 1550 1366 1618 Tol.
1381 1550 1492 1621 Madd.
1513 1550 1629 1643 lap).

300 1656 368 1726 Sed
380 1662 499 1748 postea
516 1656 613 1746 sequi
635 1660 733 1723 Petro
751 1677 819 1723 non
834 1657 972 1725 videtur
989 1657 1088 1740 satis3
1111 1684 1128 1719 ιι
1149 1678 1186 1725 se
1201 1656 1303 1727 modo
1316 1679 1385 1726 nou
1398 1679 1497 1748 posse
1516 1679 1629 1726 acon·

297 1763 427 1831 siderat
440 1763 537 1852 quasi
562 1761 629 1829 sibi
649 1762 800 1830 delemus
812 1762 1035 1831 iortitudinis
1048 1786 1089 1832 ac
1102 1762 1279 1831 fidelitatis
1297 1763 1521 1847 obiiceretur3
1539 1763 1632 1832 unde

298 1892 331 1937 v.
350 1874 392 1935 37
408 1865 493 1936 dicit
509 1868 543 1936 ei
563 1871 686 1936 Petrus
707 1890 840 1958 :quare
858 1892 929 1937 non
941 1891 1082 1961 possum
1104 1882 1137 1936 te
1150 1869 1251 1960 sequi
1264 1869 1388 1937 modo?
1404 1870 1561 1938 nondum
1578 1868 1632 1937 di-

298 1974 383 2043 dicit
403 1975 509 2043 verbo
533 1974 668 2042 Domini
681 1976 913 2065 acquiescere,
930 1976 1090 2066 quamvis
1108 1976 1146 2043 in
1166 1977 1297 2045 lotione
1316 1976 1444 2067 pedum
1465 1999 1507 2045 ea
1527 1975 1572 2045 de
1593 1999 1632 2045 re

298 2088 387 2150 esset
407 2081 574 2150 achrisio
592 2081 835 2173 reprehensus3
857 2087 891 2150 et
911 2104 948 2151 se
969 2103 1070 2173 posse
1090 2083 1165 2151 vult
1187 2105 1226 2151 ex
1245 2081 1441 2152 abundanti
1454 2082 1629 2174 probare:

299 2189 455 2257 animam
470 2210 583 2256 meam
601 2192 669 2280 pro
693 2202 725 2255 te
740 2210 871 2280 porram
893 2195 1034 2280 paratus
1055 2210 1131 2258 sum
1153 2211 1217 2280 pro
1230 2195 1263 2257 te
1285 2190 1389 2258 mori!
1407 2190 1509 2281 quale
1522 2190 1632 2279 igitur

300 2293 493 2387 periculum
513 2317 569 2363 me
582 2301 697 2386 posset
717 2318 738 2362 a
753 2301 786 2363 te
808 2318 984 2386 separare,
1009 2296 1092 2386 quia
1105 2318 1151 2364 ne
1168 2295 1289 2364 mortis
1302 2296 1443 2388 quidem
1457 2295 1563 2364 timor
1576 2318 1633 2365 me

301 2399 512 2469 retardabit?
527 2400 677 2469 Nimiam
696 2401 769 2470 eius
787 2400 1031 2470 confidentiam
1051 2401 1204 2470 Christus
1217 2401 1371 2489 retundit
1382 2425 1416 2470 v.
1433 2407 1476 2471 38
1490 2423 1632 2492 respon·

301 2506 355 2575 dit
375 2507 409 2575 ei
421 2510 516 2576 lesus
535 2530 548 2574 .·
564 2507 718 2576 animam
733 2521 827 2575 taam
840 2530 908 2599 pro
922 2530 976 2575 me
985 2510 1119 2598 pones?
1134 2514 1304 2599 quantum
1319 2509 1401 2578 abes
1414 2530 1436 2577 a
1449 2509 1511 2577 tali
1525 2509 1635 2578 animi

300 2614 441 2683 robore!
453 2637 566 2700 omen,
583 2637 686 2682 amen
697 2614 774 2682 dico
788 2614 862 2700 tibi,
875 2636 946 2682 non
959 2614 1112 2682 cantabit
1125 2614 1256 2705 polleas,
1268 2614 1436 2683 domator
1450 2637 1633 2707 menopes,

301 2720 326 2787 i.
344 2743 376 2788 e.
400 2727 453 2789 ter
472 2723 619 2809 negabis
637 2743 693 2789 me
713 2743 812 2790 nosse
835 2727 915 2790 ante
935 2720 1169 2809 gallicinium,
1192 2743 1281 2812 quae
1302 2727 1353 2790 est
1372 2727 1497 2812 quarta
1514 2727 1549 2790 et
1568 2744 1633 2813 po·

302 2832 431 2896 strcma
442 2827 550 2897 noctis
563 2850 644 2918 para
663 2828 711 2895 sio
729 2833 850 2896 vocata
866 2827 1011 2918 (Patr.);
1027 2830 1129 2919 proin
1145 2834 1225 2897 ante
1238 2828 1341 2897 huius
1349 2828 1457 2919 ipsius
1468 2829 1576 2897 noctis
1593 2829 1633 2897 fi·

304 2956 385 3003 nem
396 2935 467 3003 iam
480 2939 579 3003 tuum
588 2935 682 3024 quod
692 2935 797 3002 iactas
812 2934 919 3002 robur
931 2935 1123 3003 miserrime
1135 2940 1170 3003 tc
1179 2935 1334 3024 reliquit!
1349 2936 1635 3025 «eccequomodo

303 3042 367 3110 libi
381 3042 449 3111 cito
468 3040 650 3132 apparebis
658 3042 719 3131 qui
731 3061 859 3128 magna
877 3041 1029 3130 loqueris
1039 3047 1073 3109 el
1084 3047 1117 3109 te
1133 3041 1316 3130 parvulum
1330 3044 1456 3122 nescis3
1479 3043 1538 3132 qui
1549 3042 1636 3110 mihi

303 3149 478 3240 promittis
503 3156 648 3217 mortem
668 3155 775 3232 tuam,
794 3152 848 3215 ter
867 3147 1013 3236 negabis
1035 3148 1141 3216 vitam
1162 3152 1276 3229 tuam3
1302 3148 1363 3239 qui
1386 3154 1419 3215 te
1441 3149 1512 3217 iam
1535 3155 1635 3240 putas

303 3256 392 3324 mori
411 3276 508 3347 posse
527 3277 590 3346 pro
608 3276 681 3338 mc,
699 3255 795 3345 prius
816 3254 893 3321 vive
910 3276 973 3346 pro
995 3260 1028 3321 te
1053 3274 1062 3322 :
1080 3276 1162 3322 nam
1183 3254 1338 3323 timendo
1360 3261 1505 3323 mortem
1524 3254 1637 3325 carnis
1678 3341 1681 3346 Ι

304 3369 384 3431 tuae
402 3368 547 3430 mortem
568 3360 668 3429 dabis
685 3361 820 3428 animae
839 3365 938 3444 tuae;
957 3365 1088 3452 quanta
1105 3361 1198 3429 enim
1213 3360 1285 3429 viia
1305 3366 1355 3430 est
1368 3361 1524 3430 confiteri
1538 3362 1637 3430 Chri-

305 3475 412 3553 stum,
433 3474 529 3537 tanta
543 3489 638 3535 mors
651 3474 701 3535 est
715 3488 841 3555 negare
858 3467 1028 3534 Christum
1046 3495 1061 3527 r
1084 3466 1219 3557 (Auo).

589 3716 617 3787 d)
634 3721 727 3785 Quae
741 3720 830 3772 bona
847 3717 1186 3782 praemonueram
1204 3718 1350 3783 14‚1-14.

347 3917 418 3979 ΜΛ.
432 3918 498 3968 Non
507 3916 634 3968 turbetur
643 3928 691 3967 cor
701 3921 834 3967 vestrum.
849 3914 947 3967 credi·
1036 3913 1078 3979 il,
1102 3913 1126 3965 1.
1154 3912 1199 3968 Μὴ
1225 3911 1383 3982 ταρασσέσθω
1401 3909 1471 3982 iprae
1497 3910 1514 3978 ἡ
1537 3912 1636 3983 καρδία·

307 4010 345 4061 iis
358 4009 388 4058 in
404 4008 509 4068 Deum,
525 4012 554 4058 et
572 4007 602 4055 in
620 4018 665 4056 me
679 4005 793 4056 credite.
809 4004 836 4054 2.
852 4004 884 4054 In
897 4003 948 4054 do·
997 3998 1122 4053 τιστιῦιτι
1141 3997 1175 4062 ιίς
1192 3999 1237 4053 τοι
1256 3997 1335 4065 Orba,
1360 3999 1402 4053 καὶ
1420 3999 1454 4063 εἰς
1471 4000 1515 4071 api
1536 4001 1638 4055 πιστεύ-

310 4112 356 4149 mo
370 4097 525 4148 Parrismer
538 4097 700 4146 mansiones
711 4094 815 4144 multae
829 4099 905 4145 sunt.
919 4093 949 4143 Sl
999 4107 1047 4142 αττ.
1068 4092 1095 4143 i.
1119 4085 1145 4141 lu
1164 4092 1197 4160 τῇ
1219 4087 1287 4159 οἰκίᾳ
1313 4093 1357 4142 τοῦ
1379 4090 1470 4160 πατρός
1494 4108 1541 4161 μου
1562 4090 1637 4160 μοναὶ

311 4201 368 4253 quo
390 4187 498 4244 minus,
519 4184 652 4235 dixissem
674 4183 768 4244 vobis,
793 4185 859 4248 quia
877 4181 950 4232 vado
999 4175 1092 4232 mimi
1109 4175 1181 4230 εἰσιν·
1207 4175 1229 4231 al
1251 4176 1279 4231 oi
1302 4175 1353 4249 μὴ,
1373 4175 1446 4232 εἶτον
1465 4178 1496 4230 ἂν
1519 4178 1580 4250 epia
1599 4181 1639 4233 ὅτι

311 4288 410 4342 parare
430 4274 511 4325 vobis
527 4274 629 4323 locum.
646 4273 672 4323 3.
695 4272 729 4322 Et
753 4274 777 4323 sl
795 4273 906 4332 abiero,
922 4277 950 4322 ot
999 4265 1134 4337 τοριῦοραι
1152 4264 1281 4337 ίτοιμάσαι
1299 4267 1376 4321 τόποι
1395 4266 1467 4338 ipio.
1488 4269 1515 4323 ³.
1536 4276 1576 4322 καὶ
1596 4266 1639 4320 lla

312 4375 518 4431 praeparavero
531 4362 724 4422 vobislooum‚
741 4364 840 4412 iterum
855 4363 948 4421 venio,
1000 4355 1111 4426 πορευθῶ
1136 4354 1180 4407 καὶ
1209 4352 1334 4426 ἑτοιμάσω
1361 4357 1437 4410 τόπον
1463 4355 1539 4427 ὑμῖν,
1564 4345 1639 4410 ,τάλιι

312 4459 340 4507 et
354 4456 489 4519 accipiam
503 4464 555 4502 vos
566 4450 602 4501 ad
614 4464 659 4502 me
674 4452 774 4515 ipsum,
786 4456 816 4501 ut
826 4450 874 4500 ubi
889 4463 950 4500 sum
1000 4443 1106 4517 ῐργοραι
1123 4442 1166 4496 καὶ
1183 4443 1381 4517 παραλήμψομαι
1401 4445 1464 4516 ὑμᾶς
1486 4445 1546 4516 στρος
1567 4444 1641 4517 ipae

312 4558 381 4609 ego,
402 4547 430 4595 et
448 4555 500 4592 vos
519 4541 589 4591 sitis.
617 4540 641 4590 i.
667 4540 702 4591 Et
727 4552 783 4603 quo
806 4551 860 4603 ego
878 4538 951 4589 vado
1000 4533 1058 4595 τόν,
1076 4532 1133 4594 ἵνα,
1163 4534 1225 4586 ὅσιοι
1254 4533 1305 4606 alpi
1329 4534 1395 4603 ἐγὼ,
1425 4534 1467 4587 οιαὶ
1493 4534 1565 4605 ὑμεῖς
1583 4531 1638 4602 ἥτε.

309 4636 397 4695 scitia,
413 4638 441 4684 et
455 4633 530 4683 viam
543 4630 631 4680 acius,
1001 4625 1027 4675 i.
1043 4620 1085 4673 καὶ
1097 4622 1160 4675 ὅπου
1175 4620 1227 4693 ἐγὼ
1239 4622 1344 4696 ὑπάγω,
1364 4622 1449 4676 οἴδατε
1464 4621 1509 4690 τὴν
1524 4623 1595 4678 ὁδόν.

349 4725 374 4773 5.
387 4723 461 4774 Dicit
472 4721 499 4772 ei
510 4719 653 4770 Thomas:
670 4718 797 4777 Domine,
811 4717 951 4767 nescimus
1036 4715 1062 4764 5.
1082 4711 1155 4782 Λέγει
1181 4710 1250 4784 αὐτῷ
1269 4711 1374 4784 Sapis,
1400 4712 1471 4785 Κύριε
1497 4712 1541 4766 οὐκ
1565 4712 1639 4767 οἴδα-

309 4824 366 4876 quo
384 4811 479 4872 vadis3
500 4811 528 4861 ei
551 4806 691 4872 quomodo
710 4818 859 4870 possumus
878 4806 950 4854 viam
1001 4818 1044 4870 μιν
1071 4804 1119 4853 τοῦ
1146 4799 1257 4872 ὑπάγεις·
1288 4807 1339 4864 ιιῶς
1357 4799 1461 4874 οἴδαμεν
1489 4801 1535 4868 τὴν
1563 4802 1637 4868 dida,

311 4900 401 4952 scire?
416 4900 441 4950 6.
463 4900 537 4950 Dicit
555 4897 581 4948 ei
610 4896 710 4946 Iesus:
733 4896 792 4959 Ego
812 4906 875 4944 sum
888 4894 948 4952 via,
1001 4892 1026 4942 6.
1047 4888 1115 4960 λέγει
1133 4888 1200 4960 αιίτῷ
1218 4890 1232 4942 d
1252 4888 1363 4959 Ἰησοῦς,
1386 4889 1457 4963 Ἐγώ
1476 4891 1561 4964 ciprii
1582 4891 1639 4954 ὁδὀς

310 4994 339 5040 et
357 4989 476 5049 veritas,
497 4992 526 5039 et
543 4988 611 5037 vita.
632 4984 722 5035 Nemo
744 4984 821 5034 venii
839 4981 875 5033 ad
895 4982 950 5033 Pa·
1000 4977 1043 5030 acl
1065 4977 1081 5044 ἡ
1110 4977 1215 5045 diuidere
1233 4980 1275 5032 aral
1298 4978 1314 5046 ἢ
1338 4980 1402 5048 ζωή·
1433 4981 1514 5043 οὐδεὶς
1539 4981 1639 5055 ῐργτται
