4116 5648
307 520 421 582 autem
449 517 614 605 apostolis
639 536 756 584 versus
782 521 832 583 est
858 515 970 584 luctus
991 517 1027 583 in
1051 514 1219 601 gaudium
1242 522 1277 583 et
1300 518 1505 605 perpetuum
1527 515 1637 586 animi

307 623 473 707 gaudium
501 621 707 709 germinavit
733 623 859 712 (Cyn).
887 626 1011 690 lterum
1035 621 1187 689 cernitur
1214 627 1304 689 lesus
1329 643 1406 690 suos
1430 621 1568 708 origem
1596 647 1636 693 ac
1770 627 1774 636 '

307 727 487 795 consolans
502 737 535 796 et
555 727 657 795 fidem
674 751 792 797 eorum
814 730 978 797 roborans
993 728 1053 816 qui
1069 734 1167 797 testes
1181 750 1252 794 esse
1271 728 1398 797 debent
1411 735 1445 796 et
1459 727 1638 818 praedice-

308 841 397 901 tores
411 835 669 902 resurrectionis
690 837 775 925 (not.
803 841 896 915 ¹223
921 840 1049 916 2321
1073 839 1148 902 Cor.
1169 840 1246 913 15‚3
1269 835 1375 923 seq.);
1394 864 1411 897 «
1437 836 1526 902 clavi
1546 835 1637 902 enim
1748 840 1763 874 ·'

308 961 428 1006 manus
440 941 600 1020 fixerant,
613 941 732 1009 laneca
744 940 830 1007 latus
845 944 917 1009 eius
934 947 1132 1030 aperuerat3
1146 939 1207 1007 ubi
1222 940 1266 1006 ed
1282 939 1518 1008 dubitantium
1534 940 1637 1008 corda

305 1046 460 1114 sananda
480 1045 659 1115 vulnerum
674 1053 752 1114 sunt
766 1056 897 1116 servata
914 1048 1056 1133 vestigia
1073 1078 1088 1109 »
1105 1047 1257 1136 (Accpt'

351 1159 472 1220 Verum
487 1174 558 1219 non
572 1155 684 1221 solum
703 1153 889 1244 discipulos
904 1155 1014 1244 primo
1030 1154 1287 1222 resurrectionis
1301 1153 1357 1219 die
1374 1153 1492 1219 statim
1507 1154 1635 1240 gaudio

306 1259 440 1326 afficere
459 1258 585 1344 voluit,
602 1259 661 1327 sed
685 1260 847 1328 omnibus
867 1261 967 1328 nobis
983 1261 1097 1327 statim
1112 1261 1244 1328 bonum
1264 1258 1451 1326 maximum
1473 1259 1588 1347 legare
1600 1261 1637 1327 in

308 1367 392 1432 votis
411 1366 544 1434 babuit.
569 1372 612 1433 Ex
627 1366 785 1434 thesauro
801 1369 895 1435 enim
914 1367 1116 1435 meritorum
1134 1366 1300 1457 apostolis
1312 1372 1346 1432 et
1366 1388 1486 1434 corum
1506 1388 1637 1434 sueces-
1756 1397 1757 1400 ¹

305 1470 439 1538 soribus
455 1474 578 1541 miram
593 1472 689 1539 illam
702 1475 833 1541 confert
847 1479 1049 1564 potestatem
1067 1473 1265 1541 remittendi
1281 1478 1436 1563 peccatu.
1451 1472 1501 1539 Ad
1521 1471 1635 1540 Eccle-

304 1580 389 1645 siam
408 1599 504 1646 suam
520 1588 553 1647 et
567 1578 611 1646 ed
624 1581 778 1646 omnium
791 1603 932 1647 suorum
947 1580 1102 1648 fidelium
1118 1580 1304 1648 utilitatem
1319 1583 1354 1646 et
1367 1578 1637 1647 consolationem

305 1684 465 1752 continuo
481 1687 556 1753 vult
575 1686 774 1777 impendere
788 1688 881 1774 quod
897 1688 1051 1777 passione
1070 1692 1103 1754 et
1124 1693 1233 1754 morte
1247 1708 1309 1754 sua
1329 1685 1430 1753 nobis
1447 1685 1638 1776 promeruit

307 1813 336 1856 v.
356 1798 396 1856 21
423 1791 513 1858 dixit
530 1815 609 1881 erqo
633 1793 681 1859 eis
700 1793 826 1860 iterum
849 1816 862 1858 .·
877 1815 950 1883 pax
972 1794 1084 1877 oobis;
1102 1792 1191 1860 sicut
1211 1793 1305 1860 misit
1326 1815 1380 1859 me
1398 1795 1502 1859 Pater
1520 1805 1552 1859 ct
1573 1813 1637 1882 eqo

306 1897 402 1963 initio
422 1920 499 1984 vos,·
512 1921 625 1988 neque
641 1899 732 1966 ultra
747 1904 880 1967 Patrem
896 1908 1012 1989 rogat,
1027 1899 1086 1967 sed
1101 1901 1303 1968 auctoritate
1317 1922 1379 1967 sua
1393 1899 1462 1966 illis
1475 1898 1637 1966 virtutem

305 2003 393 2070 indit
423 2005 551 2094 (cl2·.);
577 2005 682 2073 tradit
708 2007 755 2073 cis
782 2029 870 2097 opus
892 2029 993 2074 suum
1022 2007 1090 2073 sibi
1122 2029 1180 2074 eos
1199 2028 1408 2073 successores
1429 2005 1639 2073 constituens

306 2109 455 2197 (ΕιιΙΙι.);
480 2141 496 2173 «
511 2113 598 2179 sicut
612 2117 711 2179 Pater
730 2135 784 2180 me
807 2115 900 2179 misit
919 2115 954 2179 in
971 2113 1157 2196 mundum,
1176 2114 1225 2179 ita
1239 2117 1274 2179 et
1288 2134 1354 2198 ego
1371 2111 1470 2178 mitto
1490 2133 1567 2193 vos,
1583 2111 1637 2178 ni·

306 2219 429 2284 mirum
451 2225 489 2284 ut
510 2224 620 2285 vestra
641 2219 900 2308 praedicatione
921 2227 952 2287 et
971 2219 1042 2286 vita
1059 2219 1208 2306 gloriam
1226 2219 1336 2286 Patris
1351 2223 1384 2285 et
1406 2217 1557 2285 nominis
1571 2217 1639 2285 mei

305 2329 338 2389 et
357 2325 500 2391 salutem
518 2326 696 2393 hominum
714 2326 960 2416 promoveatis,
984 2327 1071 2393 sicut
1089 2348 1155 2413 ego
1179 2325 1373 2413 glorificavi
1388 2346 1515 2393 nomen
1532 2325 1639 2393 Patris

305 2437 338 2496 et
354 2431 499 2498 salutem
520 2433 699 2499 bominum
721 2433 887 2522 quaesivi.
909 2433 966 2500 llis
987 2440 1100 2500 autem
1122 2432 1235 2500 verbis
1251 2432 1339 2498 sicut
1359 2453 1457 2498 suam
1476 2432 1637 2499 Dominus

305 2537 454 2605 insinuat
470 2539 702 2621 divinitatem,
720 2539 804 2607 dum
825 2563 859 2607 se
877 2540 969 2607 Patri
989 2545 1113 2629 aequm
1133 2539 1170 2605 in
1188 2537 1375 2620 mittendo,
1393 2537 1442 2604 ita
1458 2543 1492 2604 et
1505 2543 1639 2628 aposto-

306 2645 416 2711 lorum
430 2645 559 2713 indicat
574 2647 824 2729 excellentiam,
841 2646 926 2714 dum
944 2645 1023 2712 illos
1040 2645 1183 2712 vicarios
1200 2644 1344 2712 traditae
1358 2644 1427 2712 sibi
1440 2643 1522 2710 olim
1540 2644 1637 2712 iuno-

306 2751 406 2817 tionis
421 2752 503 2818 lacit
520 2781 535 2812 η
555 2753 689 2841 (lons).
703 2758 812 2842 Atque
823 2752 952 2841 optime
971 2751 1091 2843 incipit
1103 2753 1147 2818 ab
1163 2752 1452 2842 apprecationeet
1465 2750 1638 2819 mentione

305 2858 414 2946 pacis;
432 2880 528 2939 nam,
547 2865 584 2926 ut
604 2862 690 2949 Bnp.
712 2864 824 2941 notat,
846 2887 862 2920 «
882 2859 1056 2948 quomodo
1069 2858 1162 2925 enim
1178 2858 1232 2925 vel
1252 2858 1296 2925 ad
1314 2857 1397 2947 quid
1411 2857 1506 2924 misit
1517 2856 1638 2926 Filium

306 2969 413 3045 Pater,
432 2966 496 3032 nisi
511 2973 549 3032 nt
569 2969 660 3033 inter
674 2972 780 3034 [teum
799 2973 834 3032 et
851 2965 1010 3032 homines
1025 2987 1143 3056 pacem
1162 2965 1313 3032 faceret?
1330 2963 1505 3054 quomodo
1520 2963 1638 3031 itidem

305 3071 357 3137 vel
377 3072 422 3137 ad
444 3072 528 3162 quid
549 3095 628 3140 suos
648 3073 685 3140 in
703 3073 901 3139 universum
922 3072 1091 3139 mundum
1114 3072 1219 3138 mittit
1242 3071 1342 3138 Filius
1363 3070 1636 3161 praedicatores,

305 3178 368 3243 nisi
381 3178 424 3244 ad
440 3180 504 3245 hoe
519 3185 557 3246 ut
571 3180 728 3247 inimicos
737 3185 804 3246 Deo
821 3179 1045 3246 reconcilient
1060 3179 1217 3246 homines
1233 3182 1273 3244 »t
1288 3178 1332 3243 cf.
1353 3184 1374 3243 2
1390 3182 1466 3246 Cor.
1484 3182 1636 3258 nis-uo.

350 3283 398 3350 Ad
419 3307 523 3374 quam
545 3308 665 3376 pacem
689 3293 723 3352 et
748 3285 1067 3354 reconciliationem
1089 3284 1307 3352 efficiendam
1336 3285 1483 3352 maxime
1507 3284 1640 3351 coniert

305 3399 453 3480 potestas
466 3392 527 3458 illa
541 3415 646 3481 quem
661 3392 766 3460 tradit
780 3397 814 3459 et
829 3415 918 3482 quae
932 3399 982 3459 est
995 3391 1119 3458 eximia
1140 3391 1312 3480 quaedam
1326 3412 1407 3480 pars
1419 3389 1514 3457 illius
1530 3411 1538 3456 :
1552 3391 1640 3457 sicut

193 3546 196 3552 -
307 3497 397 3563 misit
423 3519 476 3564 me
494 3504 591 3566 Pater
606 3505 639 3567 et
660 3521 726 3587 ego
747 3499 845 3567 mitto
866 3521 942 3578 vos;
962 3523 994 3564 v.
1014 3505 1055 3564 22
1075 3497 1156 3564 iaec
1173 3496 1423 3580 camiliacinsi,
1443 3496 1639 3586 insufflavit
1723 3568 1726 3571 ,

304 3616 336 3669 ct
348 3602 439 3669 dicit
453 3605 501 3671 eis
517 3626 529 3672 .·
549 3607 695 3697 occipite
710 3606 880 3696 Spiritum
897 3618 1076 3687 sanctum,·
1090 3607 1191 3692 signo
1211 3610 1350 3671 externo
1367 3603 1404 3671 id
1420 3603 1512 3694 quod
1528 3601 1641 3670 verbis

304 3710 455 3778 declarat
472 3712 643 3802 exprimit.
664 3713 874 3780 lnsulilando
895 3712 954 3780 det
969 3714 1133 3803 Spiritum
1150 3718 1323 3790 sanctum,
1345 3717 1382 3778 ut
1397 3711 1509 3800 ipsam
1531 3709 1640 3800 Spiri-

306 3825 358 3884 tus
376 3819 481 3903 saucti
499 3826 656 3886 naturam
678 3820 885 3899 declararet;
909 3825 961 3886 est
979 3820 1073 3886 enim
1092 3818 1198 3885 veluti
1212 3818 1313 3885 flatus
1328 3816 1468 3907 quidam
1487 3816 1593 3883 Patris
1607 3822 1642 3883 et

307 3925 379 3990 Filii
395 3930 430 3990 et
444 3947 571 3993 nomen
583 3929 695 4016 ipsum
711 3926 856 4015 Spiritus
870 3926 990 3993 flatum
1004 3923 1350 4012 designat3habebat
1364 3923 1457 3990 enim
1473 3924 1538 3989 hoc
1551 3923 1639 3989 ima-

304 4023 421 4118 ginem
445 4033 619 4120 quandam
644 4033 865 4111 sacramenti,
891 4033 928 4100 in
955 4055 1023 4122 quo
1046 4037 1227 4098 externum
1254 4030 1450 4118 symbolum
1475 4029 1636 4119 Spiritum

305 4143 459 4205 sanctum
481 4141 540 4226 qui
562 4141 765 4207 intrinsecus
780 4139 941 4216 dabatur,
963 4138 1181 4225 significabat
1200 4136 1336 4224 (Mald.)
1368 4141 1409 4203 ut
1435 4135 1557 4203 merito
1576 4157 1642 4202 no-

306 4252 378 4311 tant
392 4245 599 4313 insufflando
613 4253 646 4313 ct
659 4246 775 4312 dando
789 4247 952 4335 Spiritum
967 4244 1161 4332 significare
1178 4245 1366 4324 Christum,
1386 4242 1554 4333 Spiritum
1569 4263 1639 4308 non
1665 4238 1670 4248 ’

306 4375 375 4420 esse
398 4354 503 4417 Patris
524 4353 629 4420 solius
648 4353 830 4444 Spiritum,
853 4352 966 4419 sedet
989 4374 1088 4418 suum
1110 4352 1216 4441 (Any.
1243 4351 1361 4440 lton),
1385 4349 1553 4439 Spiritum
1576 4369 1641 4437 per
1757 4409 1759 4413 .

306 4460 417 4547 ipsum
441 4481 461 4525 e
482 4464 580 4525 Patre
605 4459 792 4549 procedere
821 4480 961 4548 esseque
987 4456 1314 4525 consubstantialem
1337 4453 1462 4545 (Cyn).
1490 4459 1529 4520 ut
1550 4453 1638 4522 sicut

306 4564 389 4631 olim
407 4572 492 4632 [teus
513 4565 663 4633 animam
680 4573 713 4632 et
733 4566 839 4631 vitam
862 4564 958 4632 dedit
980 4563 1180 4654 inspirando
1205 4563 1382 4629 infaciem
1402 4561 1511 4629 Adam
1529 4560 1639 4651 spira-

305 4672 419 4737 culum
439 4675 527 4739 vitae
551 4673 732 4754 naturalis,
759 4673 807 4738 ite
826 4671 978 4738 Christus
998 4671 1205 4738 insufflando
1232 4670 1339 4737 voluit
1363 4668 1447 4735 dare
1471 4666 1635 4756 Spiritum

306 4785 459 4845 sanctum
482 4780 679 4866 largitorem
700 4779 790 4847 vitae
804 4779 1077 4869 supernaturalis
1096 4777 1258 4867 (Tirone).
1276 4776 1360 4853 Quia
1375 4774 1527 4843 Christus
1540 4773 1635 4840 dixe-
