4116 5648
828 496 910 542 roan.
931 456 1093 552 ’19,39’-11.

301 636 408 700 lesum
433 633 625 700 reverentia
648 657 680 700 v.
706 638 748 698 39
769 632 861 699 venit
889 642 1005 700 autem
1029 644 1063 697 et
1087 631 1309 717 Nicodemtn,
1334 631 1396 720 qui
1418 647 1555 702 venerat
1574 631 1623 701 ad

297 743 407 807 Iesum
430 750 527 804 nocte
540 739 697 829 primum
702 757 717 819 ,·
731 736 773 802 cl.
792 743 954 828 2,1seq.,
969 735 1087 822 serens
1104 739 1292 806 mixturam
1306 736 1466 828 myrrhae
1480 754 1512 804 ct
1529 741 1621 809 aloes

295 844 395 934 quasi
411 842 514 912 libras
531 860 689 928 centum·
701 843 786 910 haec
806 846 897 914 solus
908 850 1028 910 narrat
1043 849 1199 924 loannes;
1217 846 1418 913 Nicodemus
1432 844 1535 910 etiam
1551 835 1619 914 iam

294 951 329 1015 in
345 951 428 1016 festo
441 951 740 1020 tabernaculorum
755 973 857 1019 ausus
872 955 946 1018 erat
961 950 1157 1038 pharisaeos
1170 972 1307 1018 monere
1322 952 1365 1019 dc
1381 975 1443 1019 sua
1456 951 1493 1019 in
1513 954 1619 1020 lesum

294 1055 420 1123 iniusta
442 1058 570 1146 agendi
594 1055 728 1122 ratione
744 1057 851 1147 (7,50.
883 1061 957 1144 51);
978 1057 1135 1144 myrrha,
1151 1065 1282 1142 σμύρνα,
1298 1079 1417 1125 aroma
1434 1059 1619 1149 pretiosum

294 1164 384 1251 quod
405 1187 444 1232 ex
465 1165 590 1232 arbore
608 1161 731 1247 stillat,
749 1167 805 1232 cui
830 1188 850 1232 a
874 1161 993 1255 peritis
1017 1184 1143 1230 nomen
1164 1161 1295 1229 inditur
1311 1151 1621 1233 balsamodendron

295 1272 453 1358 myrrha3
471 1269 639 1338 eiusmodi
660 1268 802 1338 arbores
830 1271 868 1337 in
898 1269 1041 1352 Arabia,
1063 1268 1263 1359 Aethiopia,
1284 1269 1378 1358 apud
1402 1269 1501 1336 lndos
1525 1259 1620 1361 repe·
1688 1344 1690 1351 ,

294 1377 446 1453 riunlur3
470 1375 574 1442 etiam
592 1375 750 1444 incisuris
764 1377 801 1444 in
822 1376 983 1445 corticem
1000 1377 1100 1444 lactis
1114 1398 1234 1453 succus
1245 1376 1304 1442 ille
1317 1376 1526 1466 acquiritur;
1543 1379 1618 1446 aloc

293 1492 344 1550 est
358 1483 495 1570 lignum
511 1481 735 1567 odoriferum,
753 1483 993 1564 aromaticum,
1006 1483 1100 1574 quod
1116 1482 1160 1550 ad
1171 1483 1399 1570 thymiamata
1407 1482 1618 1551 conficienda

293 1595 327 1657 ct
350 1589 395 1656 ad
414 1587 609 1656 condienda
633 1591 803 1658 cadavera
822 1587 1055 1657 adhibebatur
1076 1588 1133 1677 (ci.
1156 1595 1255 1657 Prov.
1277 1596 1371 1671 ’1,17.
1394 1594 1488 1658 Cant.
1510 1590 1616 1678 inst).

292 1700 446 1783 Magnam
462 1694 528 1761 lert
545 1696 680 1786 copiam
700 1702 915 1773 aromatum,
937 1695 1037 1784 copia
1056 1695 1131 1784 ipsa
1148 1694 1401 1762 demonstratur
1412 1696 1617 1784 magnitudo
1693 1711 1695 1715 ’

292 1801 419 1869 amous
432 1807 468 1869 et
484 1801 696 1870 reverentiae
711 1809 745 1868 ct
761 1801 903 1868 honoris
919 1801 977 1891 (cl.
995 1805 1077 1868 Gen.
1093 1804 1222 1886 t3,3t).
1239 1801 1383 1868 Volebat
1399 1801 1491 1868 enim
1507 1808 1614 1871 lasum

291 1908 436 1998 sepelire
458 1931 499 1974 co
519 1907 620 1976 modo
641 1930 711 1998 quo
739 1908 812 1974 viro
835 1929 963 1994 magno
986 1915 1020 1975 et
1045 1907 1250 1976 admirando
1271 1909 1431 1976 convenit
1452 1908 1563 1998 (chr.)
1582 1915 1617 1977 et

291 2023 504 2106 quantopere
528 2014 660 2082 ludaeis
683 2014 779 2100 cordi
804 2015 909 2083 fuerit
929 2015 1145 2083 abundantia
1165 2014 1313 2106 quadam
1331 2022 1524 2083 aromatum
1542 2038 1615 2084 ma-

289 2121 527 2209 gnificentiam
547 2127 582 2189 et
600 2122 767 2190 honorem
796 2122 994 2212 sepulturae
1016 2123 1198 2206 exhibere,
1216 2128 1349 2189 constat
1368 2123 1465 2189 exiis
1479 2145 1614 2214 quoque

291 2251 377 2319 quae
402 2229 562 2319 Iosephus
587 2230 773 2295 memoriae
796 2228 1078 2309 tradidit31unus
1102 2228 1199 2304 enim¹
1223 2228 1361 2294 llerodis
1385 2230 1616 2318 sequebantur

292 2337 476 2424 quingenti
506 2335 626 2403 famuli
654 2340 808 2401 aromata
836 2338 1028 2424 portantes,
1054 2340 1089 2400 et
1114 2333 1187 2424 ipse
1211 2333 1358 2401 llerodes
1383 2334 1613 2403 aristobulum

292 2442 408 2530 (quem
426 2441 612 2529 occiderat)
623 2462 749 2527 magna
762 2446 953 2509 aromatum
971 2440 1072 2530 copia
1083 2440 1322 2532 sepeliendum
1337 2441 1469 2509 curavit
1485 2442 1612 2533 (antiq.

292 2553 423 2630 15,3,t;
445 2548 586 2637 17,8,3).
606 2552 768 2614 Aromata
791 2546 852 2615 illa
873 2570 944 2614 non
959 2547 1071 2614 solum
1088 2548 1308 2615 addebantur
1324 2549 1460 2638 corpori
1479 2554 1512 2615 et
1525 2549 1616 2617 inter

290 2655 396 2722 lintea
416 2655 702 2736 recondebantur,
729 2676 847 2722 verum
871 2659 980 2721 totum
1002 2655 1151 2744 sepulcri
1175 2655 1325 2744 spatium
1347 2654 1390 2720 iis
1405 2655 1613 2744 replebatur.

288 2767 398 2839 Quare
422 2762 522 2829 facile
542 2761 586 2828 ad
610 2784 689 2828 eum
711 2783 812 2829 usum
834 2760 943 2828 libras
965 2765 1104 2828 centum
1124 2761 1296 2828 insumere
1320 2767 1494 2849 poterant3
1521 2784 1552 2828 v.
1574 2768 1614 2830 lo

289 2875 490 2958 acceperunt
512 2890 592 2957 erpo
620 2889 742 2957 corpus
762 2869 853 2949 Iesu,
879 2872 1009 2957 quanta
1028 2867 1235 2947 reverentia,
1253 2873 1383 2956 quanto
1399 2867 1518 2935 dolore
1537 2869 1616 2936 visis

290 2975 488 3041 vulneribus
511 2996 635 3063 corpus
661 2974 784 3040 Christi
804 2973 848 3040 de
874 2996 974 3041 cruce
995 2973 1234 3064 deposuerint,
1254 2980 1414 3041 nontam
1433 2974 1548 3041 verbis
1562 2997 1615 3042 ex·

289 3082 524 3170 primmdum,
541 3103 646 3170 quam
667 3080 725 3169 pia
745 3080 967 3149 meditatione
982 3080 1260 3170 prosequendum
1276 3081 1357 3160 erit,
1375 3093 1408 3147 et
1421 3080 1615 3170 liqoverunt

289 3188 379 3254 illud
404 3188 520 3254 linteis
545 3211 622 3254 cnm
646 3188 875 3268 aromatibus,
905 3187 993 3254 sicut
1013 3209 1085 3254 neos
1109 3186 1314 3254 excludaris
1338 3186 1500 3277 sepelire,·
1523 3188 1557 3255 id
1577 3191 1614 3256 in

287 3295 434 3381 gratiam
456 3295 729 3381 alienigenarum
758 3294 858 3362 addit
876 3295 1103 3381 evangelista;
1131 3293 1235 3360 lintea
1256 3293 1315 3360 illa
1340 3294 1442 3360 luisse
1467 3298 1614 3385 pretiosa

288 3403 392 3469 etiam
405 3401 524 3488 colligi
542 3407 653 3490 potest
667 3424 707 3467 ex
721 3400 866 3468 sindone
888 3400 1016 3467 munda
1029 3423 1098 3490 qua
1115 3423 1239 3489 corpus
1251 3401 1443 3467 involutum
1454 3401 1530 3469 luit.
1543 3408 1613 3470 Non

288 3507 415 3574 dicitur
433 3530 559 3597 corpus
576 3529 646 3574 esse
667 3512 826 3589 unctum,
850 3507 910 3574 sed
930 3506 1041 3573 solum
1063 3506 1210 3593 ligatum
1230 3505 1344 3574 linteis
1361 3510 1440 3573 cum
1453 3511 1614 3576 aromati-

289 3616 368 3693 bus;
381 3636 489 3704 quare
508 3615 686 3703 myrrham
699 3612 857 3701 intellige
872 3637 939 3679 non
955 3613 1136 3703 liquidam,
1152 3613 1213 3680 sed
1226 3614 1426 3681 arefactam.
1438 3619 1520 3683 Cum
1535 3616 1613 3684 sab·

289 3722 407 3788 batum
433 3721 501 3787 iam
528 3720 721 3809 proximum
750 3725 851 3801 esset,
881 3721 1038 3787 celeriter
1063 3720 1240 3809 sepultura
1266 3728 1340 3787 erat
1359 3722 1612 3811 praeparanda;

291 3827 381 3894 unde
404 3833 561 3894 aromata
582 3825 718 3916 corpori
741 3827 990 3913 iungebantur3
1006 3832 1141 3916 tempus
1166 3827 1211 3894 ad
1238 3829 1434 3894 unctionem
1454 3850 1523 3895 non
1546 3831 1614 3897 iam

289 3942 373 4001 erat.
391 3940 436 4001 Ne
450 3934 493 4001 de
513 3932 642 4000 lotione
664 3932 805 4022 quidem
830 3934 984 4022 corporis
998 3932 1170 4001 cruentati
1186 3932 1317 4000 mentio
1334 3933 1389 4015 fin
1407 3939 1531 4002 aleam
1547 3935 1616 4003 fac-

290 4049 359 4107 tam
379 4062 530 4108 essenon
547 4040 637 4106 erit
627 4062 665 4106 in
675 4039 822 4106 dubium
834 4036 1041 4107 vocandum

336 4154 442 4215 lesum
465 4147 638 4237 sepultum
657 4168 727 4213 csse
752 4169 860 4237 prope
884 4148 996 4213 locum
1016 4145 1246 4214 crucifixionis
1271 4169 1333 4213 nos
1360 4145 1461 4213 docel
1476 4151 1616 4217 loannes

289 4256 447 4322 omittens
474 4253 567 4344 quod
593 4275 632 4320 ex
659 4253 845 4342 synopticis
869 4253 976 4321 scitur
1002 4259 1264 4321 monumentum
1291 4252 1377 4321 illud
1401 4256 1547 4322 excisum
1572 4255 1615 4322 de

290 4369 386 4452 petra
401 4361 503 4428 luisse
524 4360 658 4450 losephi
673 4360 718 4426 ab
731 4359 950 4427 Arimathaea
965 4383 997 4426 v,
1017 4366 1055 4427 '⁴1
1073 4374 1147 4427 erat
1159 4373 1274 4427 cirtem
1291 4359 1327 4426 in
1343 4359 1416 4428 loco
1432 4362 1491 4427 ubi
1505 4363 1616 4429 cruci-

286 4470 378 4555 fixus
394 4481 441 4534 est
455 4468 574 4534 hortus
585 4480 618 4532 et
632 4468 666 4533 in
682 4466 780 4534 horto
793 4479 1053 4534 monermentrrm
1073 4490 1199 4534 novum
1219 4471 1257 4534 in
1274 4490 1341 4558 quo
1356 4467 1508 4534 nondum
1524 4469 1613 4558 quir·

289 4598 393 4666 picam
406 4575 539 4664 positus
555 4587 648 4658 erat,
666 4574 708 4641 ad
727 4573 860 4641 Domini
880 4575 974 4639 enim
986 4574 1115 4640 cultum
1135 4580 1168 4641 et
1183 4575 1358 4641 servitium
1374 4574 1435 4641 illa
1448 4573 1614 4664 deputare

289 4682 402 4763 decet,
421 4704 509 4772 quae
536 4682 652 4748 usibus
672 4681 834 4749 humanis
848 4680 1002 4747 nondum
1018 4680 1266 4763 inservierunt;
1282 4681 1328 4748 ita
1346 4678 1425 4768 lege
1442 4682 1614 4751 ferebatur

290 4791 401 4877 (Num.
425 4796 514 4868 19,·2.
539 4794 633 4856 [lent.
655 4795 747 4867 213.
773 4796 788 4855 1
812 4794 897 4876 Reg.
921 4794 990 4868 6,7.
1012 4793 1088 4856 Luc.
1112 4789 1236 4879 1930).
1259 4788 1393 4855 Nobiles
1415 4788 1481 4856 sibi
1501 4790 1613 4880 sepul-

290 4918 384 4963 crum
407 4897 443 4963 in
463 4896 532 4963 suis
560 4895 666 4962 hortis
685 4903 746 4962 aut
764 4894 917 4984 praediis
931 4901 1128 4963 construere
1142 4895 1299 4962 solebant
1315 4895 1369 4984 (cl.
1390 4897 1522 4985 11,38);
1539 4918 1614 4964 coc·
