4050 5648
200 672 222 731 4
355 673 407 734 rat
425 690 432 735 :
449 673 476 737 si
492 673 626 748 abiero,
646 667 778 733 mittam
799 663 1002 732 paraclitum
1020 667 1064 734 ad
1082 685 1141 731 vos
1155 660 1276 750 (1651),
1293 661 1401 749 aliqui
1420 683 1603 756 perperam
1622 684 1679 727 ex-

354 775 526 863 plicarunt
547 774 689 859 accipitc
705 770 727 834 i.
755 790 784 834 e.
802 778 908 837 estote
922 769 1037 840 idonei
1054 769 1103 842 ,ad
1121 766 1375 860 suscipiendum
1391 769 1556 858 Spiritum
1576 791 1679 859 quem

352 883 485 951 mittam
506 874 693 970 (Theopkl.
714 879 836 944 Verum
856 884 962 945 λάξετε
981 879 1018 945 id
1032 877 1192 967 exprimit
1206 875 1301 968 quod
1318 874 1374 941 hic
1394 882 1428 940 et
1450 896 1543 944 nunc
1559 897 1677 944 revera

351 989 538 1078 accipiunt3
560 1011 576 1042 «
596 980 705 1055 sancti
718 982 861 1072 Spiritus
876 983 1176 1073 participationem
1194 982 1339 1071 (μέθεξιν)
1361 979 1551 1069 accipiunt3
1569 1003 1681 1073 neque

351 1096 441 1162 enim
466 1089 604 1156 mentiri
628 1087 776 1156 Christus
801 1097 926 1181 potest,
953 1112 1015 1156 nec
1037 1090 1167 1157 diceret
1192 1113 1200 1158 :
1224 1089 1384 1180 accipite,
1403 1087 1468 1154 nisi
1494 1089 1680 1156 traderet»

352 1197 478 1289 (Cyn).
499 1199 615 1283 Neque
636 1194 672 1260 id
691 1197 908 1286 promissioni
927 1197 970 1264 de
990 1196 1152 1263 missione
1169 1196 1240 1263 ullo
1257 1202 1357 1284 paeto
1383 1198 1565 1285 repugnat.
1583 1199 1680 1276 Nam,

351 1310 389 1371 ut
403 1299 510 1368 Mate.
536 1301 712 1386 observat,
741 1304 829 1370 mitti
854 1304 1001 1394 Spiritus
1022 1301 1315 1389 sanctusgdicitur,
1340 1323 1418 1368 cum
1439 1301 1514 1368 eius
1534 1322 1683 1391 persona

352 1404 479 1472 visibili
500 1413 645 1496 apparet
662 1409 792 1497 specio,
822 1407 872 1473 uti
897 1408 1021 1474 laetum
1041 1415 1090 1474 est
1113 1409 1149 1473 in
1173 1405 1342 1495 baptismo
1363 1405 1488 1474 Christi
1508 1412 1542 1473 et
1564 1405 1601 1472 in
1628 1404 1683 1472 die

351 1515 573 1601 pentecostes.
596 1515 749 1604 Apostoli
768 1536 808 1580 eo
830 1512 904 1602 ipso
924 1512 1017 1603 quod
1037 1518 1135 1579 erant
1156 1511 1328 1578 iustificati
1348 1512 1525 1580 habebant
1547 1512 1683 1580 inhabi—

352 1623 479 1685 tantem
500 1620 665 1710 Spiritum
685 1627 855 1701 sanetum;
882 1641 960 1686 eum
975 1640 1064 1684 novo
1083 1617 1182 1684 titulo
1201 1623 1235 1684 et
1252 1616 1491 1686 excellentiore
1512 1618 1615 1687 modo
1627 1640 1681 1686 ac-

352 1733 516 1814 ceperunt
535 1726 790 1794 inhabitantem
811 1725 950 1816 illisque
970 1726 1118 1812 gratiam
1136 1725 1364 1791 conferentem
1379 1725 1494 1792 verbis
1509 1726 1634 1794 Christi
1650 1733 1684 1792 et

352 1838 555 1919 potestatem
571 1854 647 1899 eam
664 1854 768 1922 quam
780 1837 867 1900 lesus
879 1832 1044 1900 declarat.
1063 1837 1173 1912 Quare
1186 1852 1366 1921 perperam
1379 1829 1487 1920 aliqui
1504 1833 1625 1899 dicunt
1640 1832 1683 1898 ab

351 1938 567 2024 evangelista
583 1937 676 2003 diem
697 1944 905 2027 pentecostes
916 1938 1072 2024 ignorari
1084 1960 1232 2027 cumque
1246 1939 1315 2004 iam
1330 1939 1367 2004 in
1380 1939 1492 2027 ipsum
1510 1959 1683 2004 resurrec-

351 2042 454 2110 tionis
469 2044 561 2110 diem
579 2045 769 2110 transferri.
792 2048 896 2110 Datur
914 2067 1009 2111 nuno
1022 2044 1241 2111 invisibiliter
1256 2050 1289 2110 et
1300 2043 1345 2111 ad
1360 2051 1490 2112 certum
1507 2044 1681 2123 ellectum;

351 2150 387 2216 in
406 2150 462 2217 die
490 2156 699 2240 pentecostes
717 2149 819 2217 datur
837 2150 1018 2217 visibiliter
1039 2156 1072 2217 et
1094 2150 1139 2217 ad
1157 2151 1272 2240 plures
1291 2150 1506 2240 maioresque
1526 2151 1681 2228 effectus,

352 2256 402 2322 uti
427 2263 502 2324 tum
527 2280 568 2324 ex
590 2258 825 2348 apostolorum
846 2264 880 2325 et
899 2257 1144 2348 discipulorum
1164 2256 1267 2324 variis
1289 2256 1523 2338 charismatiS,
1551 2257 1686 2323 fortitu·

352 2363 434 2429 dine
445 2416 452 2441 ‚
465 2363 699 2452 intrepiditata
714 2370 748 2430 et
763 2364 920 2432 libertate
936 2362 1174 2455 praedicandi,
1191 2386 1230 2430 ex
1248 2364 1390 2430 scientia
1408 2369 1442 2430 et
1455 2362 1685 2450 intelligentia

352 2490 379 2534 s.
397 2470 594 2557 scripturae
610 2476 765 2559 apparet.
1212 2545 1216 2554 ,

401 2575 497 2651 Quod
520 2582 635 2641 autem
653 2598 761 2662 genus
784 2578 989 2666 operationis
1007 2578 1050 2643 iis
1064 2561 1235 2663 largiatur
1255 2599 1317 2666 per
1340 2576 1504 2667 Spiritum
1527 2586 1684 2644 sanctum

356 2679 504 2748 ostendit
533 2680 647 2770 (car.)
677 2705 708 2749 v.
730 2689 772 2749 23
799 2705 945 2773 pateream
969 2683 1167 2751 remiseritis
1185 2696 1343 2773 peccota,
1372 2684 1595 2750 remittuntur
1619 2682 1684 2766 eis,

354 2790 500 2875 ἀφέωνται
522 2791 680 2875 (ἀφίενται,
701 2789 844 2878 ἀφίενται)
863 2791 1002 2858 remissa
1021 2797 1099 2857 sunt
1113 2791 1168 2879 (cl.
1188 2789 1300 2876 Blass,
1318 2790 1530 2858 Grammatik
1546 2791 1581 2856 d.
1599 2810 1685 2857 neu-

352 2899 430 2961 test.
449 2900 505 2962 Gr.
524 2918 557 2984 p.
572 2896 682 2984 50,·1)‚
701 2909 893 2985 aequorum
913 2898 1124 2964 retinueritis
1139 2909 1271 2964 retento
1284 2909 1363 2965 sunt
1375 2907 1409 2965 etv
1426 2927 1531 2979 τινων,
1554 2905 1588 2963 ἄν
1606 2925 1685 2975 τινος

352 3001 381 3066 si
396 3024 546 3091 quorum
565 3011 649 3080 etc.;
671 3030 687 3063 «
714 3024 841 3089 magna
854 3003 1072 3071 sacerdotum
1087 3003 1239 3091 dignitas
1255 3032 1271 3065 »
1288 3003 1411 3094 (Cice).
1430 3003 1593 3070 Remissio
1606 3023 1686 3091 pec·

351 3114 507 3175 catorum
523 3114 592 3188 est,
611 3117 650 3176 ut
676 3113 702 3175 Τ
701 3108 778 3176 bom
798 3110 892 3191 dicit,
918 3111 1124 3178 conveniens
1143 3111 1274 3177 fructus
1291 3110 1439 3200 Spiritus
1460 3109 1585 3186 sancti3
1605 3130 1684 3175 nam

351 3216 423 3303 ipse
436 3215 562 3282 caritas
583 3223 633 3282 est
648 3222 681 3282 et
696 3239 759 3306 per
773 3238 852 3283 eum
871 3217 971 3284 nobis
985 3217 1089 3284 datur
1105 3217 1245 3297 caritas3
1261 3216 1414 3284 remissio
1432 3221 1548 3283 autem
1567 3237 1686 3305 pecca-

353 3326 466 3388 torum
487 3344 559 3388 non
579 3322 618 3388 fit
639 3323 705 3389 nisi
728 3346 788 3412 per
809 3324 998 3391 caritatem.
1024 3323 1171 3391 Proinde
1193 3324 1288 3413 quod
1303 3324 1453 3391 Christus
1468 3322 1511 3390 de
1525 3345 1560 3389 se
1576 3321 1683 3389 dixit:

352 3428 473 3494 Filium
496 3429 645 3495 hominis
666 3430 793 3496 habere
808 3436 1012 3519 potestatem
1030 3431 1172 3498 interra
1189 3429 1383 3497 dimittendi
1400 3438 1541 3519 peccata
1556 3428 1684 3516 (llatth.

352 3535 436 3622 9,6),
459 3534 530 3601 iam
546 3534 615 3601 suis
630 3536 791 3624 apostolis
805 3536 952 3603 eandem
965 3536 1114 3622 largitur
1128 3543 1349 3625 potestatem,
1371 3541 1488 3625 utpote
1503 3534 1564 3625 qui
1583 3534 1688 3600 mittit

352 3662 418 3722 eos,
434 3641 533 3708 sicuti
547 3641 621 3730 ipse
636 3640 757 3708 missus
772 3650 820 3709 est
834 3665 855 3710 a
870 3647 983 3721 Patre,
1002 3643 1074 3709 scil.
1093 3643 1298 3733 praeprimis
1311 3643 1356 3710 ad
1370 3641 1687 3710 reconciliationem

351 3746 581 3814 efficiendam.
601 3751 646 3813 [lc
664 3771 744 3815 vera
761 3748 958 3816 remissione
975 3755 1193 3839 peccatorum
1213 3772 1284 3817 esse
1304 3770 1498 3817 sermonem
1513 3748 1619 3815 verba
1633 3747 1686 3814 in-

352 3851 458 3919 dubie
474 3855 672 3935 enuntiant,
690 3877 758 3921 non
778 3854 821 3922 de
836 3855 908 3923 sola
930 3857 1128 3923 remissione
1142 3878 1288 3946 poenae,
1306 3857 1356 3924 uti
1371 3853 1448 3922 Alb.
1473 3856 1559 3937 vult,
1582 3874 1686 3943 quam

353 3958 611 4048 explicationem
634 3960 748 4029 Tbom.
774 3963 904 4052 aliique
919 3969 1115 4029 constanter
1134 3962 1307 4030 reiiciunt.
1333 3963 1431 4030 Solus
1456 3961 1576 4051 utique
1599 3964 1687 4027 lleus

352 4065 554 4132 auctoritate
573 4073 714 4155 peccata
725 4068 879 4148 dimittit,
899 4069 1057 4136 sacerdos
1073 4069 1259 4135 ministerio
1275 4068 1435 4159 (Tim).
1453 4067 1687 4136 Retentionem

351 4171 507 4259 intellige
524 4171 747 4258 ligationem,
773 4177 892 4243 veniae
915 4176 1102 4242 carentiam
1128 4176 1279 4264 (lietb).
1295 4180 1362 4242 llae
1381 4175 1497 4265 itaque
1519 4179 1688 4263 potestate

354 4279 551 4345 remittendi
571 4287 710 4367 peccata
726 4280 903 4348 hominum
925 4287 959 4349 et
977 4305 1018 4350 ea
1036 4281 1206 4348 retinendi
1229 4282 1385 4349 instructi
1404 4304 1445 4348 eo
1469 4281 1543 4371 ipso
1563 4279 1688 4348 consti·

332 4391 334 4396 ’
352 4386 632 4453 tuunturiudices
646 4387 771 4476 quibus
788 4387 956 4455 incumbit
975 4389 1142 4456 iudicium
1158 4389 1260 4455 terre.
1277 4393 1362 4456 cum
1375 4394 1488 4456 autem
1502 4388 1545 4455 de
1560 4385 1688 4473 ignotis

352 4512 454 4559 nemo
468 4493 616 4559 iudicari
636 4497 757 4583 possit,
775 4517 838 4584 per
850 4517 886 4561 se
900 4496 1056 4585 sequitur
1074 4495 1107 4561 id
1125 4494 1248 4583 dequo
1264 4495 1485 4563 iudicandum
1500 4494 1544 4560 sit
1559 4492 1687 4560 debere

356 4597 537 4665 declarari.
557 4604 665 4677 Quare
681 4624 722 4667 ex
735 4602 799 4667 hoc
813 4602 886 4668 loco
902 4624 1038 4692 semper
1051 4601 1218 4668 intellexit
1233 4603 1379 4670 Ecclesia
1393 4601 1563 4669 catholica
1581 4598 1689 4666 conti·

355 4703 432 4769 neri
446 4713 669 4796 praeceptum
678 4707 897 4775 confessionis
908 4717 1126 4799 pcccatorum
1140 4708 1319 4776 distinctae
1332 4710 1388 4797 (el.
1404 4708 1532 4775 Concil.
1545 4707 1685 4774 trident.

356 4814 520 4876 sess.le
539 4835 615 4903 cap.
641 4819 673 4879 5.
697 4819 734 4892 ὃς
758 4837 833 4881 can.
854 4823 885 4882 ἓ.
904 4822 936 4882 3.
963 4821 994 4881 6.
1013 4823 1046 4881 7.
1064 4819 1111 4901 9).
1136 4820 1239 4881 Porro
1259 4838 1335 4882 cum
1359 4822 1507 4904 potestas
1528 4813 1613 4880 haec
1627 4835 1689 4901 per

359 4915 501 4984 modum
521 4919 639 4986 iudicii
660 4922 849 4988 exercenda
868 4929 1090 5011 proponatur,
1108 4922 1210 4989 etiam
1231 4922 1362 4989 clarum
1379 4929 1429 4989 est
1445 4943 1514 4987 non
1529 4920 1689 4987 omnibus
