4116 5648
774 381 858 427 mnu.
884 367 1019 438 ld,9-tl·
1501 367 1559 426 469

236 521 270 585 et
285 520 425 588 ludaeos
437 522 471 583 et
484 522 604 602 gentes
629 541 698 586 esse
719 514 784 584 sub
803 523 960 605 peccato,
980 536 1086 582 uuam
1102 515 1245 582 salutem
1261 535 1332 581 csse
1349 514 1383 578 in
1401 513 1469 579 tide
1485 522 1559 583 lesu

182 694 184 699 ,
235 625 359 694 Christi
381 624 491 711 (Rom.
519 624 604 714 t-t).
631 620 776 712 Spiritus
796 633 932 691 sauctus
955 621 1063 708 igitur
1085 623 1121 688 in
1148 621 1310 709 apostolis
1335 620 1480 710 loquens
1499 644 1559 709 per

233 728 525 822 praedicationem
539 728 758 822 apostolicam
779 730 887 818 signis
906 726 1119 794 admirandis
1138 727 1395 815 comprobatam
1417 725 1559 794 ludaeos

232 844 267 905 et
280 840 400 924 gentes
411 836 596 924 redarguet
610 835 652 901 de
672 837 834 923 peceatis;
850 835 918 902 illis
934 858 996 923 por
1011 831 1182 924 apostolos
1197 837 1333 921 peccata
1352 834 1558 923 exprobrau-

233 950 301 1025 tur,
327 963 445 1011 eorum
466 945 596 1011 scelera
614 941 873 1010 manifestantur
897 942 954 1029 (ci.
976 948 1048 1009 hct.
1076 946 1174 1019 est;
1196 943 1291 1021 t,10;
1313 946 1422 1019 1739.
1448 944 1554 1007 tCor.

234 1054 347 1131 stuc.
359 1056 381 1117 2
394 1051 477 1118 Tim.
495 1053 565 1129 3,2.
582 1047 644 1115 Tit.
671 1056 760 1133 1,10.
781 1055 802 1116 2
827 1056 913 1117 Petr.
932 1048 1123 1133 2,10etc.).
1144 1051 1227 1113 Nam
1242 1047 1269 1111 si
1285 1067 1356 1111 non
1371 1045 1558 1112 credideri-

231 1153 826 1246 tis,moricminiinpeecatovestro;
841 1161 1022 1243 peccatum
1032 1161 1182 1221 vestrum
1200 1157 1316 1218 manet
1326 1151 1553 1241 (8,2t;9‚ttj,·.

274 1263 419 1355 Spiritus
436 1260 586 1328 seeundo
610 1268 733 1349 arguet
754 1262 923 1328 mundum
942 1284 975 1327 v.
1007 1268 1045 1327 10
1073 1258 1115 1325 de
1137 1257 1271 1325 iustitia
1294 1281 1386 1342 cere,
1407 1258 1491 1348 quia
1512 1260 1560 1325 ad

230 1371 369 1438 Patrem
382 1365 469 1434 vado
485 1380 516 1434 et
537 1368 607 1434 iam
625 1390 693 1434 non
712 1368 869 1435 videbitis
883 1388 956 1451 me,·
973 1367 1140 1434 iustitiam
1160 1366 1282 1433 Christi
1297 1365 1462 1452 intelligi,
1479 1388 1556 1455 pro-

200 1527 202 1531 .
230 1475 333 1544 hatur
346 1473 477 1542 ratione
490 1473 623 1554 addita,
638 1480 671 1539 et
685 1477 912 1543 estsententia
920 1474 1165 1565 plerorumque
1179 1471 1271 1562 (Chr.
1290 1470 1436 1563 theoph.
1449 1472 1552 1538 Erret.

229 1582 305 1649 Alb.
337 1579 451 1649 Tuom.
479 1583 561 1648 Bon.
590 1581 697 1649 Salm.
724 1583 815 1649 luas.
846 1580 952 1648 Malu'.
982 1584 1066 1669 [ΛΡ.
1096 1580 1205 1647 Celm.
1236 1582 1316 1645 Nat.
1342 1578 1430 1647 Corl.
1455 1578 1552 1646 Schz.

230 1691 314 1778 Kep.
331 1686 395 1754 Fit.
419 1687 542 1774 Weiss,
566 1686 665 1776 Keil).
685 1689 809 1756 Christi
823 1687 915 1754 enim
930 1687 1081 1754 iustitiae
1096 1686 1327 1753 testimonium
1344 1685 1555 1753 redditurae

229 1792 322 1885 quod
334 1792 379 1861 ad
394 1800 528 1862 Patrem
548 1794 658 1877 vadit,
680 1795 926 1862 resurrectione
946 1800 980 1860 et
999 1793 1200 1860 ascensione
1215 1794 1250 1858 in
1265 1791 1417 1874 coelum,
1436 1793 1555 1881 inquo

226 1905 343 1968 manet
357 1900 394 1968 in
408 1900 521 1988 gloria
531 1901 653 1984 Patris,
670 1922 776 1990 quare
792 1900 908 1969 addit:
923 1900 991 1967 iam
1002 1922 1072 1967 non
1081 1899 1242 1967 videbitis
1253 1921 1307 1966 me
1319 1901 1329 1987 (
1335 1900 1443 1985 Chri.
1458 1898 1554 1965 Chri-

155 1999 158 2005 ’
224 2012 294 2074 stus
307 2005 532 2094 glorificatur,
548 2013 650 2096 prout
664 2013 926 2095 argumentatur
942 2012 1058 2075 Petrus
1074 2013 1145 2073 hot.
1163 2012 1259 2086 2363
1277 2013 1372 2086 3‚15;
1396 2027 1480 2091 ergo
1497 2027 1555 2070 ve·
1681 2022 1684 2027 ·

228 2134 307 2180 rum
328 2119 380 2180 est
402 2113 496 2203 quod
518 2112 560 2181 de
580 2135 615 2180 se
638 2119 778 2181 testatus
792 2120 858 2196 est;
881 2137 967 2201 ergo
984 2112 1150 2197 eiciendus,
1171 2111 1284 2179 ludaei
1299 2112 1358 2202 qui
1374 2133 1452 2177 eum
1467 2117 1552 2176 tam-

227 2241 331 2311 quam
345 2218 559 2288 seductorem
573 2220 870 2310 persequebantur
886 2228 921 2287 et
939 2220 1202 2309 blasphemum,
1220 2226 1253 2286 et
1267 2239 1385 2286 omnes
1398 2217 1554 2284 infideles

230 2326 291 2417 qui
307 2325 350 2393 de
365 2348 406 2393 eo
420 2332 458 2393 ut
476 2325 655 2415 deceptore
672 2326 843 2408 iudicant,
865 2327 1119 2394 convincuntur
1137 2325 1324 2393 iniustitiae
1339 2331 1373 2392 et
1392 2324 1554 2413 iniquita-

223 2431 276 2500 tis.
294 2432 438 2522 Spiritus
450 2438 588 2500 sanctus
602 2432 774 2500 convincit
793 2433 962 2501 mundum
973 2434 1015 2501 de
1033 2433 1163 2500 iustitia
1177 2432 1317 2514 curisti,
1337 2453 1416 2498 nam
1431 2431 1553 2520 eoipso

225 2538 320 2630 quod
338 2539 554 2627 evangelium
571 2547 792 2631 propagatur,
816 2539 908 2630 quod
923 2541 1061 2607 nomine
1076 2545 1148 2606 lesu
1167 2540 1263 2627 signa
1279 2538 1383 2618 fiunt,
1406 2538 1551 2604 Ecclesia

191 2666 196 2675 ’
224 2653 344 2713 contra
365 2669 483 2714 omnes
508 2647 760 2737 persecutiones
789 2646 889 2713 firma
913 2652 980 2713 stat
1001 2669 1063 2735 per
1087 2645 1241 2727 saccaria,
1265 2644 1479 2711 manifestum
1504 2654 1550 2710 est

224 2752 392 2820 Christum
415 2773 561 2839 regnare
582 2752 618 2818 in
638 2753 741 2819 coelo.
766 2754 800 2820 Si
820 2758 936 2820 autem
956 2753 1084 2820 iustitia
1104 2752 1225 2820 Christi
1243 2752 1291 2819 ita
1309 2751 1552 2841 comprobatur

223 2865 258 2926 et
280 2859 410 2927 mundo
424 2859 673 2941 manifestatur,
691 2881 730 2926 eo
754 2858 827 2949 ipso
848 2882 987 2950 quoque
1010 2865 1079 2926 tota
1103 2861 1174 2927 eius
1196 2858 1351 2925 doctrina
1373 2865 1551 2949 totumque

223 2987 309 3057 opus
326 2964 399 3033 eius
421 2964 543 3033 eodem
563 2964 756 3033 testimonio
782 2966 1055 3034 commendatur.
1079 2968 1174 3033 Unde
1193 2965 1292 3032 facile
1318 2965 1548 3054 consequitur,

223 3072 289 3139 hac
312 3094 372 3139 sua
400 3071 643 3159 redargutione
660 3071 824 3162 Spiritum
842 3079 995 3140 sanctum
1020 3074 1149 3162 pariter
1166 3072 1330 3138 mundum
1350 3072 1549 3139 convincere

224 3178 318 3268 quod
331 3200 434 3245 nemo
449 3177 556 3246 iustus
571 3201 641 3246 esse
659 3179 765 3267 possit
779 3179 844 3245 nisi
859 3180 919 3269 qui
938 3179 1004 3246 tide
1021 3180 1055 3246 iu
1070 3180 1240 3246 Christum
1256 3200 1370 3246 veram
1387 3178 1548 3244 iustitiam

221 3307 242 3351 a
273 3284 403 3353 Christo
432 3284 587 3352 edoctam
612 3286 739 3352 meritis
763 3292 797 3353 et
822 3286 932 3373 gratia
965 3287 1088 3353 Christi
1118 3288 1183 3353 sibi
1210 3285 1417 3376 acquisierit.
1449 3284 1551 3350 Proin

217 3391 315 3482 ‘quod
327 3391 610 3481 multiuexplieant
624 3391 667 3459 de
682 3392 810 3459 iustitia
826 3392 1072 3483 discipulorum
1091 3393 1233 3476 Christi,
1251 3392 1293 3459 de
1308 3392 1435 3459 iustitia
1446 3413 1548 3481 quam

220 3498 371 3566 Christus
388 3504 500 3565 morte
515 3520 576 3565 sua
598 3497 697 3566 uobis
716 3500 928 3590 comparavit
948 3501 1002 3587 (cf.
1035 3503 1116 3587 Cpr.
1138 3504 1225 3589 Aaq.
1249 3499 1331 3566 Becl.
1358 3502 1443 3589 Καρ.
1463 3502 1546 3564 Bora

224 3606 297 3674 Gai.
321 3603 389 3671 Tol.
412 3606 492 3671 Bar.
512 3604 648 3694 scta),
666 3628 733 3673 non
750 3606 890 3697 quidem
908 3607 1021 3697 primo
1041 3615 1147 3696 etper
1163 3629 1198 3673 se
1212 3607 1324 3674 verbis
1336 3605 1545 3685 enuntiatur,

221 3710 456 3779 atnecessaria
469 3712 710 3801 consequentia
724 3735 764 3779 ex
779 3714 854 3803 ipsa
872 3714 933 3779 illa
948 3713 1073 3780 Christi
1084 3715 1213 3781 iustitia
1232 3712 1463 3803 consequitur,
1481 3735 1549 3801 qua

221 3816 294 3885 scil.
315 3817 344 3884 is
366 3840 437 3885 esse
458 3818 616 3904 arguitur
639 3841 742 3908 quem
763 3843 799 3886 se
821 3821 990 3909 professus
1008 3828 1067 3887 est.
1094 3825 1180 3888 llaec
1205 3820 1404 3906 redargutio
1429 3820 1546 3885 mundi

222 3925 261 3992 lit
274 3947 410 4015 quoquc
432 3924 616 3992 virtutibus
635 3931 668 3992 et
692 3926 875 4016 multiplici
894 3929 1073 3995 sanctitate
1094 3950 1214 3995 corum
1230 3929 1289 4017 qui
1306 3927 1409 3993 fidem
1425 3925 1548 3993 Christi

220 4032 441 4123 profitentur,
467 4030 505 4097 lit
530 4053 592 4121 per
614 4032 776 4120 Spiritum
801 4042 956 4100 sanctum
978 4035 1059 4123 quia
1083 4036 1157 4101 eius
1177 4034 1288 4121 gratia
1303 4039 1337 4100 ct
1350 4033 1450 4099 donis
1462 4032 1547 4099 eius-

221 4137 314 4206 modi
326 4139 455 4205 fructus
469 4145 676 4205 enascuntur
690 4139 815 4229 quihus
828 4141 976 4206 mundus
992 4141 1093 4230 plane
1108 4148 1212 4208 caret.

264 4244 377 4312 Tertio
395 4250 519 4331 arguet
539 4245 704 4311 mundum
718 4269 749 4309 v.
768 4253 804 4312 tt
822 4246 864 4312 de
883 4246 1010 4314 iudicio
1026 4260 1158 4329 uectem,
1173 4246 1256 4336 paria
1266 4246 1429 4336 princeps
1445 4245 1548 4311 liuius

220 4350 342 4418 mundi
368 4351 438 4418 iam
461 4349 633 4416 iudicatus
651 4365 720 4435 est;
735 4352 812 4419 vido
839 4359 951 4433 ra‚31;
978 4354 1059 4442 quia
1076 4353 1249 4426 diabolus,
1272 4353 1431 4443 princeps
1445 4351 1547 4418 huius

219 4458 341 4526 mundi
362 4460 386 4525 i.
412 4481 441 4525 e.
464 4456 700 4546 improborum
728 4466 761 4526 et
786 4460 1004 4526 inimicorum
1031 4462 1085 4527 tlei
1112 4462 1181 4527 iam
1209 4461 1310 4551 plane
1334 4460 1487 4525 devictus
1514 4464 1547 4524 et

221 4569 330 4631 morte
352 4565 476 4633 Christi
502 4563 653 4630 dcicctus
673 4570 737 4647 est,
760 4566 837 4633 ideo
857 4567 985 4633 mundo
1009 4567 1030 4632 i.
1053 4589 1081 4633 e.
1108 4566 1253 4633 subditis
1272 4567 1344 4632 eius
1363 4574 1396 4631 et
1413 4565 1547 4632 asseclis

219 4669 310 4738 nihil
329 4671 424 4738 aliud
438 4671 643 4760 relinquitur
660 4671 726 4737 nisi
745 4681 781 4739 ut
801 4696 878 4740 cum
904 4697 965 4740 suo
979 4675 1134 4764 principe
1145 4673 1288 4740 eandem
1304 4679 1429 4739 sortem
1447 4671 1545 4738 dam·

218 4777 365 4846 nationis
377 4779 595 4868 participent.
617 4778 743 4845 llicitur
757 4780 827 4846 ium
845 4781 1017 4847 iudicatus
1033 4794 1082 4847 cst
1099 4781 1204 4870 (quod
1219 4780 1379 4846 iudicium
1397 4779 1432 4846 iu
1447 4801 1546 4846 cruce
