4050 5648
381 717 465 784 dicit
478 724 558 799 'erqo
572 714 606 780 ei
619 715 754 782 Pilotre
769 732 781 774 .·
797 707 885 774 miti
897 732 966 777 non
977 710 1150 804 loqueris?
1164 711 1273 777 nescis
1284 732 1367 801 qma
1376 725 1578 799 potestatem
1594 711 1698 778 dobeo

379 819 578 906 crucifiqere
595 833 627 888 te
646 833 678 888 et
686 828 890 911 potestatem
905 816 1009 887 tabeo
1025 816 1196 885 dimittere
1212 820 1267 884 te?
1282 817 1356 883 vide
1371 816 1446 885 leet.
1464 843 1559 891 van:
1578 818 1606 885 si
1627 840 1700 884 ma·

378 929 433 1016 gis
454 933 583 994 terrere
605 927 679 994 vult
701 929 735 990 et
753 921 897 1003 minari,
925 923 1024 993 lectio
1049 924 1113 989 erit
1139 922 1381 1011 praeterendo,
1399 946 1468 1012 qua
1489 926 1603 1014 priore
1623 924 1699 991 loco

377 1032 507 1118 legitur
521 1034 736 1120 crucifigere;
753 1030 780 1093 si
795 1035 910 1096 autern
928 1032 1037 1118 magis
1051 1027 1124 1096 vult
1138 1029 1276 1096 allicere
1292 1036 1326 1097 et
1339 1031 1484 1095 invitare
1500 1033 1545 1098 ad
1561 1055 1701 1122 respon-

378 1136 549 1223 dendum,
577 1139 673 1231 prius
700 1157 777 1224 spes
808 1136 1021 1205 liberationis
1045 1134 1274 1204 exhibebitur.
1311 1138 1426 1203 Prima
1456 1143 1572 1204 umen
1598 1139 1700 1206 verba

378 1245 489 1331 magis
504 1245 686 1314 ostendunt
707 1241 856 1309 iudicem
880 1245 1065 1334 superbum
1086 1248 1119 1307 et
1140 1242 1283 1325 iratum,
1305 1244 1363 1333 qui
1382 1249 1585 1333 potestatem
1605 1267 1700 1311 suam

378 1352 508 1420 iactans
520 1359 554 1420 et
566 1373 628 1420 sua
639 1349 749 1417 elatus
763 1347 933 1436 dignitate
948 1355 1095 1438 nequeat
1107 1350 1287 1439 concipere
1298 1349 1470 1439 quomodo
1485 1351 1562 1438 quis
1575 1350 1702 1417 audeat

375 1479 576 1548 responsum
600 1476 741 1541 negare.
763 1459 863 1523 Notat
885 1457 965 1525 etr.
988 1478 1001 1521 :
1028 1485 1043 1515 α
1070 1455 1147 1522 vide
1167 1455 1339 1545 quomodo
1355 1456 1504 1546 seipsum
1533 1456 1701 1524 damnare

375 1566 625 1654 praeoccupet?
638 1582 720 1627 nam
746 1561 775 1628 si
800 1562 836 1629 in
860 1568 894 1629 te
912 1567 1021 1628 totum
1044 1562 1144 1627 situm
1169 1568 1232 1641 est,
1256 1583 1418 1630 curcum
1447 1585 1517 1630 non
1538 1562 1699 1643 dimittis,

374 1694 452 1739 cum
466 1672 505 1739 in
522 1692 562 1737 eo
581 1667 712 1735 nullam
731 1691 869 1737 eausam
891 1666 1050 1766 ¹iuvenies
1066 1670 1110 1733 n?
1128 1698 1143 1728 (ι
1165 1690 1205 1735 ex
1220 1691 1278 1735 ore
1294 1677 1353 1736 tuo
1369 1669 1547 1751 iudicaris,
1566 1692 1629 1737 nee
1644 1693 1700 1736 so·

373 1780 446 1846 lum
462 1775 555 1867 apud
567 1781 692 1857 Deum,
708 1776 768 1843 sed
785 1776 890 1843 etiam
905 1773 997 1863 apud
1014 1774 1169 1841 homines
1186 1797 1263 1841 reus
1278 1775 1420 1848 teneris.
1436 1778 1517 1864 quia
1537 1778 1700 1844 innocen·

374 1891 442 1953 tem
465 1891 499 1950 et
523 1883 668 1965 iustum,
689 1903 769 1949 cum
788 1881 961 1949 dimittere
982 1902 1112 1968 posses,
1138 1880 1339 1967 crucifigere
1361 1881 1511 1948 maluisti
1531 1912 1548 1942 »
1568 1885 1697 1972 (Pup).

309 1974 312 1979 ¹
373 1995 461 2058 lietu
476 1989 683 2056 ludaeorum
696 1988 883 2078 impeditus
906 2008 948 2053 ne
973 1986 1076 2053 faciat
1087 1988 1180 2076 quod
1195 1989 1267 2053 vult
1282 1992 1316 2053 et
1336 1987 1410 2054 fieri
1425 1988 1552 2056 debere
1571 1991 1701 2079 perspi·

274 2104 276 2111 ’
372 2098 437 2177 cit,
456 2096 498 2162 de
517 2117 578 2162 sua
601 2095 771 2184 gloriatur
785 2097 972 2184 potestate!
992 2120 1008 2154 u
1030 2098 1089 2160 tua
1107 2116 1188 2160 voce
1204 2095 1468 2180 constringeris,
1486 2096 1700 2163 tuadamna-

374 2204 421 2271 ris
443 2204 629 2282 sententia;
651 2223 714 2291 pro
741 2207 909 2291 potestate
931 2200 1048 2288 igitur,
1067 2223 1136 2266 non
1157 2201 1331 2290 aequitate
1346 2201 1622 2288 crucifigendum
1639 2208 1701 2269 [lo-

373 2311 504 2376 minum
521 2308 713 2389 tradidisti3
739 2347 783 2358 —
808 2307 901 2374 mala
919 2312 1066 2398 potestas
1086 2307 1189 2373 licere
1207 2307 1300 2396 quod
1317 2315 1453 2390 noceat,
1476 2315 1624 2398 potestas
1640 2309 1700 2375 illa

373 2415 594 2484 tenebrarum
607 2420 672 2497 est3
692 2415 803 2482 bonus
821 2414 923 2481 iudex
938 2414 1024 2480 nibil
1043 2436 1082 2480 ex
1097 2414 1238 2480 arbitrio
1253 2437 1315 2481 suo
1331 2414 1411 2481 lacit
1428 2445 1443 2476 n
1467 2415 1696 2503 (decorosius,

371 2543 474 2591 serm.
490 2528 533 2588 20
547 2521 585 2588 in
599 2525 651 2588 Ps.
671 2526 734 2587 118
749 2543 783 2587 n.
803 2526 865 2599 383
887 2522 935 2586 M.
954 2526 1115 2601 15‚1t95·‚
1140 2520 1239 2608 Tot).

416 2627 621 2719 superbiam
647 2629 747 2694 Pilati
769 2626 928 2717 reprimit
946 2626 1097 2693 Christus
1115 2649 1146 2694 v.
1172 2635 1208 2693 11
1231 2627 1407 2717 respondit
1427 2631 1518 2695 lesus
1530 2652 1543 2694 .·
1555 2653 1623 2696 non
1638 2629 1699 2696 Ιια-

373 2740 464 2803 teres
472 2747 672 2826 potestatem
687 2733 869 2801 adversum
885 2756 939 2800 me
953 2732 1073 2820 ullam,
1087 2733 1154 2799 nisi
1167 2733 1230 2799 tibi
1244 2733 1364 2800 dotum
1377 2749 1461 2801 esset
1471 2735 1612 2826 deripier
1626 2739 1648 2803 i.
1667 2760 1698 2803 c·

338 2894 344 2912 .
373 2842 516 2910 coelitus
530 2843 594 2909 tibi
608 2863 803 2909 concessum
819 2848 853 2908 et
868 2840 988 2907 datum
1004 2847 1053 2907 est
1069 2840 1195 2907 habere
1219 2843 1252 2906 in
1270 2863 1324 2907 me
1337 2849 1557 2932 potestatem3
1577 2873 1592 2903 «
1614 2851 1700 2910 nutu

372 2949 488 3038 itaque
507 2970 570 3015 suo
593 2948 718 3037 Deique
732 2969 771 3013 ac
792 2948 899 3014 Patris
913 2946 1129 3037 beneplacito
1143 2947 1258 3014 datam
1277 2971 1348 3015 esse
1367 2948 1416 3015 ait
1432 2949 1539 3016 Pilato
1553 2959 1700 3040 potesta-

374 3061 443 3124 tem
462 3054 611 3123 faciendi
627 3052 758 3145 aliquid
776 3076 895 3120 eorum
918 3076 1006 3143 quae
1025 3054 1093 3120 iarn
1114 3077 1215 3120 ausus
1231 3062 1282 3120 est
1298 3084 1314 3114 n
1337 3057 1457 3144 (Cyn).
1476 3061 1548 3123 Non
1571 3057 1699 3123 intelli-

376 3165 470 3252 gitur
483 3167 632 3254 potestas
646 3161 690 3227 ab
704 3166 915 3250 imperatore
925 3160 957 3227 ei
972 3159 1066 3241 data,
1082 3182 1142 3226 nec
1161 3161 1364 3250 simpliciter
1384 3162 1587 3250 (secundum
1603 3169 1696 3231 Rom.

380 3272 472 3360 13,1)
483 3270 565 3359 quia
576 3291 647 3336 non
661 3275 712 3335 est
725 3273 875 3356 potestas
886 3267 982 3333 nisia
997 3273 1079 3347 [te03
1097 3289 1175 3334 narn
1194 3275 1395 3357 potestatem
1410 3269 1573 3336 adversus
1590 3277 1699 3338 lesum

376 3387 497 3466 neque
509 3381 700 3465 Imperator
712 3374 864 3440 tribuere
882 3381 1016 3461 poterat
1037 3395 1148 3463 neque
1171 3376 1255 3440 baec
1275 3375 1463 3442 includitur
1478 3376 1514 3442 in
1534 3385 1700 3466 potestate

374 3483 433 3549 illa
445 3504 534 3572 quae
548 3483 667 3570 utique
686 3504 707 3548 a
728 3485 794 3546 Deo
810 3479 1068 3566 magistratibus
1084 3487 1118 3546 et
1132 3481 1270 3566 regibus
1289 3481 1498 3548 conceditur.
1517 3483 1583 3549 Sed
1598 3484 1699 3550 simul

375 3611 454 3656 cum
468 3589 535 3654 hac
548 3592 714 3677 potestate
728 3573 821 3654 nunc
835 3587 868 3653 ei
886 3591 1062 3676 tamquam
1090 3587 1197 3653 iudici
1215 3588 1317 3654 etiarn
1337 3588 1500 3656 divinitus
1514 3590 1633 3656 datum
1651 3598 1699 3656 est

376 3703 410 3762 et
434 3695 659 3785 permissum,
686 3698 724 3759 ut
747 3693 875 3759 habeat
900 3699 1101 3782 potestatem
1121 3693 1282 3761 adversus
1307 3700 1430 3774 lesum,
1459 3718 1603 3785 eamque
1630 3698 1698 3764 iam

378 3801 529 3868 exercuit
554 3800 692 3867 mittens
707 3804 815 3866 lesum
841 3799 885 3866 ad
907 3799 1088 3875 Herodem,
1110 3799 1232 3866 iubens
1252 3815 1331 3866 eum
1353 3801 1533 3888 flagellari.
1556 3833 1570 3862 «
1589 3812 1699 3882 Quan—

367 3916 581 3996 'tuscumque
602 3907 648 3973 sis
672 3905 809 3995 praeses
828 3912 862 3972 et
884 3905 961 3972 aliis
983 3907 1143 3973 omnibus
1161 3907 1355 3997 praesideas
1374 3916 1407 3974 et
1424 3911 1458 3974 in
1475 3933 1532 3976 eos
1550 3911 1697 3976 auctori-

376 4020 482 4081 tatem
496 4014 644 4090 babeas,
661 4011 749 4079 nihil
769 4012 831 4079 tibi
851 4019 935 4078 esset
952 4015 1126 4101 potestatis
1140 4014 1175 4079 in
1191 4036 1265 4094 me,
1284 4016 1347 4080 nisi
1364 4016 1530 4101 singulari
1547 4017 1697 4106 quadam

377 4120 495 4187 divina
510 4119 725 4187 ordinatione
741 4119 778 4184 id
793 4118 857 4184 tibi
872 4118 990 4186 datum
1006 4129 1107 4198 esset;
1130 4160 1173 4168 -
1187 4127 1334 4210 potestas
1353 4128 1387 4187 et
1399 4123 1585 4189 auctoritas
1602 4124 1697 4190 Pilati

375 4233 478 4295 alteo
498 4232 572 4294 erat
587 4225 684 4307 data3
706 4226 899 4292 voluntarie
918 4219 1009 4293 enim
1029 4227 1179 4294 Christus
1200 4250 1235 4293 se
1255 4229 1285 4293 ei
1305 4228 1472 4308 subdidit3
1491 4237 1607 4296 tamen
1620 4254 1698 4297 usus

378 4334 610 4423 luitiniquus;
636 4354 706 4399 non
728 4332 836 4420 igitur
849 4332 938 4399 illud
957 4331 1075 4400 dotum
1088 4347 1135 4399 est
1151 4335 1380 4422 permissionis
1400 4343 1464 4416 est,
1487 4337 1544 4402 sed
1562 4360 1697 4404 conces-

376 4442 482 4508 sionis
511 4447 668 4530 respectu
692 4439 881 4530 potestatis3
907 4442 1136 4529 permissionis
1161 4447 1273 4506 autem
1307 4451 1455 4532 respectu
1487 4467 1564 4511 usus
1590 4452 1697 4533 potes-

376 4549 453 4616 tatis
471 4577 488 4610 n
511 4547 626 4635 (Tol.).

420 4656 548 4722 Pilatus
565 4654 684 4743 itaque
699 4660 865 4744 potestate
882 4652 946 4719 sibi
960 4676 1117 4721 concessa
1136 4655 1225 4720 male
1242 4677 1319 4722 usus
1335 4666 1395 4724 est.
1409 4658 1553 4747 Caiplras
1570 4684 1649 4727 vero
1665 4668 1697 4727 et

376 4762 587 4849 synedristae
605 4783 684 4827 curn
712 4784 846 4829 summa
872 4760 1039 4827 iniustitia
1059 4761 1124 4826 sibi
1144 4769 1341 4850 potestatem
1367 4767 1401 4830 in
1428 4770 1535 4831 lesum
1557 4790 1696 4857 usurpa-

377 4874 455 4935 runt
470 4876 503 4934 et
520 4875 738 4956 arrogarunt.
757 4874 800 4934 Ex
814 4869 892 4956 lege
911 4866 975 4932 sub
997 4889 1107 4955 poena
1122 4867 1238 4935 divina
1254 4870 1397 4957 obligati
1419 4880 1515 4938 erant
1530 4879 1601 4940 lesu
1617 4875 1696 4940 obe-

378 4974 469 5056 dire3
493 4996 574 5041 nam
600 4975 680 5042 satis
705 4995 876 5065 superque
906 4996 942 5041 se
969 4973 1127 5063 probavit
1153 4976 1304 5062 legatum
1324 4976 1479 5045 divinum
1509 4981 1617 5067 (Dent.
1644 4989 1694 5058 18,
