4050 5648
313 632 386 692 tum
400 636 452 696 eat
470 633 521 696 l’a.
545 632 638 705 ¹112.
663 627 704 687 ls-
727 629 820 701 lat:
836 630 927 693 633.
945 628 980 686 6.
1002 626 1067 688 Per
1078 626 1251 694 (hristum
1272 624 1449 692 bominem
1467 626 1557 689 neus
1573 621 1640 687 bo-

311 733 423 804 mim
435 735 561 803 alvari
573 730 662 806 vult,
677 750 740 818 per
755 730 929 799 bominem
944 729 1075 817 pariter
1087 730 1245 799 hominen
1260 731 1407 799 iudicari
1422 730 1498 797 vult
1510 728 1640 796 iudicio

312 840 451 933 rituque
470 848 612 907 externo
641 835 694 901 'cl
715 841 829 906 lattb.
852 843 949 915 22³1
972 858 1076 926 serp„
1100 840 1184 904 Cum
1209 858 1333 923 graece
1353 839 1526 906 habeatur
1545 837 1582 902 b.
1611 835 1637 899 L

313 959 374 1030 ias,
395 948 551 1033 Μρῶιω
570 941 642 1007 sine
656 946 825 1027 articulo,
842 951 983 1012 monent
995 941 1105 1033 aliqui
1120 942 1231 1009 filium
1251 943 1402 1010 bominis
1415 967 1487 1011 non
1502 944 1638 1032 signill-

311 1051 589 1127 earerristum,
603 1050 652 1116 nti
665 1051 772 1131 alias,
787 1052 849 1118 aed
858 1049 1067 1139 generaliter
1075 1048 1254 1115 hominem
1264 1047 1386 1132 (nale.
1396 1051 1489 1115 lmus.
1501 1050 1637 1127 Setun

310 1159 410 1251 proin
428 1156 494 1221 boc
509 1155 585 1221 loco
600 1156 636 1222 id
654 1159 764 1225 solnm
784 1156 955 1225 enuntiari
970 1156 1005 1220 ei
1013 1156 1038 1221 i
1056 1179 1088 1222 e.
1103 1155 1187 1222 mio
1200 1154 1260 1221 [lei
1273 1154 1391 1220 datam
1402 1176 1478 1221 ease
1489 1163 1640 1244 potan-

312 1275 381 1331 tem
404 1260 555 1328 mundi
583 1263 750 1331 iudicium
776 1265 858 1352 quia
876 1263 976 1330 honio
997 1270 1066 1342 eat,
1086 1269 1248 1353 oportere
1271 1262 1365 1329 cuim
1382 1260 1536 1327 indicem
1554 1263 1640 1329 dum

312 1367 463 1435 iuodicit
485 1368 859 1449 viderieiudicaudis,
884 1371 919 1436 id
940 1367 1035 1459 quod
1054 1369 1131 1436 ficri
1150 1392 1221 1437 non
1240 1368 1457 1460 peneum
1481 1367 1640 1434 iudcxiu
1760 1385 1775 1402 ·

312 1475 466 1543 bumana
491 1483 678 1567 appareret
696 1482 837 1557 mura,
864 1498 944 1544 cum
969 1497 1097 1562 magua
1121 1475 1387 1544 iudicandorum
1414 1497 1496 1566 para
1515 1474 1561 1541 ait
1584 1497 1641 1540 re-

312 1582 438 1674 proba,
454 1583 517 1675 qui
530 1588 636 1650 lleum
660 1579 777 1647 videre
795 1603 864 1648 non
883 1582 1014 1673 posint
1034 1582 1094 1669 {ci
1113 1583 1217 1670 δαὶ).
1238 1587 1363 1650 Verum
1376 1582 1465 1650 haec
1480 1582 1570 1650 ratio
1588 1587 1642 1646 est

312 1688 485 1765 inefficax
504 1687 619 1778 potuit
644 1685 739 1752 enim
764 1690 866 1766 lkna,
887 1695 926 1755 ut
943 1689 981 1755 in
998 1693 1113 1755 vetere
1132 1687 1288 1772 loedere,
1309 1710 1483 1777 apparere
1499 1709 1565 1778 per
1578 1708 1641 1753 aa·

311 1794 430 1884 gelum
453 1796 490 1861 in
513 1794 626 1859 lorma
647 1791 788 1858 visibili
809 1797 924 1882 Neque
952 1794 1106 1861 detectura
1133 1794 1271 1861 articuli
1298 1794 1429 1875 obstat,
1455 1795 1642 1883 quominus

312 1912 373 1982 ’λ’ν,
393 1902 549 1988 Medeae
564 1898 765 1989 explicetur,
782 1899 832 1965 uti
844 1900 929 1966 eliae
941 1923 1020 1968 cum
1031 1901 1194 1978 articulo,
1210 1922 1292 1966 nam
1307 1905 1391 1966 llan.
1406 1907 1487 1982 7,13
1499 1904 1535 1966 et
1546 1899 1642 1989 apud

310 2007 500 2075 Theod.·et
516 2009 596 2073 Lxx
612 2004 732 2072 eodem
759 2006 862 2073 modo
883 2007 1021 2094 legitur,
1051 2009 1102 2076 uti
1120 2007 1193 2083 hic;
1217 2007 1298 2073 dein
1320 2005 1476 2073 delectus
1504 2005 1643 2073 articuli

311 2115 416 2182 diam
428 2112 600 2200 declanri
618 2118 730 2202 potent
744 2114 828 2203 quia
843 2124 903 2194 2¹23
922 2144 953 2182 α.
970 2113 1206 2204 praedicatum
1221 2112 1485 2200 grammaticale
1500 2120 1568 2194 eat,
1581 2111 1643 2178 ubi

311 2219 479 2289 articulus
495 2219 639 2287 omnino
654 2219 773 2286 (leenae
787 2226 914 2311 potest,
928 2219 1010 2287 licet
1024 2219 1129 2287 etiam
1142 2222 1224 2311 poni
1240 2220 1359 2310 pomit.

359 2355 376 2387 a
403 2327 537 2394 Dixerat
550 2325 670 2393 indicii
689 2331 891 2417 potestatem
904 2326 971 2393 eibi
986 2326 1103 2393 datam
1118 2348 1140 2393 a
1151 2331 1268 2406 Patre;
1285 2333 1321 2393 at
1334 2327 1417 2416 quia
1427 2325 1643 2408 audiendum

313 2432 476 2501 cordibae
502 2433 647 2502 verbum
676 2434 743 2500 hoc
763 2432 966 2501 incredibile
984 2435 1093 2501 vicum
1120 2440 1187 2515 eet,
1215 2433 1271 2500 vel
1289 2434 1423 2517 loraau,
1448 2434 1531 2500 dum
1555 2435 1643 2501 haec

313 2539 492 2621 eodircnt,
518 2545 617 2627 gestu
631 2540 749 2630 aliquo
766 2541 933 2608 exteriore
951 2547 990 2608 ut
1010 2541 1215 2608 incredibile
1240 2541 1435 2608 refutarunt
1451 2540 1608 2607 adiunxit
1624 2568 1641 2599 n

314 2646 414 2732 (rot.)
438 2669 471 2712 v.
503 2652 545 2713 28
571 2645 678 2712 nolite
705 2646 828 2713 mirari
847 2645 926 2731 ltoe,
950 2647 1057 2714 etita
1081 2649 1150 2715 hoc
1174 2647 1220 2714 ad
1242 2671 1275 2714 v.
1303 2654 1346 2714 27
1372 2648 1527 2715 referunt
1549 2650 1641 2735 Aac.

315 2755 400 2820 non.
420 2751 497 2820 cai.
518 2751 626 2818 Malu.
644 2752 764 2838 Scir„
782 2752 844 2819 alii
857 2753 903 2820 ad
923 2776 956 2821 v.
979 2758 1082 2819 mr
1108 2754 1214 2842 (lons.
1234 2752 1362 2840 Cori),
1382 2775 1427 2820 ne
1446 2753 1555 2839 igitur
1576 2752 1644 2818 hoc

315 2858 413 2927 vobis
436 2857 639 2926 incredibile
665 2858 836 2939 videatur,
867 2858 1085 2948 perpendite,
1117 2860 1202 2948 quid
1225 2859 1311 2925 mihi
1332 2859 1555 2926 commissum
1580 2858 1640 2940 sit,

314 2964 402 3057 quic
414 2965 507 3032 venit
520 2964 608 3032 liora
631 2976 769 3054 ἔρχεται,
791 2965 921 3044 veniet,
942 2973 1024 3033 nota
1041 2988 1120 3034 com
1139 2969 1229 3055 Auq.
1254 2966 1312 3032 hic
1332 2988 1404 3033 non
1416 2965 1518 3046 addi,
1535 2966 1587 3032 ofi
1607 2990 1640 3031 v.

313 3078 376 3155 25,
391 3079 427 3139 ct
438 3094 533 3139 nono
543 3080 611 3153 ent,
628 3072 666 3138 in
684 3095 757 3164 quo
771 3094 887 3140 onuieo
901 3073 964 3163 qui
975 3073 1013 3139 in
1025 3073 1270 3159 monumentis,
1292 3075 1327 3140 in
1343 3073 1527 3163 sepulcris,
1548 3085 1640 3158 sunt,

314 3177 458 3246 audient
480 3201 595 3245 nocem
620 3179 706 3245 Filii
730 3178 807 3263 llei,
823 3181 867 3246 cl.
896 3187 912 3246 l
937 3180 1051 3247 'lheea
1068 3185 1147 3256 t‚15
1170 3181 1243 3270 ipse
1261 3180 1423 3247 Dominm
1441 3179 1479 3245 iu
1495 3180 1588 3245 iumo
1611 3190 1642 3246 ἐν

315 3293 512 3369 nemimem,
531 3285 566 3351 in
580 3286 732 3352 clamore
746 3286 944 3354 excitatorio
964 3287 1057 3376 (cum
1072 3286 1223 3374 classico)
1238 3292 1273 3352 et
1290 3286 1326 3352 in
1344 3308 1427 3352 voce
1441 3285 1644 3373 archangeli

315 3392 397 3459 etin
412 3390 497 3459 tuba
511 3389 570 3458 [lei
586 3390 770 3460 descendet
783 3391 827 3459 de
837 3393 949 3472 coelo,
966 3415 999 3459 v.
1016 3399 1059 3459 29
1069 3404 1102 3458 et
1111 3391 1298 3482 procedent
1313 3393 1376 3484 qui
1385 3392 1644 3479 bonosecerunt

317 3496 355 3563 in
366 3497 648 3563 resurrectionem
664 3497 770 3582 oilae,
789 3500 1019 3586 resurgentia
1034 3498 1142 3566 vitam
1162 3506 1355 3579 aeternam,
1377 3499 1532 3590 quivero
1549 3498 1644 3565 molo

315 3616 471 3695 eperum,
488 3603 527 3669 in
542 3604 823 3671 resurrectionem
837 3603 976 3688 iudicii,
991 3613 1172 3692 resurgent
1185 3603 1229 3672 ad
1248 3604 1417 3672 iudicium
1432 3604 1643 3673 condemna·

318 3709 435 3789 tionie;
447 3709 491 3777 cl,
508 3711 622 3778 ltatth.
644 3716 757 3794 bold.
1349 3790 1351 3794 Ι

365 3840 385 3878 u
407 3821 489 3884 Eece
511 3816 556 3883 ad
575 3824 679 3906 caput
702 3816 790 3884 redit
813 3824 847 3885 et
868 3819 1176 3904 argumentationis
1195 3824 1309 3908 partes
1336 3840 1377 3884 ex
1404 3841 1473 3886 una
1490 3820 1643 3908 comple·

318 3925 414 3992 aione
427 3922 553 4011 cingit,
570 3921 653 3990 dum
666 3923 748 3989 dicit
765 3951 781 3983 n
797 3918 917 4013 (llup.)
932 3946 963 3988 v.
979 3929 1022 3988 30
1034 3946 1105 3988 non
1117 3945 1256 4012 possum
1271 3947 1334 4013 eqo
1349 3948 1371 3991 a
1384 3925 1512 4015 meipso
1525 3925 1644 4012 facere

318 4029 526 4122 quidquam,
543 4028 587 4096 cl.
610 4052 642 4097 v.
662 4028 1090 4111 193sicutaudioindico,
1111 4057 1128 4090 α
1149 4030 1303 4096 Christus
1323 4031 1488 4097 audiebat
1501 4039 1539 4097 ut
1558 4034 1644 4097 [leus

318 4137 402 4228 quia
419 4136 597 4204 scientiam
615 4134 803 4203 habebata
821 4142 917 4204 Patre
931 4136 1077 4205 eandem
1088 4156 1166 4203 cum
1180 4137 1289 4203 Patris
1301 4137 1460 4217 scientia,
1481 4137 1646 4205 audiebat

321 4250 358 4312 ut
380 4245 482 4311 homo
506 4243 566 4333 qui
585 4243 764 4311 scientiam
785 4242 972 4311 humanam
993 4242 1184 4321 habebata
1207 4242 1389 4310 divinitate
1411 4245 1644 4311 communica-

320 4360 407 4431 tam3
433 4349 611 4418 iudicabat
633 4371 735 4437 ergo,
757 4350 843 4417 sicut
861 4351 1023 4418 audiebat
1046 4356 1080 4416 et
1100 4371 1171 4415 non
1190 4372 1211 4414 a
1233 4350 1345 4440 seipso
1359 4350 1448 4430 solo,
1469 4373 1541 4418 non
1561 4372 1644 4438 ergo

319 4456 483 4543 ignorare
498 4456 627 4547 aliquid
642 4462 791 4547 poterat,
806 4480 873 4547 quo
883 4457 1046 4525 iudicium
1062 4456 1176 4523 minus
1190 4462 1320 4523 rectum
1335 4458 1483 4524 ferretur
1496 4487 1512 4516 o
1527 4457 1642 4546 (Tol.);

322 4560 479 4629 similiter
503 4564 589 4630 inv.
612 4571 665 4632 19.
690 4570 732 4629 20
752 4562 877 4629 dicitur
901 4563 1028 4648 videre,
1055 4562 1288 4630 demomernre
1309 4564 1352 4631 de
1374 4564 1536 4653 operibus
1555 4586 1644 4654 quae

325 4667 427 4735 Filius
450 4690 471 4733 a
491 4674 587 4737 l’etrc
606 4694 641 4738 se
662 4671 815 4759 accipere
838 4671 1003 4750 affirmat,
1024 4670 1126 4738 simul
1148 4671 1267 4738 asserit
1289 4694 1325 4737 se
1347 4693 1419 4736 non
1443 4669 1538 4735 aliud
1557 4671 1643 4738 velle

323 4795 428 4864 quam
447 4775 540 4862 quod
565 4782 664 4845 Pater
688 4777 768 4844 velit
789 4777 879 4862 (Chr.
907 4778 1015 4867 Cyn).
1033 4776 1086 4843 Uti
1108 4777 1181 4845 Gai.
1197 4784 1308 4858 notat,
1327 4775 1453 4864 triplici
1474 4798 1515 4842 ex
1533 4779 1644 4866 capite

323 4885 434 4971 potent
448 4880 614 4950 iudicium
627 4909 648 4951 o
661 4885 750 4957 iusto
765 4881 952 4970 declinare,
971 4884 1024 4952 vet
1044 4894 1197 4973 exparte
1216 4885 1402 4975 potentiae,
1421 4881 1529 4951 velex
1548 4893 1644 4974 parte
