4050 5648
258 452 265 503 't
346 494 408 556 ⁴²⁰
449 561 452 567 .
878 512 959 558 roxx.
985 495 1136 572 issaar.

345 652 437 736 (Luc.
455 649 590 733 at,tt);
614 639 704 708 unde
719 663 790 710 esse
817 667 894 712 cum
918 644 1080 736 apostolis
1096 640 1179 708 dicit
1199 643 1241 710 de
1265 642 1428 712 continua
1451 640 1511 713 sua
1530 664 1608 710 cum
1628 643 1670 710 iis

343 754 604 828 consuetudine,
622 748 757 838 qualem
771 759 849 841 post
864 750 1143 820 resurrectionem
1158 749 1225 817 iam
1243 770 1310 816 non
1326 748 1489 820 habebat.
1507 756 1583 820 Post
1596 751 1670 817 eius

218 840 224 874 ⁵
307 946 310 952 Ι
342 863 525 930 discessum
541 875 666 941 magno
676 856 846 925 desiderio
859 857 1013 949 discipuli
1029 848 1103 920 eius
1113 857 1341 944 praesentiam
1356 859 1525 944 optabunt
1541 881 1549 927 :
1566 879 1670 948 quoe·

341 969 423 1036 retis
440 984 511 1046 me,
531 962 666 1030 etaient
685 962 761 1030 dei
774 961 912 1031 Iudaeis
926 992 936 1029 :
951 984 1018 1053 quo
1031 982 1092 1050 eqo
1107 962 1206 1043 codo,
1223 986 1281 1030 cos
1295 984 1365 1030 nou
1378 968 1522 1051 potestis
1538 963 1667 1046 venire,

342 1084 377 1141 et
389 1068 483 1137 vobis
502 1066 578 1136 dico
593 1069 692 1137 modo
698 1092 713 1152 ,·
727 1071 770 1136 cf.
794 1076 892 1151 7‚3t;
917 1068 1008 1158 quod
1029 1075 1129 1136 antea
1153 1070 1284 1137 ludaeis
1303 1069 1398 1149 dixit,
1417 1067 1483 1134 hoc
1503 1094 1597 1140 nunc
1616 1071 1670 1138 vel

342 1175 445 1244 modo
460 1184 527 1264 ἄρτι
549 1175 727 1267 discipulis
748 1174 831 1242 dicit
857 1176 960 1264 (lons.
978 1172 1086 1242 Mold.
1104 1176 1237 1264 Sota),
1259 1178 1307 1243 ita
1330 1199 1370 1242 ex
1390 1176 1602 1265 oppositione
1624 1175 1670 1245 ad

340 1281 482 1351 ludaeos
496 1283 621 1375 quibus
632 1288 734 1349 antea
743 1281 828 1348 dixit
840 1281 1055 1366 iungendum
1069 1285 1150 1365 crit,
1163 1303 1375 1372 quamquam
1393 1305 1462 1350 non
1480 1286 1582 1371 pauci
1596 1285 1666 1352 ita:

340 1388 441 1457 modo
455 1412 527 1458 non
543 1387 683 1481 potestis
699 1388 832 1469 venire,
848 1386 913 1453 hoc
924 1386 1001 1454 dico
1016 1387 1153 1479 (Theod.
1170 1391 1216 1455 M.
1240 1391 1331 1478 Auq.
1350 1388 1432 1456 Bed.
1454 1387 1569 1456 Tbom.
1589 1390 1665 1459 cai.

164 1454 194 1549 3‘
238 1468 247 1551 ¹-
304 1506 307 1511 '
339 1498 456 1589 hap).
478 1502 568 1564 lesus
579 1493 674 1561 vadit
689 1493 734 1559 ad
748 1498 897 1574 Patrem;
918 1500 1033 1561 monet
1051 1517 1085 1561 se
1108 1495 1174 1561 iam
1192 1494 1323 1562 ludaeis
1343 1495 1480 1578 dixisse,
1499 1502 1536 1562 ut
1553 1517 1667 1564 recor·

338 1603 500 1672 dcntnra
517 1623 553 1669 sc
574 1602 643 1667 iam
667 1608 769 1668 antea
791 1599 1005 1690 praedictum
1020 1623 1090 1668 esse
1113 1622 1121 1668 :
1147 1600 1233 1668 vado
1256 1602 1300 1668 ad
1320 1623 1398 1667 eum
1415 1603 1475 1692 qui
1496 1623 1550 1671 me
1576 1602 1667 1670 misit

338 1711 463 1800 (7,at);
493 1704 639 1798 proinde
667 1728 764 1773 suam
794 1712 939 1774 mortem
961 1729 1032 1774 non
1059 1706 1186 1773 adduci
1211 1708 1356 1774 arbitrio
1377 1705 1663 1777 adversariorum.

338 1817 473 1885 ludaeis
494 1813 625 1880 dixerat
651 1834 659 1881 :
681 1818 716 1880 et
737 1835 805 1880 non
829 1814 1028 1889 invenietis;
1051 1813 1116 1879 hoo
1137 1812 1315 1903 discipulis
1346 1836 1417 1881 non
1438 1814 1537 1896 dicit;
1558 1837 1667 1904 quare

336 1922 440 1990 simul
453 1920 582 1988 indicat
596 1919 678 2010 ipsis
691 1941 789 1986 suam
804 1942 903 2009 opem
914 1926 947 1986 et
961 1918 1126 1986 auxilium
1137 1926 1171 1986 et
1181 1919 1449 1987 consolationem
1464 1943 1532 1988 non
1548 1922 1666 1989 defore

335 2028 373 2096 in
391 2026 691 2108 tribulationibus,
708 2047 792 2115 quas
810 2025 885 2116 ipsa
901 2048 982 2092 voce
997 2027 1167 2114 parceretis
1187 2049 1240 2093 me
1255 2033 1288 2092 et
1307 2028 1564 2118 comparatione
1577 2027 1663 2096 illa:

335 2136 427 2203 sicut
440 2132 573 2201 ludaeis
591 2132 678 2214 dixi,
703 2132 784 2199 satis
809 2131 921 2199 innuit
940 2132 1008 2198 illis
1033 2155 1232 2200 occursuras
1255 2155 1337 2200 esse.
1358 2138 1431 2201 Non
1450 2139 1591 2224 possunt
1605 2157 1664 2202 vc-

335 2242 429 2323 nire,
445 2240 563 2332 utique
581 2261 684 2315 nunc,
701 2239 818 2306 statim
833 2261 904 2305 non
917 2246 1075 2329 possunt;
1095 2268 1110 2299 α
1130 2261 1194 2306 nec
1206 2239 1298 2305 enim
1314 2247 1449 2329 tempus
1461 2238 1576 2308 adbuc
1591 2247 1665 2309 erat

335 2346 521 2437 discipulos
544 2345 699 2414 nondum
720 2345 907 2412 ministerio
928 2368 988 2412 suo
1011 2354 1248 2413 consummato
1267 2346 1313 2412 ad
1331 2368 1497 2436 supernas
1518 2348 1664 2416 transire

196 2422 205 2475 f
223 2537 226 2543 Ι
336 2453 547 2537 mansiones3
557 2475 598 2520 ea
605 2452 735 2542 quippe
745 2451 904 2538 migratio
915 2453 951 2518 in
959 2473 1150 2539 congruum
1159 2458 1224 2518 tem
1229 2453 1499 2542 pusservabatur
1510 2482 1526 2515 »
1542 2454 1661 2543 (eye).

335 2563 391 2628 cui
403 2559 528 2628 rationi
540 2581 579 2626 ex
590 2558 705 2626 divina
719 2557 935 2626 ordinatione
943 2563 976 2625 et
991 2580 1110 2625 corum
1123 2579 1264 2626 munere
1274 2560 1461 2649 apostolico
1474 2560 1662 2651 depromp-

335 2671 390 2735 tae
404 2667 547 2735 alteram
561 2687 698 2758 quoque
711 2665 792 2732 addi
812 2687 909 2755 posse
925 2671 1038 2732 censet
1051 2666 1142 2732 lons.
1158 2668 1415 2757 :quiapropter
1428 2666 1662 2757 imperiectio-

246 2854 248 2858 ,
334 2795 415 2840 nem
430 2772 584 2841 nondum
599 2771 670 2862 apti
683 2773 751 2839 sint
765 2793 874 2859 regno
887 2773 946 2839 Dei
960 2778 1020 2840 ant
1035 2773 1138 2838 morti
1151 2795 1214 2862 pro
1233 2773 1306 2840 eius
1324 2774 1436 2861 gloria
1450 2772 1659 2842 tolerandae.

327 2892 331 2898 '
379 2883 464 2948 Cum
486 2880 602 2968 itaque
616 2878 683 2945 illis
704 2878 739 2944 in
755 2878 826 2945 vita
849 2878 984 2946 mortali
1005 2879 1253 2946 remanendum
1268 2881 1323 2961 sit,
1340 2880 1485 2947 formam
1501 2880 1590 2947 vitac
1605 2903 1663 2948 eos

334 2985 435 3055 docet
457 2986 560 3076 (lans.
589 2984 675 3074 Tol.)
695 2984 866 3074 simulque
887 2986 1039 3071 assignat
1057 2985 1227 3073 quomodo
1249 3007 1356 3072 regno
1381 2987 1438 3053 Dei
1463 3008 1499 3053 se
1519 2986 1663 3054 idoneos

333 3091 478 3161 reddere
492 3091 642 3159 debcant
665 3090 766 3181 (Rup.
793 3090 921 3178 Thom.)
938 3097 972 3157 ct
986 3091 1189 3158 discedentis
1204 3091 1240 3157 in
1258 3091 1401 3159 modum
1423 3098 1566 3182 paterna
1586 3115 1662 3161 mo-

331 3189 405 3267 nita
421 3199 464 3266 iis
477 3198 537 3267 dat
552 3221 582 3265 v.
593 3204 635 3265 at
646 3196 848 3264 ocandotum
861 3220 984 3264 novum
1000 3196 1042 3263 do
1054 3198 1164 3279 vobis,
1179 3212 1216 3263 ut
1229 3197 1384 3288 diliqotis
1398 3198 1554 3280 invicem,
1571 3200 1660 3267 sieut

334 3305 445 3374 dilexi
464 3327 539 3389 vos,
563 3316 601 3370 ut
621 3316 654 3371 et
676 3327 734 3370 vos
756 3303 913 3393 diliqatis
940 3304 1105 3390 invicem
1128 3305 1222 3393 prius
1244 3310 1291 3372 ἵνα
1313 3316 1351 3370 ut
1376 3305 1529 3373 declarat
1547 3307 1659 3396 ipsum

331 3412 534 3479 mandatum
566 3410 693 3478 eteius
715 3415 958 3497 argumentum
989 3410 1134 3491 inducit;
1158 3413 1256 3490 καθώς
1284 3411 1375 3478 sicut
1396 3412 1535 3502 exponit
1556 3412 1660 3480 huius

331 3517 486 3585 mandati
503 3538 657 3584 normam
680 3522 714 3583 et
732 3517 943 3606 exemplum
967 3516 1112 3582 altorum
1134 3522 1181 3584 ἵνα
1198 3530 1237 3582 ut
1261 3517 1390 3585 indicat
1410 3518 1493 3607 quid
1509 3518 1661 3587 Christus

330 3624 397 3693 hac
409 3646 470 3692 sua
480 3622 661 3691 dilectione
674 3623 778 3689 ctiam
792 3622 991 3691 intenderit.
1008 3627 1182 3701 Quaerunt
1196 3645 1257 3690 cur
1272 3623 1364 3691 dicat
1378 3630 1469 3692 lesus
1483 3625 1548 3692 hoc
1564 3647 1659 3693 man-

330 3731 451 3800 datnm
462 3753 603 3809 novum,
620 3729 909 3798 commandatum
927 3729 1097 3817 diligendi
1115 3731 1306 3819 proximum
1324 3731 1393 3798 iam
1411 3733 1516 3800 etiam
1529 3732 1567 3799 in
1580 3733 1656 3821 lege

329 3839 447 3907 datum
464 3837 507 3904 sit
527 3837 615 3926 (Lev,
641 3842 757 3918 19‚18;
779 3837 822 3904 cf.
852 3836 965 3903 llatth.
983 3838 1090 3925 5,t3).
1114 3837 1232 3904 Variae
1256 3838 1407 3905 rationes
1426 3840 1654 3926 assignantur.

329 3949 540 4036 Frequenter
559 3964 686 4010 novom
704 3949 847 4010 cernunt
865 3942 901 4009 in
923 3964 1044 4010 norma
1065 3943 1196 4010 adiecta
1224 3966 1230 4010 :
1255 3944 1341 4011 sicut
1363 3944 1468 4011 dilexi
1491 3968 1565 4028 vos,
1587 3968 1657 4036 quo

329 4052 433 4121 modo
447 4049 564 4119 addito
580 4049 729 4116 ostendit
745 4078 761 4111 «
775 4070 872 4117 suam
887 4048 1108 4116 dilectionem
1123 4050 1255 4140 aliquid
1266 4051 1376 4117 maius
1391 4074 1431 4118 ac
1449 4051 1658 4141 praeclarius

328 4160 459 4228 habere
473 4178 576 4246 quam
598 4161 694 4220 vetus
720 4154 780 4222 illa
803 4154 838 4219 in
860 4154 1031 4243 proximos
1048 4154 1202 4235 dilectio,
1222 4156 1483 4244 investigandus
1495 4181 1578 4246 ergo
1598 4160 1658 4229 ho-

173 4248 176 4253 ·
227 4346 230 4351 ⁴
326 4287 406 4333 rum
419 4263 603 4332 verborum
618 4282 735 4328 sensus
747 4266 780 4327 ct
799 4260 1034 4349 quaerendum
1051 4261 1222 4350 quomodo
1240 4283 1302 4327 nos
1317 4262 1469 4331 Christus
1483 4265 1654 4349 dilexerit;

325 4378 409 4440 tunc
424 4374 531 4453 enim,
552 4376 635 4436 tunc
654 4367 738 4457 quid
755 4366 917 4433 novitatis
939 4373 971 4432 et
991 4366 1198 4435 discriminis
1215 4369 1259 4435 sit
1273 4370 1307 4435 in
1323 4392 1362 4436 eo
1380 4372 1472 4460 quod
1487 4394 1578 4438 nunc
1597 4372 1656 4440 da-

327 4482 385 4546 tur
404 4479 565 4546 mandato
581 4475 681 4543 facilc
696 4474 949 4541 recensebimus
969 4502 983 4532 1>
1004 4475 1116 4562 (Gya.)
1139 4481 1172 4540 et
1193 4477 1281 4542 hanc
1296 4477 1482 4544 novitatem
1498 4480 1655 4569 exemplo

327 4585 452 4652 Christi
467 4587 504 4651 in
525 4607 564 4652 eo
584 4580 858 4670 deprehendunt,
882 4587 918 4646 ut
942 4580 1094 4647 Christus
1112 4581 1229 4648 iubeat
1252 4605 1312 4650 nos
1333 4584 1419 4651 alios
1442 4606 1557 4651 amare
1577 4587 1654 4676 plus

325 4712 432 4783 quam
448 4713 508 4758 nos
532 4692 637 4780 ipsoS,
656 4689 704 4755 ita
723 4695 760 4755 ut
780 4687 887 4754 vitam
904 4687 1012 4776 ipsam
1034 4710 1095 4776 pro
1111 4688 1151 4754 iis
1166 4711 1293 4778 ponere
1309 4689 1422 4779 parati
1435 4690 1540 4758 simus
1556 4692 1650 4782 (Cyn.

324 4794 449 4863 Tbeod,
464 4800 510 4862 Μ.
526 4804 681 4864 Antinoo.
699 4799 783 4886 Rup,
797 4792 926 4880 Ereta),
946 4794 999 4860 vel
1014 4801 1052 4860 ut
1062 4794 1247 4882 diligamus
1259 4802 1472 4885 praestantes
1486 4797 1653 4867 beneficia

321 4903 421 4971 nullo
436 4901 550 4970 debito
559 4902 726 4985 obstricti,
743 4901 986 4993 quiaGhristus
1005 4923 1072 4967 non
1089 4905 1210 4969 nostris
1226 4903 1355 4970 meritis
1366 4906 1652 4994 praecedentibus
