4050 5648
371 695 481 765 oeque
499 675 555 743 hic
572 666 727 764 peccavit
752 685 1039 761 aequepotentes
1064 668 1152 746 eirca,
1175 669 1249 736 scil.
1274 672 1310 735 dt
1335 690 1454 739 caecus
1476 675 1686 756 nasceretur,

369 804 457 871 quae
475 780 578 851 verba
591 783 638 844 ἵνα
653 782 761 860 τυφλὸς
775 787 901 868 γεννηθῇ
917 778 1008 867 apud
1024 773 1100 843 etr.
1122 774 1267 866 Theoplc.
1283 775 1360 863 Cyr.
1373 775 1440 865 ipsi
1448 782 1552 847 textui
1563 780 1690 847 inserta
1768 865 1770 869 ‚

367 890 542 978 leguntur,
555 879 616 949 scd
634 892 672 946 ut
688 883 953 970 oronitesteutur
964 903 1066 972 opera
1078 881 1141 946 Dei
1161 882 1273 949 inille
1293 884 1315 947 i.
1329 903 1359 948 e.
1375 889 1558 971 propterea
1569 904 1689 953 caecas

367 1002 468 1063 natus
493 995 557 1069 est,
588 993 624 1053 ut
638 994 721 1071 etc.;
741 990 987 1057 ostendendum
1007 993 1082 1053 erat
1107 988 1141 1054 in
1156 989 1216 1057 illo
1237 987 1355 1080 qualia
1373 995 1483 1055 essent
1498 994 1557 1059 Dei
1568 1013 1686 1082 opera,

367 1105 514 1192 quantae
528 1098 700 1182 potentiae
713 1104 746 1163 et
758 1102 909 1185 quantae
919 1114 1054 1160 rursum
1064 1091 1226 1163 bonitatis
1237 1096 1372 1186 (tuost.
1387 1099 1577 1164 Nascuntur
1589 1095 1690 1166 multi

334 1285 336 1290 Α
367 1204 471 1272 variis
493 1201 632 1269 obnoxii
650 1202 856 1281 defectibus,
880 1198 987 1279 caeci,
1007 1199 1133 1269 claudi.
1161 1203 1255 1269 Vires
1274 1202 1365 1270 enim
1386 1201 1559 1269 naturales
1578 1226 1690 1293 quan-

366 1312 480 1399 doque
497 1307 660 1376 defioiunt
681 1309 732 1375 vel
757 1307 845 1372 aliae
862 1303 1008 1372 subsunt
1023 1329 1143 1375 causae
1164 1309 1291 1398 quibus
1305 1307 1494 1398 impeditur
1511 1330 1557 1375 ne
1572 1315 1690 1397 partus

366 1418 410 1484 ad
430 1415 581 1484 debitam
609 1414 783 1505 pertingat
801 1410 1054 1500 perfectionem.
1070 1413 1167 1491 Quod
1179 1414 1229 1481 ita
1247 1416 1355 1482 causis
1375 1413 1591 1482 naturalibus
1604 1416 1691 1483 exsi-

277 1566 280 1571 <
365 1526 423 1590 stit
440 1530 525 1591 Deus
541 1545 604 1612 pro
628 1541 690 1587 sua
713 1517 926 1607 providentia
947 1528 981 1586 et
1000 1520 1153 1586 bonitate
1176 1521 1221 1587 ad
1252 1520 1355 1589 finem
1380 1520 1537 1589 altiorem
1556 1521 1687 1609 dirigit.

365 1630 522 1699 Permisit
535 1630 652 1717 itaque
667 1627 702 1690 in
719 1646 820 1690 caeco
834 1623 895 1690 illo
911 1624 1121 1706 caecitatem,
1140 1632 1227 1692 utex
1237 1649 1277 1694 ea
1291 1650 1395 1717 opera
1409 1629 1479 1711 Dei,
1494 1628 1687 1716 gloriaDei,

366 1738 476 1825 gloria
495 1734 569 1801 Filii
590 1732 648 1799 [tei
669 1729 778 1820 (etr.)
801 1731 1117 1811 manifestarentur;
1135 1753 1198 1821 pro
1222 1732 1362 1800 homine
1384 1756 1523 1823 quoque
1540 1734 1690 1806 istesde-

367 1845 473 1911 lectus
485 1839 618 1908 occasio
633 1844 707 1904 erat
719 1835 802 1902 boni
815 1836 1012 1925 spiritualis.
1028 1837 1111 1914 Quia
1122 1839 1229 1924 igitur
1239 1838 1404 1905 eiusmodi
1414 1839 1566 1906 delectus
1580 1839 1692 1907 causis

365 1945 582 2016 naturalibus
605 1944 774 2025 oriuntur,
801 1964 872 2009 non
897 1948 947 2010 est
968 1943 1023 2010 hic
1044 1944 1298 2032 quaerendum,
1319 1944 1491 2034 quomodo
1514 1951 1600 2014 Deus
1617 1947 1690 2014 sine

365 2054 532 2123 iniustitia
557 2049 662 2119 talem
682 2071 828 2139 poenam
852 2048 981 2139 absque
1000 2048 1072 2116 ulla
1092 2049 1242 2118 hominis
1265 2051 1370 2140 culpa
1386 2051 1544 2139 infligere
1567 2053 1688 2143 possit3

366 2183 478 2252 neque
491 2179 578 2249 opus
592 2164 643 2224 est
658 2154 770 2223 dicere
795 2156 971 2223 hominem
987 2177 1058 2223 non
1073 2156 1200 2224 habere
1217 2159 1285 2240 ins,
1307 2180 1420 2249 neque
1436 2163 1542 2226 Deum
1561 2179 1690 2245 negare

365 2269 498 2347 debita,
520 2265 577 2331 sed
592 2264 704 2330 solum
725 2285 795 2329 non
816 2263 931 2329 omnia
946 2261 1074 2329 donare
1088 2285 1176 2354 quae
1191 2265 1321 2331 donare
1334 2264 1485 2354 potuerit
1504 2264 1561 2353 (cl.
1587 2264 1688 2354 rot).

365 2373 517 2444 Christus
531 2372 648 2461 itaque
662 2369 790 2437 indicat
806 2370 851 2436 ad
870 2390 973 2458 quem
988 2369 1091 2437 finem
1104 2369 1256 2438 defectus
1271 2370 1331 2438 ifle
1345 2371 1497 2440 directus
1510 2371 1554 2439 ait
1568 2393 1589 2461 a
1603 2377 1687 2454 Deo;

364 2502 476 2571 neque
490 2486 605 2546 tamen
618 2477 700 2544 inde
715 2477 870 2565 sequitur
884 2474 1081 2543 caecitatem
1095 2475 1296 2544 immediate
1310 2484 1344 2544 at
1359 2477 1486 2546 directe
1500 2500 1521 2545 a
1539 2483 1692 2546 Decesse

366 2587 531 2655 effectam.
550 2590 674 2653 Putant
697 2583 805 2672 aliqui
833 2587 880 2650 ἵνα
902 2594 1034 2650 utnon
1057 2605 1153 2673 posse
1173 2584 1261 2651 bene
1281 2585 1393 2674 accipi
1416 2584 1482 2652 nisi
1500 2584 1544 2653 de
1567 2590 1692 2653 eventu

367 2694 559 2783 (ἐκύατικῶς,
580 2691 657 2758 etr.
681 2692 760 2777 Cyr.
785 2688 930 2779 Theoplt.
952 2687 1095 2778 Mald.);
1119 2697 1154 2758 at
1175 2690 1274 2758 nulla
1295 2698 1345 2759 est
1365 2691 1453 2759 ratio
1472 2690 1691 2760 recedendia

365 2801 482 2868 nativa
496 2798 650 2877 notione,
669 2796 719 2862 uti
733 2795 801 2862 iam
819 2793 932 2862 rtem.
956 2794 1026 2862 rot.
1049 2796 1244 2864 ostendunt.

410 2914 517 2986 Quam
535 2902 846 2971 manifestationem
870 2922 1012 2990 operum
1033 2903 1088 2968 [tei
1109 2901 1279 2970 Christum
1304 2903 1440 2971 efficere
1462 2910 1597 2994 oportet
1620 2927 1652 2971 v.
1671 2913 1689 2972 t

366 3037 420 3082 me
435 3025 565 3104 oportet
581 3008 718 3101 operari
734 3030 837 3098 opero
854 3007 928 3074 eius
942 3006 1004 3096 qui
1013 3007 1110 3075 misit
1119 3031 1184 3086 me,
1202 3030 1326 3096 graece
1336 3031 1437 3100 saepe
1451 3010 1580 3098 legitur
1595 3020 1689 3097 ἡμᾶς,

367 3122 571 3212 plerumque
598 3124 713 3184 tamen
739 3114 847 3181 solum
869 3114 904 3180 in
939 3115 1093 3181 membro
1118 3115 1250 3206 priore,
1276 3117 1485 3213 quandoque
1508 3117 1692 3209 utrobique

367 3229 479 3318 (ΟΨ.)
501 3247 572 3314 qua
589 3223 734 3290 lectione
751 3225 840 3287 lesus
854 3220 1025 3311 apostolos
1044 3243 1123 3288 suos
1144 3223 1180 3288 in
1202 3222 1400 3290 societatem
1420 3222 1533 3314 operis
1552 3226 1693 3292 assumit

367 3357 436 3426 quo
451 3353 556 3423 opera
570 3329 628 3397 Dei
640 3326 760 3419 perfici
774 3332 908 3416 oportet
923 3331 958 3394 et
971 3326 1121 3394 ostendit
1139 3351 1226 3418 opus
1240 3351 1307 3396 ase
1324 3329 1518 3419 inceptum,
1535 3332 1596 3421 qui
1608 3332 1691 3399 mis-

366 3462 423 3508 sus
438 3440 481 3506 sil
499 3461 520 3504 a
538 3440 636 3503 Patre
652 3434 694 3501 ad
709 3431 797 3500 illud
806 3432 1104 3519 inaugurandum,
1122 3434 1398 3503 continuandum
1413 3458 1484 3503 esse
1498 3437 1544 3504 ab
1557 3443 1692 3527 aposto

367 3549 424 3628 lis;
446 3550 582 3634 oportet
594 3540 755 3609 autemin
767 3539 809 3606 iis
822 3536 1230 3628 operaridooecdiesest;
1242 3541 1428 3629 cenitana,
1444 3542 1691 3633 quandonemo

364 3664 476 3745 potest
487 3647 642 3741 operari;
659 3677 674 3708 e
692 3653 725 3713 et
737 3645 828 3713 diem
841 3644 982 3735 quidem
995 3645 1052 3713 hic
1068 3669 1253 3736 corporeae
1269 3648 1358 3716 vitae
1374 3653 1508 3739 tempus
1523 3651 1689 3733 nominat,

368 3766 503 3827 noctem
524 3778 604 3823 vero
624 3753 716 3820 diem
737 3754 872 3830 mortis;
898 3752 972 3819 dies
990 3752 1082 3819 enim
1107 3754 1271 3822 tribuitur
1286 3754 1465 3845 operibus,
1488 3778 1554 3823 nor
1573 3757 1643 3824 otio
1660 3764 1693 3824 et

367 3887 503 3945 somno;
528 3861 656 3929 ideirco
679 3858 768 3925 vitae
789 3865 923 3946 tempus
946 3881 1015 3949 quo
1035 3860 1248 3950 operandum
1273 3867 1323 3928 est
1343 3860 1436 3929 diem
1461 3884 1534 3930 esse
1555 3862 1689 3947 dicunt,

368 3979 503 4040 noctem
514 3975 628 4036 autem
639 3963 832 4032 dormiendi
845 3970 996 4052 tempus,
1007 3987 1075 4054 quo
1087 3966 1233 4033 abomni
1247 3989 1349 4057 opere
1362 3974 1515 4037 cessatur
1528 3998 1544 4032 »
1559 3969 1690 4060 (Cpr.);

369 4079 454 4147 dicit
467 4077 583 4165 itaque
604 4072 754 4140 Christus
773 4070 877 4137 etiam
892 4091 955 4159 pro
977 4092 1014 4137 se
1038 4093 1046 4136 :
1069 4070 1152 4138 dum
1176 4073 1272 4155 vivo,
1294 4075 1509 4164 operandum
1530 4076 1617 4143 mihi
1643 4084 1694 4144 est

371 4185 482 4276 (chr.)
499 4189 533 4249 et
552 4181 645 4247 diem
666 4184 766 4244 vocat
787 4184 923 4267 tempus
946 4177 1134 4267 corporalis
1151 4200 1233 4246 suae
1249 4180 1286 4246 in
1307 4181 1438 4249 mundo
1461 4185 1690 4271 praesentiae;

370 4299 504 4360 noctem
529 4309 608 4353 vero
631 4293 766 4374 tempus
787 4281 923 4364 mortis,
950 4304 1019 4372 quo
1041 4306 1081 4349 ex
1100 4284 1236 4352 decreto
1259 4288 1365 4354 Patris
1383 4295 1564 4355 vacaturus
1585 4296 1694 4357 erata
1762 4345 1765 4350 .

371 4399 526 4466 doctrina
540 4401 575 4460 et
589 4391 834 4459 miraculorum
853 4388 1032 4480 operibus,
1049 4390 1097 4456 sie
1109 4397 1147 4458 ut
1160 4414 1200 4458 ea
1222 4415 1284 4482 per
1297 4417 1368 4462 sese
1382 4416 1452 4462 non
1467 4395 1694 4484 corporaliter

370 4506 413 4572 sit
429 4502 644 4572 exhibiturus
660 4499 763 4586 (lons.
782 4496 850 4563 Tol,
869 4495 1005 4584 Melet).
1022 4501 1151 4564 Etcum
1172 4499 1328 4569 dicatur:
1348 4503 1441 4567 venit
1454 4525 1537 4586 nox,
1553 4503 1693 4592 quando

371 4634 513 4679 nemo...
535 4606 702 4674 sententia
722 4611 757 4671 ct
777 4603 1145 4695 applicatiogeneralis
1168 4606 1237 4674 iam
1252 4609 1332 4674 satis
1346 4609 1544 4676 enuntiatur
1560 4611 1612 4677 vel
1631 4634 1694 4700 pro

370 4718 514 4804 singulis
533 4715 587 4782 vel
603 4734 665 4802 pro
680 4733 807 4798 genere
827 4713 980 4778 humano
999 4708 1055 4798 (cf.
1080 4712 1158 4779 Clu.
1181 4713 1285 4781 nott.
1304 4712 1441 4801 Mutat
1459 4721 1499 4783 Et
1522 4739 1583 4784 our
1598 4719 1694 4784 Chri-

369 4831 460 4893 stum
480 4825 636 4913 oportaat
654 4818 806 4907 operari,
824 4817 934 4885 donec
950 4816 1024 4883 dies
1044 4824 1110 4901 est,
1125 4818 1149 4885 i.
1175 4843 1204 4885 e.
1223 4819 1306 4887 dum
1322 4821 1357 4887 in
1381 4821 1446 4890 hac
1465 4822 1535 4891 vita
1557 4824 1694 4892 mortali

371 4935 537 5008 versatur,
562 4927 647 4996 ratio
667 4925 812 4991 affertur
827 4948 858 4991 v.
879 4932 898 4993 5
915 4923 1083 5015 qrramdiu
1098 4949 1173 4992 sum
1188 4925 1225 4991 io
1237 4925 1378 5012 mundo,
1397 4928 1458 4998 lux
1471 4953 1547 4999 sam
1560 4930 1690 5014 mundi,
