<?xml version="1.0" encoding="UTF-8"?>
<!DOCTYPE html PUBLIC "-//W3C//DTD XHTML 1.0 Transitional//EN"
    "http://www.w3.org/TR/xhtml1/DTD/xhtml1-transitional.dtd">
<html xmlns="http://www.w3.org/1999/xhtml" xml:lang="en" lang="en">
 <head>
  <title>
</title>
<meta http-equiv="Content-Type" content="text/html;charset=utf-8" />
  <meta name='ocr-system' content='tesseract 3.04.00' />
  <meta name='ocr-capabilities' content='ocr_page ocr_carea ocr_par ocr_line ocrx_word'/>
</head>
<body>
  <div class='ocr_page' id='page_1' title='image "./commentariusinq00knabgoog_0281.png"; bbox 0 0 4050 5648; ppageno 0'>
   <div class='ocr_carea' id='block_1_1' title="bbox 202 633 1799 739">
    <p class='ocr_par' dir='ltr' id='par_1_1' title="bbox 202 633 1799 739">
     <span class='ocr_line' id='line_1_1' title="bbox 202 633 1799 739; baseline -0.001 -27"><span class='ocrx_word' id='word_1_1' title='bbox 202 647 210 659; x_wconf 85' lang='lat'><em>&#39;</em></span> <span class='ocrx_word' id='word_1_2' title='bbox 338 644 426 714; x_wconf 74' lang='lat' dir='ltr'><strong>ricta</strong></span> <span class='ocrx_word' id='word_1_3' title='bbox 443 648 529 719; x_wconf 85' lang='lat' dir='ltr'><strong>dicit</strong></span> <span class='ocrx_word' id='word_1_4' title='bbox 546 652 742 739; x_wconf 80' lang='lat' dir='ltr'><strong>Scriptura,</strong></span> <span class='ocrx_word' id='word_1_5' title='bbox 764 643 914 732; x_wconf 73' lang='lat' dir='ltr'><strong>flumina</strong></span> <span class='ocrx_word' id='word_1_6' title='bbox 932 649 974 716; x_wconf 84' lang='lat' dir='ltr'><strong>de</strong></span> <span class='ocrx_word' id='word_1_7' title='bbox 988 663 1103 717; x_wconf 72' lang='lat' dir='ltr'><strong>veram</strong></span> <span class='ocrx_word' id='word_1_8' title='bbox 1121 642 1196 711; x_wconf 83' lang='lat' dir='ltr'><strong>ciur</strong></span> <span class='ocrx_word' id='word_1_9' title='bbox 1207 643 1321 733; x_wconf 70' lang='lat' dir='ltr'><strong>flueret</strong></span> <span class='ocrx_word' id='word_1_10' title='bbox 1334 666 1449 734; x_wconf 79' lang='lat' dir='ltr'><strong>oquae</strong></span> <span class='ocrx_word' id='word_1_11' title='bbox 1463 644 1664 732; x_wconf 82' lang='lat' dir='ltr'><strong>oiaae,·lln-</strong></span> <span class='ocrx_word' id='word_1_12' title='bbox 1792 633 1799 641; x_wconf 70' lang='grc'><strong>’</strong></span> 
     </span>
    </p>
   </div>
   <div class='ocr_carea' id='block_1_2' title="bbox 331 748 1666 1483">
    <p class='ocr_par' dir='ltr' id='par_1_2' title="bbox 331 748 1666 1483">
     <span class='ocr_line' id='line_1_2' title="bbox 338 748 1660 846; baseline -0.003 -24"><span class='ocrx_word' id='word_1_13' title='bbox 338 754 431 824; x_wconf 92' lang='lat' dir='ltr'><strong>mina</strong></span> <span class='ocrx_word' id='word_1_14' title='bbox 445 758 636 826; x_wconf 85' lang='lat' dir='ltr'><strong>ubertatem</strong></span> <span class='ocrx_word' id='word_1_15' title='bbox 655 758 689 817; x_wconf 81' lang='lat' dir='ltr'><strong>et</strong></span> <span class='ocrx_word' id='word_1_16' title='bbox 711 753 846 839; x_wconf 90' lang='lat' dir='ltr'><strong>copiam</strong></span> <span class='ocrx_word' id='word_1_17' title='bbox 861 756 993 842; x_wconf 79' lang='lat' dir='ltr'><strong>gratiae</strong></span> <span class='ocrx_word' id='word_1_18' title='bbox 1006 754 1178 830; x_wconf 73' lang='lat' dir='ltr'><strong>indicant,</strong></span> <span class='ocrx_word' id='word_1_19' title='bbox 1198 772 1289 842; x_wconf 86' lang='lat' dir='ltr'><strong>aqua</strong></span> <span class='ocrx_word' id='word_1_20' title='bbox 1311 748 1441 822; x_wconf 82' lang='lat' dir='ltr'><strong>dicitnr</strong></span> <span class='ocrx_word' id='word_1_21' title='bbox 1456 757 1551 838; x_wconf 84' lang='lat' dir='ltr'><strong>viva,</strong></span> <span class='ocrx_word' id='word_1_22' title='bbox 1570 774 1660 846; x_wconf 82' lang='lat' dir='ltr'><strong>quae</strong></span> 
     </span>
     <span class='ocr_line' id='line_1_3' title="bbox 335 856 1663 956; baseline -0.002 -28"><span class='ocrx_word' id='word_1_23' title='bbox 335 882 473 956; x_wconf 77' lang='lat' dir='ltr'><strong>semper</strong></span> <span class='ocrx_word' id='word_1_24' title='bbox 494 863 675 953; x_wconf 61' lang='lat' dir='ltr'><strong>operatum</strong></span> <span class='ocrx_word' id='word_1_25' title='bbox 694 858 839 949; x_wconf 81' lang='lat' dir='ltr'><strong>Spiritus</strong></span> <span class='ocrx_word' id='word_1_26' title='bbox 859 861 952 928; x_wconf 91' lang='lat' dir='ltr'><strong>enim</strong></span> <span class='ocrx_word' id='word_1_27' title='bbox 970 862 1101 950; x_wconf 82' lang='lat' dir='ltr'><strong>gratia,</strong></span> <span class='ocrx_word' id='word_1_28' title='bbox 1118 879 1197 926; x_wconf 89' lang='lat' dir='ltr'><strong>cum</strong></span> <span class='ocrx_word' id='word_1_29' title='bbox 1225 859 1261 927; x_wconf 93' lang='lat' dir='ltr'><strong>in</strong></span> <span class='ocrx_word' id='word_1_30' title='bbox 1283 856 1435 926; x_wconf 83' lang='lat' dir='ltr'><strong>animam</strong></span> <span class='ocrx_word' id='word_1_31' title='bbox 1458 860 1616 949; x_wconf 75' lang='lat' dir='ltr'><strong>ingressa</strong></span> <span class='ocrx_word' id='word_1_32' title='bbox 1629 863 1663 925; x_wconf 86' lang='lat' dir='ltr'><strong>et</strong></span> 
     </span>
     <span class='ocr_line' id='line_1_4' title="bbox 336 964 1662 1058; baseline -0.003 -21"><span class='ocrx_word' id='word_1_33' title='bbox 336 970 488 1039; x_wconf 79' lang='lat' dir='ltr'><strong>stabilita</strong></span> <span class='ocrx_word' id='word_1_34' title='bbox 509 964 631 1048; x_wconf 83' lang='lat' dir='ltr'><strong>fucrit,</strong></span> <span class='ocrx_word' id='word_1_35' title='bbox 657 964 735 1055; x_wconf 86' lang='lat' dir='ltr'><strong>plus</strong></span> <span class='ocrx_word' id='word_1_36' title='bbox 762 991 867 1058; x_wconf 91' lang='lat' dir='ltr'><strong>quam</strong></span> <span class='ocrx_word' id='word_1_37' title='bbox 885 967 962 1035; x_wconf 84' lang='lat' dir='ltr'><strong>lona</strong></span> <span class='ocrx_word' id='word_1_38' title='bbox 982 967 1095 1058; x_wconf 82' lang='lat' dir='ltr'><strong>quivis</strong></span> <span class='ocrx_word' id='word_1_39' title='bbox 1116 966 1276 1049; x_wconf 76' lang='lat' dir='ltr'><strong>scaturit,</strong></span> <span class='ocrx_word' id='word_1_40' title='bbox 1295 986 1409 1053; x_wconf 87' lang='lat' dir='ltr'><strong>neque</strong></span> <span class='ocrx_word' id='word_1_41' title='bbox 1434 973 1542 1035; x_wconf 63' lang='lat' dir='ltr'><strong>emt</strong></span> <span class='ocrx_word' id='word_1_42' title='bbox 1564 966 1662 1058; x_wconf 74' lang='lat' dir='ltr'><strong>(Otr.</strong></span> 
     </span>
     <span class='ocr_line' id='line_1_5' title="bbox 335 1071 1663 1164; baseline -0.002 -19"><span class='ocrx_word' id='word_1_43' title='bbox 335 1076 469 1162; x_wconf 61' lang='lat' dir='ltr'><strong>Euri).</strong></span> <span class='ocrx_word' id='word_1_44' title='bbox 489 1072 588 1138; x_wconf 85' lang='lat' dir='ltr'>Proin</span> <span class='ocrx_word' id='word_1_45' title='bbox 603 1073 665 1163; x_wconf 90' lang='lat' dir='ltr'><strong>qui</strong></span> <span class='ocrx_word' id='word_1_46' title='bbox 687 1076 725 1143; x_wconf 90' lang='lat' dir='ltr'><strong>in</strong></span> <span class='ocrx_word' id='word_1_47' title='bbox 742 1097 822 1142; x_wconf 88' lang='lat' dir='ltr'><strong>cum</strong></span> <span class='ocrx_word' id='word_1_48' title='bbox 843 1073 970 1159; x_wconf 83' lang='lat' dir='ltr'><strong>credit,</strong></span> <span class='ocrx_word' id='word_1_49' title='bbox 986 1075 1044 1141; x_wconf 86' lang='lat' dir='ltr'><strong>liet</strong></span> <span class='ocrx_word' id='word_1_50' title='bbox 1056 1073 1094 1139; x_wconf 92' lang='lat' dir='ltr'><strong>in</strong></span> <span class='ocrx_word' id='word_1_51' title='bbox 1106 1094 1147 1138; x_wconf 87' lang='lat' dir='ltr'><strong>eo</strong></span> <span class='ocrx_word' id='word_1_52' title='bbox 1165 1073 1253 1157; x_wconf 81' lang='lat' dir='ltr'><strong>lons,</strong></span> <span class='ocrx_word' id='word_1_53' title='bbox 1269 1096 1290 1140; x_wconf 90' lang='lat' dir='ltr'><strong>a</strong></span> <span class='ocrx_word' id='word_1_54' title='bbox 1305 1093 1374 1164; x_wconf 80' lang='lat' dir='ltr'><strong>qno</strong></span> <span class='ocrx_word' id='word_1_55' title='bbox 1386 1071 1536 1141; x_wconf 89' lang='lat' dir='ltr'><strong>llumina</strong></span> <span class='ocrx_word' id='word_1_56' title='bbox 1552 1097 1663 1164; x_wconf 83' lang='lat' dir='ltr'><strong>aquae</strong></span> 
     </span>
     <span class='ocr_line' id='line_1_6' title="bbox 335 1177 1666 1271; baseline 0 -23"><span class='ocrx_word' id='word_1_57' title='bbox 335 1184 432 1248; x_wconf 86' lang='lat' dir='ltr'><strong>vivae</strong></span> <span class='ocrx_word' id='word_1_58' title='bbox 447 1179 554 1245; x_wconf 87' lang='lat' dir='ltr'><strong>llucnt</strong></span> <span class='ocrx_word' id='word_1_59' title='bbox 579 1201 662 1269; x_wconf 86' lang='lat' dir='ltr'><strong>prae</strong></span> <span class='ocrx_word' id='word_1_60' title='bbox 678 1178 891 1249; x_wconf 86' lang='lat' dir='ltr'><strong>abundantia</strong></span> <span class='ocrx_word' id='word_1_61' title='bbox 908 1187 943 1248; x_wconf 85' lang='lat' dir='ltr'><strong>et</strong></span> <span class='ocrx_word' id='word_1_62' title='bbox 965 1182 1064 1271; x_wconf 91' lang='lat' dir='ltr'><strong>eopia</strong></span> <span class='ocrx_word' id='word_1_63' title='bbox 1083 1178 1204 1258; x_wconf 84' lang='lat' dir='ltr'><strong>lontis;</strong></span> <span class='ocrx_word' id='word_1_64' title='bbox 1221 1202 1292 1270; x_wconf 88' lang='lat' dir='ltr'><strong>quo</strong></span> <span class='ocrx_word' id='word_1_65' title='bbox 1318 1177 1426 1245; x_wconf 89' lang='lat' dir='ltr'><strong>verbo</strong></span> <span class='ocrx_word' id='word_1_66' title='bbox 1446 1179 1666 1265; x_wconf 78' lang='lat' dir='ltr'><strong>significatur</strong></span> 
     </span>
     <span class='ocr_line' id='line_1_7' title="bbox 332 1283 1665 1378; baseline 0 -25"><span class='ocrx_word' id='word_1_67' title='bbox 332 1284 511 1353; x_wconf 73' lang='lat' dir='ltr'><strong>credentes</strong></span> <span class='ocrx_word' id='word_1_68' title='bbox 529 1294 729 1378; x_wconf 82' lang='lat' dir='ltr'><strong>accepturos</strong></span> <span class='ocrx_word' id='word_1_69' title='bbox 741 1286 810 1352; x_wconf 89' lang='lat' dir='ltr'><strong>tale</strong></span> <span class='ocrx_word' id='word_1_70' title='bbox 827 1307 867 1352; x_wconf 93' lang='lat' dir='ltr'><strong>ac</strong></span> <span class='ocrx_word' id='word_1_71' title='bbox 884 1293 1018 1355; x_wconf 89' lang='lat' dir='ltr'><strong>tantum</strong></span> <span class='ocrx_word' id='word_1_72' title='bbox 1033 1283 1174 1367; x_wconf 88' lang='lat' dir='ltr'><strong>bonum,</strong></span> <span class='ocrx_word' id='word_1_73' title='bbox 1195 1293 1232 1354; x_wconf 92' lang='lat' dir='ltr'><strong>ut</strong></span> <span class='ocrx_word' id='word_1_74' title='bbox 1251 1308 1321 1354; x_wconf 92' lang='lat' dir='ltr'><strong>non</strong></span> <span class='ocrx_word' id='word_1_75' title='bbox 1334 1284 1418 1376; x_wconf 84' lang='lat' dir='ltr'><strong>ipsis</strong></span> <span class='ocrx_word' id='word_1_76' title='bbox 1431 1289 1571 1351; x_wconf 91' lang='lat' dir='ltr'><strong>tantum</strong></span> <span class='ocrx_word' id='word_1_77' title='bbox 1592 1286 1665 1353; x_wconf 81' lang='lat' dir='ltr'><strong>suf-</strong></span> 
     </span>
     <span class='ocr_line' id='line_1_8' title="bbox 331 1389 1662 1483; baseline -0.001 -26"><span class='ocrx_word' id='word_1_78' title='bbox 331 1392 435 1474; x_wconf 88' lang='lat' dir='ltr'><strong>ficiat,</strong></span> <span class='ocrx_word' id='word_1_79' title='bbox 448 1393 509 1461; x_wconf 77' lang='lat' dir='ltr'><strong>sed</strong></span> <span class='ocrx_word' id='word_1_80' title='bbox 521 1393 560 1461; x_wconf 92' lang='lat' dir='ltr'><strong>in</strong></span> <span class='ocrx_word' id='word_1_81' title='bbox 573 1394 660 1462; x_wconf 79' lang='lat' dir='ltr'><strong>alios</strong></span> <span class='ocrx_word' id='word_1_82' title='bbox 668 1414 805 1483; x_wconf 89' lang='lat' dir='ltr'><strong>quoquc</strong></span> <span class='ocrx_word' id='word_1_83' title='bbox 815 1391 991 1462; x_wconf 86' lang='lat' dir='ltr'><strong>derivetur</strong></span> <span class='ocrx_word' id='word_1_84' title='bbox 999 1398 1034 1459; x_wconf 88' lang='lat' dir='ltr'><strong>et</strong></span> <span class='ocrx_word' id='word_1_85' title='bbox 1040 1392 1210 1461; x_wconf 85' lang='lat' dir='ltr'><strong>redundet</strong></span> <span class='ocrx_word' id='word_1_86' title='bbox 1220 1392 1309 1481; x_wconf 85' lang='lat' dir='ltr'><strong>(Tol.</strong></span> <span class='ocrx_word' id='word_1_87' title='bbox 1321 1392 1398 1461; x_wconf 78' lang='lat' dir='ltr'><strong>cai.</strong></span> <span class='ocrx_word' id='word_1_88' title='bbox 1412 1392 1511 1459; x_wconf 78' lang='lat' dir='ltr'><strong>laus.</strong></span> <span class='ocrx_word' id='word_1_89' title='bbox 1527 1389 1662 1479; x_wconf 49' lang='lat' dir='ltr'><strong>Seleu</strong></span> 
     </span>
    </p>
   </div>
   <div class='ocr_carea' id='block_1_3' title="bbox 193 1497 1665 1698">
    <p class='ocr_par' dir='ltr' id='par_1_3' title="bbox 193 1497 1665 1698">
     <span class='ocr_line' id='line_1_9' title="bbox 204 1497 1664 1590; baseline -0.003 -23"><span class='ocrx_word' id='word_1_90' title='bbox 204 1568 208 1577; x_wconf 78' lang='grc'><em>,</em></span> <span class='ocrx_word' id='word_1_91' title='bbox 268 1544 272 1557; x_wconf 88' lang='lat'><em>·</em></span> <span class='ocrx_word' id='word_1_92' title='bbox 333 1526 350 1559; x_wconf 81' lang='grc' dir='ltr'><strong><em>α</em></strong></span> <span class='ocrx_word' id='word_1_93' title='bbox 366 1497 415 1565; x_wconf 87' lang='lat' dir='ltr'><strong>ita</strong></span> <span class='ocrx_word' id='word_1_94' title='bbox 429 1499 523 1567; x_wconf 87' lang='lat' dir='ltr'><strong>enim</strong></span> <span class='ocrx_word' id='word_1_95' title='bbox 540 1500 640 1568; x_wconf 84' lang='lat' dir='ltr'><strong>donia</strong></span> <span class='ocrx_word' id='word_1_96' title='bbox 653 1497 798 1587; x_wconf 84' lang='lat' dir='ltr'><strong>Spiritus</strong></span> <span class='ocrx_word' id='word_1_97' title='bbox 808 1497 1085 1581; x_wconf 88' lang='lat' dir='ltr'><strong>cumulatuserit,</strong></span> <span class='ocrx_word' id='word_1_98' title='bbox 1102 1507 1141 1567; x_wconf 91' lang='lat' dir='ltr'><strong>ut</strong></span> <span class='ocrx_word' id='word_1_99' title='bbox 1151 1522 1224 1568; x_wconf 93' lang='lat' dir='ltr'><strong>non</strong></span> <span class='ocrx_word' id='word_1_100' title='bbox 1234 1501 1347 1567; x_wconf 81' lang='lat' dir='ltr'><strong>solum</strong></span> <span class='ocrx_word' id='word_1_101' title='bbox 1360 1499 1440 1590; x_wconf 86' lang='lat' dir='ltr'><strong>ipsc</strong></span> <span class='ocrx_word' id='word_1_102' title='bbox 1452 1498 1570 1567; x_wconf 87' lang='lat' dir='ltr'><strong>animo</strong></span> <span class='ocrx_word' id='word_1_103' title='bbox 1583 1497 1664 1587; x_wconf 94' lang='lat' dir='ltr'><strong>pin·</strong></span> 
     </span>
     <span class='ocr_line' id='line_1_10' title="bbox 193 1603 1665 1698; baseline 0.001 -27"><span class='ocrx_word' id='word_1_104' title='bbox 193 1684 198 1691; x_wconf 30' lang='lat'>¹</span> <span class='ocrx_word' id='word_1_105' title='bbox 332 1614 474 1692; x_wconf 79' lang='lat' dir='ltr'><strong>gueacat</strong></span> <span class='ocrx_word' id='word_1_106' title='bbox 498 1606 560 1674; x_wconf 86' lang='lat' dir='ltr'><strong>aed</strong></span> <span class='ocrx_word' id='word_1_107' title='bbox 581 1611 614 1673; x_wconf 88' lang='lat' dir='ltr'><strong>ct</strong></span> <span class='ocrx_word' id='word_1_108' title='bbox 638 1603 787 1672; x_wconf 88' lang='lat' dir='ltr'><strong>aliorum</strong></span> <span class='ocrx_word' id='word_1_109' title='bbox 811 1605 917 1673; x_wconf 87' lang='lat' dir='ltr'><strong>corda</strong></span> <span class='ocrx_word' id='word_1_110' title='bbox 939 1607 1043 1698; x_wconf 77' lang='lat' dir='ltr'><strong>posuit</strong></span> <span class='ocrx_word' id='word_1_111' title='bbox 1067 1605 1218 1688; x_wconf 89' lang='lat' dir='ltr'><strong>alluere,</strong></span> <span class='ocrx_word' id='word_1_112' title='bbox 1241 1607 1349 1674; x_wconf 77' lang='lat' dir='ltr'><strong>inatm</strong></span> <span class='ocrx_word' id='word_1_113' title='bbox 1366 1605 1490 1693; x_wconf 78' lang='lat' dir='ltr'><strong>magni</strong></span> <span class='ocrx_word' id='word_1_114' title='bbox 1510 1603 1665 1672; x_wconf 82' lang='lat' dir='ltr'><strong>llnminis</strong></span> 
     </span>
    </p>
   </div>
   <div class='ocr_carea' id='block_1_4' title="bbox 333 1711 1665 1803">
    <p class='ocr_par' dir='ltr' id='par_1_4' title="bbox 333 1711 1665 1803">
     <span class='ocr_line' id='line_1_11' title="bbox 333 1711 1665 1803; baseline -0.002 -23"><span class='ocrx_word' id='word_1_115' title='bbox 333 1713 474 1780; x_wconf 75' lang='lat' dir='ltr'><strong>missum</strong></span> <span class='ocrx_word' id='word_1_116' title='bbox 488 1711 654 1780; x_wconf 77' lang='lat' dir='ltr'><strong>divinitus</strong></span> <span class='ocrx_word' id='word_1_117' title='bbox 670 1711 801 1779; x_wconf 91' lang='lat' dir='ltr'><strong>bonnm</strong></span> <span class='ocrx_word' id='word_1_118' title='bbox 810 1712 848 1779; x_wconf 91' lang='lat' dir='ltr'><strong>in</strong></span> <span class='ocrx_word' id='word_1_119' title='bbox 857 1713 1013 1803; x_wconf 85' lang='lat' dir='ltr'><strong>proxima</strong></span> <span class='ocrx_word' id='word_1_120' title='bbox 1024 1734 1163 1803; x_wconf 83' lang='lat' dir='ltr'><strong>quoque</strong></span> <span class='ocrx_word' id='word_1_121' title='bbox 1176 1712 1379 1792; x_wconf 78' lang='lat' dir='ltr'><strong>derivantia3</strong></span> <span class='ocrx_word' id='word_1_122' title='bbox 1391 1711 1546 1801; x_wconf 79' lang='lat' dir='ltr'><strong>idipsum</strong></span> <span class='ocrx_word' id='word_1_123' title='bbox 1564 1733 1665 1778; x_wconf 83' lang='lat' dir='ltr'><strong>aano-</strong></span> 
     </span>
    </p>
   </div>
   <div class='ocr_carea' id='block_1_5' title="bbox 194 1815 1762 1911">
    <p class='ocr_par' dir='ltr' id='par_1_5' title="bbox 194 1815 1762 1911">
     <span class='ocr_line' id='line_1_12' title="bbox 194 1815 1762 1911; baseline -0.006 -24"><span class='ocrx_word' id='word_1_124' title='bbox 194 1815 199 1824; x_wconf 86' lang='grc'><strong>’</strong></span> <span class='ocrx_word' id='word_1_125' title='bbox 333 1819 377 1887; x_wconf 80' lang='lat' dir='ltr'><strong>tia</strong></span> <span class='ocrx_word' id='word_1_126' title='bbox 390 1817 553 1909; x_wconf 76' lang='lat' dir='ltr'><strong>apostolia</strong></span> <span class='ocrx_word' id='word_1_127' title='bbox 568 1818 801 1909; x_wconf 87' lang='lat' dir='ltr'><strong>praecipiebat</strong></span> <span class='ocrx_word' id='word_1_128' title='bbox 814 1818 956 1889; x_wconf 82' lang='lat' dir='ltr'><strong>dicens:</strong></span> <span class='ocrx_word' id='word_1_129' title='bbox 975 1819 1084 1908; x_wconf 81' lang='lat' dir='ltr'><strong>gratis</strong></span> <span class='ocrx_word' id='word_1_130' title='bbox 1097 1819 1292 1911; x_wconf 74' lang='lat' dir='ltr'>accepistis,</span> <span class='ocrx_word' id='word_1_131' title='bbox 1309 1817 1419 1908; x_wconf 79' lang='lat' dir='ltr'><strong>gratia</strong></span> <span class='ocrx_word' id='word_1_132' title='bbox 1430 1817 1515 1885; x_wconf 83' lang='lat' dir='ltr'><strong>(late</strong></span> <span class='ocrx_word' id='word_1_133' title='bbox 1529 1845 1546 1878; x_wconf 68' lang='lat' dir='ltr'><strong>a</strong></span> <span class='ocrx_word' id='word_1_134' title='bbox 1564 1819 1663 1907; x_wconf 69' lang='grc' dir='ltr'><strong>(ΟΨ.</strong></span> <span class='ocrx_word' id='word_1_135' title='bbox 1758 1871 1762 1878; x_wconf 92' lang='grc'>.</span> 
     </span>
    </p>
   </div>
   <div class='ocr_carea' id='block_1_6' title="bbox 332 1923 1666 2336">
    <p class='ocr_par' dir='ltr' id='par_1_6' title="bbox 332 1923 1666 2336">
     <span class='ocr_line' id='line_1_13' title="bbox 333 1923 1665 2017; baseline -0.002 -24"><span class='ocrx_word' id='word_1_136' title='bbox 333 1925 409 1993; x_wconf 85' lang='lat' dir='ltr'><strong>aim.</strong></span> <span class='ocrx_word' id='word_1_137' title='bbox 436 1928 526 2015; x_wconf 62' lang='lat' dir='ltr'><strong>Aac.</strong></span> <span class='ocrx_word' id='word_1_138' title='bbox 548 1923 630 1991; x_wconf 85' lang='lat' dir='ltr'><strong>Bcd.</strong></span> <span class='ocrx_word' id='word_1_139' title='bbox 648 1928 737 2015; x_wconf 78' lang='lat' dir='ltr'><strong>Rup.</strong></span> <span class='ocrx_word' id='word_1_140' title='bbox 767 1924 883 1993; x_wconf 77' lang='lat' dir='ltr'><strong>Thom.</strong></span> <span class='ocrx_word' id='word_1_141' title='bbox 908 1927 1023 2017; x_wconf 65' lang='lat' dir='ltr'><strong>Bon),</strong></span> <span class='ocrx_word' id='word_1_142' title='bbox 1044 1925 1227 1993; x_wconf 87' lang='lat' dir='ltr'><strong>fluminum</strong></span> <span class='ocrx_word' id='word_1_143' title='bbox 1245 1927 1379 2015; x_wconf 91' lang='lat' dir='ltr'><strong>impetu</strong></span> <span class='ocrx_word' id='word_1_144' title='bbox 1399 1924 1580 2015; x_wconf 82' lang='lat' dir='ltr'><strong>perrumpi</strong></span> <span class='ocrx_word' id='word_1_145' title='bbox 1597 1923 1665 1991; x_wconf 92' lang='lat' dir='ltr'><strong>ob-</strong></span> 
     </span>
     <span class='ocr_line' id='line_1_14' title="bbox 332 2029 1664 2124; baseline -0.001 -25"><span class='ocrx_word' id='word_1_146' title='bbox 332 2030 480 2114; x_wconf 77' lang='lat' dir='ltr'><strong>stacula,</strong></span> <span class='ocrx_word' id='word_1_147' title='bbox 492 2037 610 2099; x_wconf 91' lang='lat' dir='ltr'><strong>monet</strong></span> <span class='ocrx_word' id='word_1_148' title='bbox 629 2029 724 2113; x_wconf 64' lang='lat' dir='ltr'><strong>cta,</strong></span> <span class='ocrx_word' id='word_1_149' title='bbox 739 2032 790 2100; x_wconf 90' lang='lat' dir='ltr'><strong>ita</strong></span> <span class='ocrx_word' id='word_1_150' title='bbox 802 2055 940 2123; x_wconf 82' lang='lat' dir='ltr'><strong>quoque</strong></span> <span class='ocrx_word' id='word_1_151' title='bbox 954 2056 1017 2124; x_wconf 86' lang='lat' dir='ltr'><strong>per</strong></span> <span class='ocrx_word' id='word_1_152' title='bbox 1029 2033 1196 2124; x_wconf 89' lang='lat' dir='ltr'><strong>Spiritum</strong></span> <span class='ocrx_word' id='word_1_153' title='bbox 1212 2033 1367 2123; x_wconf 83' lang='lat' dir='ltr'><strong>superari</strong></span> <span class='ocrx_word' id='word_1_154' title='bbox 1383 2031 1531 2099; x_wconf 87' lang='lat' dir='ltr'><strong>insidias</strong></span> <span class='ocrx_word' id='word_1_155' title='bbox 1549 2036 1583 2097; x_wconf 90' lang='lat' dir='ltr'><strong>et</strong></span> <span class='ocrx_word' id='word_1_156' title='bbox 1593 2031 1664 2098; x_wconf 80' lang='lat' dir='ltr'><strong>vio</strong></span> 
     </span>
     <span class='ocr_line' id='line_1_15' title="bbox 334 2137 1666 2228; baseline 0 -22"><span class='ocrx_word' id='word_1_157' title='bbox 334 2138 477 2207; x_wconf 87' lang='lat' dir='ltr'><strong>lentiam</strong></span> <span class='ocrx_word' id='word_1_158' title='bbox 506 2145 734 2226; x_wconf 83' lang='lat' dir='ltr'><strong>tyrannorum</strong></span> <span class='ocrx_word' id='word_1_159' title='bbox 767 2143 801 2207; x_wconf 87' lang='lat' dir='ltr'><strong>et</strong></span> <span class='ocrx_word' id='word_1_160' title='bbox 830 2139 984 2207; x_wconf 83' lang='lat' dir='ltr'><strong>furorem</strong></span> <span class='ocrx_word' id='word_1_161' title='bbox 1011 2142 1180 2228; x_wconf 75' lang='lat' dir='ltr'><strong>gentium.</strong></span> <span class='ocrx_word' id='word_1_162' title='bbox 1204 2140 1272 2208; x_wconf 88' lang='lat' dir='ltr'><strong>Sed</strong></span> <span class='ocrx_word' id='word_1_163' title='bbox 1289 2138 1351 2206; x_wconf 91' lang='lat' dir='ltr'><strong>nbi</strong></span> <span class='ocrx_word' id='word_1_164' title='bbox 1378 2138 1465 2206; x_wconf 87' lang='lat' dir='ltr'><strong>haec</strong></span> <span class='ocrx_word' id='word_1_165' title='bbox 1492 2137 1601 2206; x_wconf 84' lang='lat' dir='ltr'><strong>verba</strong></span> <span class='ocrx_word' id='word_1_166' title='bbox 1627 2137 1666 2205; x_wconf 95' lang='lat' dir='ltr'><strong>in</strong></span> 
     </span>
     <span class='ocr_line' id='line_1_16' title="bbox 335 2245 1665 2336; baseline -0.001 -23"><span class='ocrx_word' id='word_1_167' title='bbox 335 2245 512 2336; x_wconf 73' lang='lat' dir='ltr'><strong>Scriptura</strong></span> <span class='ocrx_word' id='word_1_168' title='bbox 522 2246 762 2336; x_wconf 80' lang='lat' dir='ltr'><strong>reperiuntur?</strong></span> <span class='ocrx_word' id='word_1_169' title='bbox 775 2250 861 2315; x_wconf 86' lang='lat' dir='ltr'><strong>Cum</strong></span> <span class='ocrx_word' id='word_1_170' title='bbox 874 2246 1000 2314; x_wconf 87' lang='lat' dir='ltr'><strong>nullibi</strong></span> <span class='ocrx_word' id='word_1_171' title='bbox 1019 2247 1162 2315; x_wconf 87' lang='lat' dir='ltr'><strong>totidem</strong></span> <span class='ocrx_word' id='word_1_172' title='bbox 1179 2246 1285 2315; x_wconf 85' lang='lat' dir='ltr'><strong>verba</strong></span> <span class='ocrx_word' id='word_1_173' title='bbox 1299 2246 1479 2333; x_wconf 80' lang='lat' dir='ltr'><strong>legantur,</strong></span> <span class='ocrx_word' id='word_1_174' title='bbox 1497 2251 1665 2335; x_wconf 83' lang='lat' dir='ltr'><strong>putarunt</strong></span> 
     </span>
    </p>
   </div>
   <div class='ocr_carea' id='block_1_7' title="bbox 332 2351 1664 2762">
    <p class='ocr_par' dir='ltr' id='par_1_7' title="bbox 332 2351 1664 2762">
     <span class='ocr_line' id='line_1_17' title="bbox 335 2351 1664 2443; baseline 0.001 -25"><span class='ocrx_word' id='word_1_175' title='bbox 335 2351 442 2443; x_wconf 78' lang='lat' dir='ltr'><strong>aliqui</strong></span> <span class='ocrx_word' id='word_1_176' title='bbox 455 2351 673 2440; x_wconf 81' lang='lat' dir='ltr'><strong>iungendum</strong></span> <span class='ocrx_word' id='word_1_177' title='bbox 682 2375 754 2420; x_wconf 78' lang='lat' dir='ltr'><strong>ease</strong></span> <span class='ocrx_word' id='word_1_178' title='bbox 772 2374 782 2421; x_wconf 74' lang='grc' dir='ltr'>ε</span> <span class='ocrx_word' id='word_1_179' title='bbox 796 2353 857 2443; x_wconf 91' lang='lat' dir='ltr'><strong>qui</strong></span> <span class='ocrx_word' id='word_1_180' title='bbox 866 2353 974 2422; x_wconf 84' lang='lat' dir='ltr'><strong>credit</strong></span> <span class='ocrx_word' id='word_1_181' title='bbox 987 2354 1024 2421; x_wconf 91' lang='lat' dir='ltr'><strong>in</strong></span> <span class='ocrx_word' id='word_1_182' title='bbox 1035 2374 1103 2435; x_wconf 87' lang='lat' dir='ltr'><strong>me,</strong></span> <span class='ocrx_word' id='word_1_183' title='bbox 1117 2353 1204 2421; x_wconf 85' lang='lat' dir='ltr'><strong>sicut</strong></span> <span class='ocrx_word' id='word_1_184' title='bbox 1217 2353 1301 2420; x_wconf 89' lang='lat' dir='ltr'><strong>dicit</strong></span> <span class='ocrx_word' id='word_1_185' title='bbox 1313 2352 1491 2442; x_wconf 90' lang='lat' dir='ltr'><strong>Scriptura</strong></span> <span class='ocrx_word' id='word_1_186' title='bbox 1506 2353 1531 2418; x_wconf 90' lang='lat' dir='ltr'><strong>i.</strong></span> <span class='ocrx_word' id='word_1_187' title='bbox 1545 2374 1576 2419; x_wconf 86' lang='lat' dir='ltr'><strong>e.</strong></span> <span class='ocrx_word' id='word_1_188' title='bbox 1593 2373 1664 2419; x_wconf 91' lang='lat' dir='ltr'><strong>non</strong></span> 
     </span>
     <span class='ocr_line' id='line_1_18' title="bbox 333 2457 1663 2551; baseline -0.001 -24"><span class='ocrx_word' id='word_1_189' title='bbox 333 2464 404 2527; x_wconf 84' lang='lat' dir='ltr'><strong>tam</strong></span> <span class='ocrx_word' id='word_1_190' title='bbox 416 2480 456 2526; x_wconf 85' lang='lat' dir='ltr'><strong>ax</strong></span> <span class='ocrx_word' id='word_1_191' title='bbox 469 2459 578 2548; x_wconf 76' lang='lat' dir='ltr'><strong>signia</strong></span> <span class='ocrx_word' id='word_1_192' title='bbox 592 2480 697 2549; x_wconf 90' lang='lat' dir='ltr'><strong>quam</strong></span> <span class='ocrx_word' id='word_1_193' title='bbox 715 2461 891 2551; x_wconf 72' lang='lat' dir='ltr'><strong>Scriptura</strong></span> <span class='ocrx_word' id='word_1_194' title='bbox 907 2461 995 2529; x_wconf 91' lang='lat' dir='ltr'><strong>duee</strong></span> <span class='ocrx_word' id='word_1_195' title='bbox 1009 2483 1080 2529; x_wconf 71' lang='lat' dir='ltr'><strong>aare</strong></span> <span class='ocrx_word' id='word_1_196' title='bbox 1098 2459 1309 2529; x_wconf 75' lang='lat' dir='ltr'><strong>credendum</strong></span> <span class='ocrx_word' id='word_1_197' title='bbox 1333 2461 1390 2550; x_wconf 82' lang='lat' dir='ltr'><strong>(cl.</strong></span> <span class='ocrx_word' id='word_1_198' title='bbox 1408 2458 1488 2527; x_wconf 78' lang='lat' dir='ltr'><strong>Chr.</strong></span> <span class='ocrx_word' id='word_1_199' title='bbox 1511 2457 1663 2550; x_wconf 73' lang='lat' dir='ltr'><strong>Theoplt.</strong></span> 
     </span>
     <span class='ocr_line' id='line_1_19' title="bbox 335 2565 1660 2662; baseline 0.001 -30"><span class='ocrx_word' id='word_1_200' title='bbox 335 2565 438 2634; x_wconf 78' lang='lat' dir='ltr'><strong>Eutlt.</strong></span> <span class='ocrx_word' id='word_1_201' title='bbox 459 2565 538 2634; x_wconf 78' lang='lat' dir='ltr'><strong>Alo.</strong></span> <span class='ocrx_word' id='word_1_202' title='bbox 566 2565 680 2633; x_wconf 81' lang='lat' dir='ltr'><strong>lem.</strong></span> <span class='ocrx_word' id='word_1_203' title='bbox 703 2567 782 2662; x_wconf 23' lang='lat' dir='ltr'><strong>Gai..</strong></span> <span class='ocrx_word' id='word_1_204' title='bbox 801 2574 835 2635; x_wconf 86' lang='lat' dir='ltr'><strong>et</strong></span> <span class='ocrx_word' id='word_1_205' title='bbox 857 2569 906 2636; x_wconf 91' lang='lat' dir='ltr'><strong>ita</strong></span> <span class='ocrx_word' id='word_1_206' title='bbox 922 2568 998 2636; x_wconf 86' lang='lat' dir='ltr'><strong>lieri</strong></span> <span class='ocrx_word' id='word_1_207' title='bbox 1013 2590 1111 2658; x_wconf 78' lang='lat' dir='ltr'><strong>posse</strong></span> <span class='ocrx_word' id='word_1_208' title='bbox 1127 2568 1233 2655; x_wconf 86' lang='lat' dir='ltr'><strong>etiam</strong></span> <span class='ocrx_word' id='word_1_209' title='bbox 1251 2570 1348 2635; x_wconf 84' lang='lat' dir='ltr'><strong>Patr.</strong></span> <span class='ocrx_word' id='word_1_210' title='bbox 1364 2565 1549 2657; x_wconf 81' lang='lat' dir='ltr'><strong>concedit).</strong></span> <span class='ocrx_word' id='word_1_211' title='bbox 1567 2571 1660 2645; x_wconf 83' lang='lat' dir='ltr'><strong>Quae</strong></span> 
     </span>
     <span class='ocr_line' id='line_1_20' title="bbox 332 2672 1664 2762; baseline 0.002 -24"><span class='ocrx_word' id='word_1_212' title='bbox 332 2692 413 2739; x_wconf 80' lang='lat' dir='ltr'><strong>eane</strong></span> <span class='ocrx_word' id='word_1_213' title='bbox 431 2672 667 2762; x_wconf 76' lang='lat' dir='ltr'><strong>interpretatio</strong></span> <span class='ocrx_word' id='word_1_214' title='bbox 683 2674 842 2742; x_wconf 87' lang='lat' dir='ltr'><strong>subtilior</strong></span> <span class='ocrx_word' id='word_1_215' title='bbox 853 2680 915 2742; x_wconf 83' lang='lat' dir='ltr'><strong>est.</strong></span> <span class='ocrx_word' id='word_1_216' title='bbox 932 2674 1084 2744; x_wconf 82' lang='lat' dir='ltr'><strong>Christus</strong></span> <span class='ocrx_word' id='word_1_217' title='bbox 1102 2697 1173 2742; x_wconf 91' lang='lat' dir='ltr'><strong>non</strong></span> <span class='ocrx_word' id='word_1_218' title='bbox 1185 2674 1305 2758; x_wconf 84' lang='lat' dir='ltr'><strong>verba,</strong></span> <span class='ocrx_word' id='word_1_219' title='bbox 1321 2672 1382 2741; x_wconf 83' lang='lat' dir='ltr'><strong>sed</strong></span> <span class='ocrx_word' id='word_1_220' title='bbox 1394 2695 1531 2741; x_wconf 81' lang='lat' dir='ltr'><strong>sensum</strong></span> <span class='ocrx_word' id='word_1_221' title='bbox 1545 2672 1664 2762; x_wconf 88' lang='lat' dir='ltr'><strong>Scrip-</strong></span> 
     </span>
    </p>
   </div>
   <div class='ocr_carea' id='block_1_8' title="bbox 252 2777 1758 4055">
    <p class='ocr_par' dir='ltr' id='par_1_8' title="bbox 252 2777 1758 4055">
     <span class='ocr_line' id='line_1_21' title="bbox 334 2777 1665 2871; baseline -0.001 -26"><span class='ocrx_word' id='word_1_222' title='bbox 334 2784 430 2845; x_wconf 85' lang='lat' dir='ltr'><strong>turaa</strong></span> <span class='ocrx_word' id='word_1_223' title='bbox 456 2778 630 2869; x_wconf 86' lang='lat' dir='ltr'><strong>exprimit,</strong></span> <span class='ocrx_word' id='word_1_224' title='bbox 654 2779 703 2847; x_wconf 92' lang='lat' dir='ltr'><strong>uti</strong></span> <span class='ocrx_word' id='word_1_225' title='bbox 724 2781 793 2848; x_wconf 91' lang='lat' dir='ltr'><strong>iam</strong></span> <span class='ocrx_word' id='word_1_226' title='bbox 817 2784 897 2871; x_wconf 71' lang='lat' dir='ltr'><strong>Gya.</strong></span> <span class='ocrx_word' id='word_1_227' title='bbox 917 2788 1023 2850; x_wconf 90' lang='lat' dir='ltr'><strong>notat.</strong></span> <span class='ocrx_word' id='word_1_228' title='bbox 1046 2787 1153 2871; x_wconf 83' lang='lat' dir='ltr'><strong>Saepe</strong></span> <span class='ocrx_word' id='word_1_229' title='bbox 1170 2781 1264 2849; x_wconf 84' lang='lat' dir='ltr'><strong>enim</strong></span> <span class='ocrx_word' id='word_1_230' title='bbox 1278 2803 1393 2848; x_wconf 86' lang='lat' dir='ltr'><strong>sermo</strong></span> <span class='ocrx_word' id='word_1_231' title='bbox 1416 2785 1467 2847; x_wconf 83' lang='lat' dir='ltr'><strong>eat</strong></span> <span class='ocrx_word' id='word_1_232' title='bbox 1494 2779 1537 2845; x_wconf 90' lang='lat' dir='ltr'><strong>de</strong></span> <span class='ocrx_word' id='word_1_233' title='bbox 1555 2777 1665 2846; x_wconf 85' lang='lat' dir='ltr'><strong>abun·</strong></span> 
     </span>
     <span class='ocr_line' id='line_1_22' title="bbox 334 2883 1664 2978; baseline 0 -27"><span class='ocrx_word' id='word_1_234' title='bbox 334 2883 453 2952; x_wconf 90' lang='lat' dir='ltr'><strong>dantia</strong></span> <span class='ocrx_word' id='word_1_235' title='bbox 481 2887 673 2972; x_wconf 78' lang='lat' dir='ltr'><strong>gratiarum</strong></span> <span class='ocrx_word' id='word_1_236' title='bbox 699 2894 853 2978; x_wconf 86' lang='lat' dir='ltr'><strong>tempure</strong></span> <span class='ocrx_word' id='word_1_237' title='bbox 885 2890 1051 2955; x_wconf 83' lang='lat' dir='ltr'><strong>messiano</strong></span> <span class='ocrx_word' id='word_1_238' title='bbox 1079 2887 1286 2955; x_wconf 86' lang='lat' dir='ltr'><strong>eonferenda</strong></span> <span class='ocrx_word' id='word_1_239' title='bbox 1310 2894 1344 2955; x_wconf 89' lang='lat' dir='ltr'><strong>et</strong></span> <span class='ocrx_word' id='word_1_240' title='bbox 1366 2885 1464 2953; x_wconf 88' lang='lat' dir='ltr'><strong>haud</strong></span> <span class='ocrx_word' id='word_1_241' title='bbox 1495 2907 1574 2952; x_wconf 89' lang='lat' dir='ltr'><strong>raro</strong></span> <span class='ocrx_word' id='word_1_242' title='bbox 1599 2885 1664 2951; x_wconf 82' lang='lat' dir='ltr'><strong>ista</strong></span> 
     </span>
     <span class='ocr_line' id='line_1_23' title="bbox 334 2990 1664 3084; baseline -0.003 -24"><span class='ocrx_word' id='word_1_243' title='bbox 334 2991 548 3073; x_wconf 84' lang='lat' dir='ltr'><strong>abundantia</strong></span> <span class='ocrx_word' id='word_1_244' title='bbox 582 2993 786 3083; x_wconf 85' lang='lat' dir='ltr'><strong>metaphora</strong></span> <span class='ocrx_word' id='word_1_245' title='bbox 814 3016 925 3084; x_wconf 86' lang='lat' dir='ltr'><strong>aquae</strong></span> <span class='ocrx_word' id='word_1_246' title='bbox 955 2993 1171 3084; x_wconf 85' lang='lat' dir='ltr'><strong>exprimitur;</strong></span> <span class='ocrx_word' id='word_1_247' title='bbox 1201 2992 1296 3062; x_wconf 86' lang='lat' dir='ltr'><strong>unde</strong></span> <span class='ocrx_word' id='word_1_248' title='bbox 1322 2994 1515 3082; x_wconf 80' lang='lat' dir='ltr'><strong>generatim</strong></span> <span class='ocrx_word' id='word_1_249' title='bbox 1543 2990 1664 3059; x_wconf 88' lang='lat' dir='ltr'><strong>dicunt</strong></span> 
     </span>
     <span class='ocr_line' id='line_1_24' title="bbox 335 3098 1662 3191; baseline -0.002 -24"><span class='ocrx_word' id='word_1_250' title='bbox 335 3098 506 3168; x_wconf 79' lang='lat' dir='ltr'><strong>Christum</strong></span> <span class='ocrx_word' id='word_1_251' title='bbox 525 3121 646 3166; x_wconf 86' lang='lat' dir='ltr'><strong>eorum</strong></span> <span class='ocrx_word' id='word_1_252' title='bbox 665 3099 819 3167; x_wconf 88' lang='lat' dir='ltr'><strong>locorum</strong></span> <span class='ocrx_word' id='word_1_253' title='bbox 838 3123 976 3169; x_wconf 81' lang='lat' dir='ltr'><strong>sensum</strong></span> <span class='ocrx_word' id='word_1_254' title='bbox 991 3100 1104 3168; x_wconf 86' lang='lat' dir='ltr'><strong>verbis</strong></span> <span class='ocrx_word' id='word_1_255' title='bbox 1117 3101 1187 3168; x_wconf 85' lang='lat' dir='ltr'><strong>illis</strong></span> <span class='ocrx_word' id='word_1_256' title='bbox 1200 3100 1403 3191; x_wconf 81' lang='lat' dir='ltr'><strong>explicassc3</strong></span> <span class='ocrx_word' id='word_1_257' title='bbox 1421 3100 1472 3167; x_wconf 92' lang='lat' dir='ltr'><strong>ita</strong></span> <span class='ocrx_word' id='word_1_258' title='bbox 1481 3104 1523 3166; x_wconf 85' lang='lat' dir='ltr'><strong>la.</strong></span> <span class='ocrx_word' id='word_1_259' title='bbox 1541 3103 1662 3180; x_wconf 81' lang='lat' dir='ltr'><strong>t1‚18;</strong></span> 
     </span>
     <span class='ocr_line' id='line_1_25' title="bbox 337 3205 1663 3293; baseline 0 -21"><span class='ocrx_word' id='word_1_260' title='bbox 337 3211 432 3285; x_wconf 64' lang='lat' dir='ltr'><strong>aaa</strong></span> <span class='ocrx_word' id='word_1_261' title='bbox 454 3211 757 3286; x_wconf 77' lang='lat' dir='ltr'><strong>55,1;58‚11.Ez.</strong></span> <span class='ocrx_word' id='word_1_262' title='bbox 783 3213 902 3289; x_wconf 58' lang='lat' dir='ltr'><strong>acan</strong></span> <span class='ocrx_word' id='word_1_263' title='bbox 926 3213 1044 3290; x_wconf 79' lang='lat'><strong>39,29;</strong></span> <span class='ocrx_word' id='word_1_264' title='bbox 1062 3206 1130 3275; x_wconf 73' lang='lat'><em>1001</em></span> <span class='ocrx_word' id='word_1_265' title='bbox 1148 3213 1241 3285; x_wconf 69' lang='lat' dir='ltr'><strong>aaa.</strong></span> <span class='ocrx_word' id='word_1_266' title='bbox 1259 3211 1361 3274; x_wconf 77' lang='lat' dir='ltr'><strong>Prov.</strong></span> <span class='ocrx_word' id='word_1_267' title='bbox 1380 3212 1481 3287; x_wconf 86' lang='lat' dir='ltr'><strong>1o,11</strong></span> <span class='ocrx_word' id='word_1_268' title='bbox 1498 3205 1553 3293; x_wconf 80' lang='lat' dir='ltr'><strong>(ef.</strong></span> <span class='ocrx_word' id='word_1_269' title='bbox 1570 3206 1663 3273; x_wconf 71' lang='lat' dir='ltr'><strong>lam.</strong></span> 
     </span>
     <span class='ocr_line' id='line_1_26' title="bbox 336 3309 1664 3405; baseline 0.001 -28"><span class='ocrx_word' id='word_1_270' title='bbox 336 3309 446 3379; x_wconf 85' lang='lat' dir='ltr'><strong>Mold.</strong></span> <span class='ocrx_word' id='word_1_271' title='bbox 466 3311 557 3381; x_wconf 82' lang='lat' dir='ltr'><strong>Gorl.</strong></span> <span class='ocrx_word' id='word_1_272' title='bbox 576 3311 680 3402; x_wconf 73' lang='lat' dir='ltr'><strong>Saty.</strong></span> <span class='ocrx_word' id='word_1_273' title='bbox 696 3311 796 3380; x_wconf 79' lang='lat' dir='ltr'><strong>Schz.</strong></span> <span class='ocrx_word' id='word_1_274' title='bbox 818 3312 918 3397; x_wconf 77' lang='lat' dir='ltr'><strong>Fit.);</strong></span> <span class='ocrx_word' id='word_1_275' title='bbox 937 3314 1121 3405; x_wconf 86' lang='lat' dir='ltr'><strong>praecipue</strong></span> <span class='ocrx_word' id='word_1_276' title='bbox 1139 3319 1256 3381; x_wconf 88' lang='lat' dir='ltr'><strong>monet</strong></span> <span class='ocrx_word' id='word_1_277' title='bbox 1274 3316 1358 3381; x_wconf 84' lang='lat' dir='ltr'><strong>Bar.</strong></span> <span class='ocrx_word' id='word_1_278' title='bbox 1377 3319 1459 3404; x_wconf 90' lang='lat' dir='ltr'><strong>apta</strong></span> <span class='ocrx_word' id='word_1_279' title='bbox 1476 3334 1549 3379; x_wconf 86' lang='lat' dir='ltr'><strong>esse</strong></span> <span class='ocrx_word' id='word_1_280' title='bbox 1563 3311 1664 3379; x_wconf 82' lang='lat' dir='ltr'><strong>effata</strong></span> 
     </span>
     <span class='ocr_line' id='line_1_27' title="bbox 337 3417 1666 3510; baseline 0 -26"><span class='ocrx_word' id='word_1_281' title='bbox 337 3417 438 3485; x_wconf 79' lang='lat' dir='ltr'><strong>liceli.</strong></span> <span class='ocrx_word' id='word_1_282' title='bbox 463 3423 566 3499; x_wconf 60' lang='lat' dir='ltr'><strong>aluo</strong></span> <span class='ocrx_word' id='word_1_283' title='bbox 592 3418 736 3486; x_wconf 86' lang='lat' dir='ltr'><strong>scientia</strong></span> <span class='ocrx_word' id='word_1_284' title='bbox 753 3420 917 3509; x_wconf 76' lang='lat' dir='ltr'><strong>sapientia</strong></span> <span class='ocrx_word' id='word_1_285' title='bbox 929 3426 1107 3510; x_wconf 89' lang='lat' dir='ltr'><strong>tamquam</strong></span> <span class='ocrx_word' id='word_1_286' title='bbox 1121 3420 1302 3488; x_wconf 88' lang='lat' dir='ltr'><strong>inundatio</strong></span> <span class='ocrx_word' id='word_1_287' title='bbox 1316 3419 1511 3487; x_wconf 89' lang='lat' dir='ltr'><strong>abundabit</strong></span> <span class='ocrx_word' id='word_1_288' title='bbox 1530 3424 1564 3485; x_wconf 86' lang='lat' dir='ltr'><strong>et</strong></span> <span class='ocrx_word' id='word_1_289' title='bbox 1580 3439 1666 3485; x_wconf 88' lang='lat' dir='ltr'><strong>oon-</strong></span> 
     </span>
     <span class='ocr_line' id='line_1_28' title="bbox 252 3523 1665 3617; baseline 0 -27"><span class='ocrx_word' id='word_1_290' title='bbox 252 3572 257 3583; x_wconf 85' lang='lat'>.</span> <span class='ocrx_word' id='word_1_291' title='bbox 335 3523 451 3591; x_wconf 88' lang='lat' dir='ltr'><strong>silium</strong></span> <span class='ocrx_word' id='word_1_292' title='bbox 475 3523 569 3592; x_wconf 87' lang='lat' dir='ltr'><strong>illius</strong></span> <span class='ocrx_word' id='word_1_293' title='bbox 590 3523 678 3591; x_wconf 64' lang='lat' dir='ltr'><strong>aaut</strong></span> <span class='ocrx_word' id='word_1_294' title='bbox 699 3525 775 3592; x_wconf 81' lang='lat' dir='ltr'><strong>fons</strong></span> <span class='ocrx_word' id='word_1_295' title='bbox 792 3526 883 3594; x_wconf 84' lang='lat' dir='ltr'><strong>vitae</strong></span> <span class='ocrx_word' id='word_1_296' title='bbox 905 3533 1101 3617; x_wconf 87' lang='lat' dir='ltr'><strong>permanet,</strong></span> <span class='ocrx_word' id='word_1_297' title='bbox 1122 3532 1157 3593; x_wconf 85' lang='lat' dir='ltr'><strong>ct</strong></span> <span class='ocrx_word' id='word_1_298' title='bbox 1180 3530 1284 3609; x_wconf 76' lang='lat' dir='ltr'><strong>2l,l0</strong></span> <span class='ocrx_word' id='word_1_299' title='bbox 1308 3549 1382 3616; x_wconf 87' lang='lat' dir='ltr'><strong>seq.</strong></span> <span class='ocrx_word' id='word_1_300' title='bbox 1407 3525 1468 3592; x_wconf 92' lang='lat' dir='ltr'><strong>ubi</strong></span> <span class='ocrx_word' id='word_1_301' title='bbox 1489 3525 1665 3615; x_wconf 89' lang='lat' dir='ltr'><strong>Sapientia</strong></span> 
     </span>
     <span class='ocr_line' id='line_1_29' title="bbox 335 3629 1758 3722; baseline 0.001 -26"><span class='ocrx_word' id='word_1_302' title='bbox 335 3629 488 3719; x_wconf 90' lang='lat' dir='ltr'><strong>loquitur</strong></span> <span class='ocrx_word' id='word_1_303' title='bbox 508 3652 516 3698; x_wconf 95' lang='lat'><strong>:</strong></span> <span class='ocrx_word' id='word_1_304' title='bbox 541 3652 607 3718; x_wconf 83' lang='lat' dir='ltr'><strong>ego</strong></span> <span class='ocrx_word' id='word_1_305' title='bbox 626 3632 792 3721; x_wconf 82' lang='lat' dir='ltr'><strong>sapientia</strong></span> <span class='ocrx_word' id='word_1_306' title='bbox 812 3631 918 3699; x_wconf 85' lang='lat' dir='ltr'><strong>effudi</strong></span> <span class='ocrx_word' id='word_1_307' title='bbox 940 3633 1097 3715; x_wconf 85' lang='lat' dir='ltr'><strong>flumina,</strong></span> <span class='ocrx_word' id='word_1_308' title='bbox 1126 3654 1192 3720; x_wconf 85' lang='lat' dir='ltr'><strong>ego</strong></span> <span class='ocrx_word' id='word_1_309' title='bbox 1212 3633 1311 3722; x_wconf 89' lang='lat' dir='ltr'><strong>quasi</strong></span> <span class='ocrx_word' id='word_1_310' title='bbox 1331 3639 1460 3699; x_wconf 85' lang='lat' dir='ltr'><strong>trames</strong></span> <span class='ocrx_word' id='word_1_311' title='bbox 1471 3653 1582 3722; x_wconf 82' lang='lat' dir='ltr'><strong>aquae</strong></span> <span class='ocrx_word' id='word_1_312' title='bbox 1598 3632 1665 3697; x_wconf 93' lang='lat' dir='ltr'><strong>im·</strong></span> <span class='ocrx_word' id='word_1_313' title='bbox 1753 3646 1758 3653; x_wconf 91' lang='grc'><strong><em>·</em></strong></span> 
     </span>
     <span class='ocr_line' id='line_1_30' title="bbox 336 3737 1663 3831; baseline 0 -27"><span class='ocrx_word' id='word_1_314' title='bbox 336 3757 475 3805; x_wconf 82' lang='lat' dir='ltr'><strong>mensae</strong></span> <span class='ocrx_word' id='word_1_315' title='bbox 494 3737 538 3805; x_wconf 89' lang='lat' dir='ltr'><strong>dc</strong></span> <span class='ocrx_word' id='word_1_316' title='bbox 562 3737 666 3805; x_wconf 88' lang='lat' dir='ltr'><strong>lluvio</strong></span> <span class='ocrx_word' id='word_1_317' title='bbox 681 3744 745 3806; x_wconf 86' lang='lat' dir='ltr'><strong>etc.</strong></span> <span class='ocrx_word' id='word_1_318' title='bbox 769 3739 874 3807; x_wconf 81' lang='lat' dir='ltr'><strong>llinua</strong></span> <span class='ocrx_word' id='word_1_319' title='bbox 892 3739 980 3806; x_wconf 88' lang='lat' dir='ltr'><strong>bene</strong></span> <span class='ocrx_word' id='word_1_320' title='bbox 995 3739 1103 3830; x_wconf 91' lang='lat' dir='ltr'><strong>aliqui</strong></span> <span class='ocrx_word' id='word_1_321' title='bbox 1118 3746 1309 3831; x_wconf 88' lang='lat' dir='ltr'><strong>provocant</strong></span> <span class='ocrx_word' id='word_1_322' title='bbox 1319 3739 1364 3807; x_wconf 89' lang='lat' dir='ltr'><strong>ad</strong></span> <span class='ocrx_word' id='word_1_323' title='bbox 1383 3741 1484 3807; x_wconf 89' lang='lat' dir='ltr'><strong>Prov.</strong></span> <span class='ocrx_word' id='word_1_324' title='bbox 1506 3745 1599 3819; x_wconf 80' lang='lat'><strong>5,15.</strong></span> <span class='ocrx_word' id='word_1_325' title='bbox 1624 3744 1663 3804; x_wconf 89' lang='grc'><strong>16</strong></span> 
     </span>
     <span class='ocr_line' id='line_1_31' title="bbox 336 3843 1662 3933; baseline 0 -22"><span class='ocrx_word' id='word_1_326' title='bbox 336 3843 452 3933; x_wconf 72' lang='lat' dir='ltr'><strong>(rol).</strong></span> <span class='ocrx_word' id='word_1_327' title='bbox 472 3849 517 3911; x_wconf 82' lang='lat' dir='ltr'><strong>lte</strong></span> <span class='ocrx_word' id='word_1_328' title='bbox 544 3851 658 3912; x_wconf 88' lang='lat' dir='ltr'><strong>ventre</strong></span> <span class='ocrx_word' id='word_1_329' title='bbox 683 3854 719 3913; x_wconf 77' lang='grc' dir='ltr'><strong>ἐκ</strong></span> <span class='ocrx_word' id='word_1_330' title='bbox 734 3865 789 3930; x_wconf 71' lang='grc' dir='ltr'><strong>τῆς</strong></span> <span class='ocrx_word' id='word_1_331' title='bbox 815 3854 947 3930; x_wconf 77' lang='grc' dir='ltr'><strong>κοιλίας,</strong></span> <span class='ocrx_word' id='word_1_332' title='bbox 967 3869 1007 3914; x_wconf 85' lang='lat' dir='ltr'><strong>ex</strong></span> <span class='ocrx_word' id='word_1_333' title='bbox 1028 3847 1158 3914; x_wconf 89' lang='lat' dir='ltr'><strong>intimis</strong></span> <span class='ocrx_word' id='word_1_334' title='bbox 1178 3846 1347 3928; x_wconf 88' lang='lat' dir='ltr'><strong>hominis,</strong></span> <span class='ocrx_word' id='word_1_335' title='bbox 1372 3868 1413 3912; x_wconf 81' lang='lat' dir='ltr'><strong>ex</strong></span> <span class='ocrx_word' id='word_1_336' title='bbox 1430 3847 1507 3913; x_wconf 87' lang='lat' dir='ltr'><strong>eius</strong></span> <span class='ocrx_word' id='word_1_337' title='bbox 1529 3845 1662 3923; x_wconf 80' lang='lat' dir='ltr'><strong>anim03</strong></span> 
     </span>
     <span class='ocr_line' id='line_1_32' title="bbox 336 3951 1665 4055; baseline -0.002 -37"><span class='ocrx_word' id='word_1_338' title='bbox 336 3952 477 4041; x_wconf 90' lang='lat' dir='ltr'><strong>ponitur</strong></span> <span class='ocrx_word' id='word_1_339' title='bbox 502 3959 600 4019; x_wconf 78' lang='grc' dir='ltr'>κοιλία</span> <span class='ocrx_word' id='word_1_340' title='bbox 620 3951 713 4041; x_wconf 92' lang='lat' dir='ltr'><strong>apud</strong></span> <span class='ocrx_word' id='word_1_341' title='bbox 736 3956 818 4019; x_wconf 81' lang='lat' dir='ltr'><strong>LXX</strong></span> <span class='ocrx_word' id='word_1_342' title='bbox 847 3953 981 4043; x_wconf 80' lang='lat' dir='ltr'><strong>saepius</strong></span> <span class='ocrx_word' id='word_1_343' title='bbox 1011 3975 1074 4043; x_wconf 91' lang='lat' dir='ltr'><strong>pro</strong></span> <span class='ocrx_word' id='word_1_344' title='bbox 1098 3952 1197 4020; x_wconf 86' lang='lat' dir='ltr'><strong>hebr.</strong></span> <span class='ocrx_word' id='word_1_345' title='bbox 1216 3966 1281 4055; x_wconf 60' lang='lat'><strong>1133</strong></span> <span class='ocrx_word' id='word_1_346' title='bbox 1288 3973 1296 4027; x_wconf 88' lang='lat'>;</span> <span class='ocrx_word' id='word_1_347' title='bbox 1313 3952 1356 4019; x_wconf 82' lang='lat' dir='ltr'><strong>cl.</strong></span> <span class='ocrx_word' id='word_1_348' title='bbox 1383 3957 1483 4019; x_wconf 88' lang='lat' dir='ltr'><strong>Prov.</strong></span> <span class='ocrx_word' id='word_1_349' title='bbox 1510 3956 1611 4031; x_wconf 58' lang='lat'>1830</span> <span class='ocrx_word' id='word_1_350' title='bbox 1630 3953 1665 4017; x_wconf 89' lang='lat' dir='ltr'><strong>et</strong></span> 
     </span>
    </p>
   </div>
   <div class='ocr_carea' id='block_1_9' title="bbox 199 4064 1662 4157">
    <p class='ocr_par' dir='ltr' id='par_1_9' title="bbox 199 4064 1662 4157">
     <span class='ocr_line' id='line_1_33' title="bbox 199 4064 1662 4157; baseline -0.001 -24"><span class='ocrx_word' id='word_1_351' title='bbox 199 4088 202 4093; x_wconf 85' lang='lat'>·</span> <span class='ocrx_word' id='word_1_352' title='bbox 335 4072 437 4141; x_wconf 60' lang='lat'><strong>2037</strong></span> <span class='ocrx_word' id='word_1_353' title='bbox 464 4066 619 4154; x_wconf 88' lang='lat' dir='ltr'><strong>(lucerna</strong></span> <span class='ocrx_word' id='word_1_354' title='bbox 640 4067 775 4133; x_wconf 84' lang='lat' dir='ltr'><strong>Domini</strong></span> <span class='ocrx_word' id='word_1_355' title='bbox 802 4089 891 4157; x_wconf 88' lang='lat' dir='ltr'><strong>quae</strong></span> <span class='ocrx_word' id='word_1_356' title='bbox 912 4069 1096 4154; x_wconf 81' lang='lat' dir='ltr'><strong>investigat</strong></span> <span class='ocrx_word' id='word_1_357' title='bbox 1119 4068 1236 4135; x_wconf 87' lang='lat' dir='ltr'><strong>omnia</strong></span> <span class='ocrx_word' id='word_1_358' title='bbox 1261 4073 1393 4134; x_wconf 86' lang='lat' dir='ltr'><strong>secreta</strong></span> <span class='ocrx_word' id='word_1_359' title='bbox 1419 4066 1582 4155; x_wconf 85' lang='lat' dir='ltr'><strong>ventris),</strong></span> <span class='ocrx_word' id='word_1_360' title='bbox 1604 4064 1662 4132; x_wconf 91' lang='lat' dir='ltr'><strong>lob</strong></span> 
     </span>
    </p>
   </div>
   <div class='ocr_carea' id='block_1_10' title="bbox 336 4171 1665 5012">
    <p class='ocr_par' dir='ltr' id='par_1_10' title="bbox 337 4171 1665 4455">
     <span class='ocr_line' id='line_1_34' title="bbox 338 4171 1664 4264; baseline -0.001 -25"><span class='ocrx_word' id='word_1_361' title='bbox 338 4179 437 4255; x_wconf 72' lang='grc' dir='ltr'><strong>15,Βὸ</strong></span> <span class='ocrx_word' id='word_1_362' title='bbox 470 4172 600 4260; x_wconf 88' lang='lat' dir='ltr'><strong>(uterus</strong></span> <span class='ocrx_word' id='word_1_363' title='bbox 618 4172 692 4240; x_wconf 83' lang='lat' dir='ltr'><strong>eius</strong></span> <span class='ocrx_word' id='word_1_364' title='bbox 715 4178 899 4263; x_wconf 86' lang='lat' dir='ltr'><strong>praeparat</strong></span> <span class='ocrx_word' id='word_1_365' title='bbox 918 4173 1044 4264; x_wconf 77' lang='lat' dir='ltr'><strong>dolor),</strong></span> <span class='ocrx_word' id='word_1_366' title='bbox 1069 4174 1171 4242; x_wconf 87' lang='lat' dir='ltr'><strong>Eocli.</strong></span> <span class='ocrx_word' id='word_1_367' title='bbox 1201 4180 1300 4258; x_wconf 75' lang='lat'><strong>5¹,21</strong></span> <span class='ocrx_word' id='word_1_368' title='bbox 1331 4174 1389 4264; x_wconf 71' lang='lat'><strong>(29</strong></span> <span class='ocrx_word' id='word_1_369' title='bbox 1416 4173 1546 4261; x_wconf 81' lang='lat' dir='ltr'><strong>vulg.);</strong></span> <span class='ocrx_word' id='word_1_370' title='bbox 1572 4171 1664 4239; x_wconf 87' lang='lat' dir='ltr'><strong>unde</strong></span> 
     </span>
     <span class='ocr_line' id='line_1_35' title="bbox 337 4277 1665 4369; baseline -0.002 -24"><span class='ocrx_word' id='word_1_371' title='bbox 337 4280 510 4367; x_wconf 79' lang='lat' dir='ltr'><strong>colligitur</strong></span> <span class='ocrx_word' id='word_1_372' title='bbox 523 4288 636 4348; x_wconf 72' lang='grc' dir='ltr'><strong>κοιλίαν</strong></span> <span class='ocrx_word' id='word_1_373' title='bbox 653 4279 737 4369; x_wconf 90' lang='lat' dir='ltr'><strong>poni</strong></span> <span class='ocrx_word' id='word_1_374' title='bbox 749 4302 812 4367; x_wconf 92' lang='lat' dir='ltr'><strong>pro</strong></span> <span class='ocrx_word' id='word_1_375' title='bbox 824 4280 905 4348; x_wconf 86' lang='lat' dir='ltr'><strong>sede</strong></span> <span class='ocrx_word' id='word_1_376' title='bbox 918 4280 1168 4368; x_wconf 78' lang='lat' dir='ltr'><strong>cogitationum</strong></span> <span class='ocrx_word' id='word_1_377' title='bbox 1177 4288 1212 4348; x_wconf 89' lang='lat' dir='ltr'><strong>et</strong></span> <span class='ocrx_word' id='word_1_378' title='bbox 1223 4280 1448 4348; x_wconf 88' lang='lat' dir='ltr'><strong>consiliorum</strong></span> <span class='ocrx_word' id='word_1_379' title='bbox 1463 4286 1499 4347; x_wconf 90' lang='lat' dir='ltr'><strong>et</strong></span> <span class='ocrx_word' id='word_1_380' title='bbox 1514 4277 1665 4346; x_wconf 90' lang='lat' dir='ltr'><strong>hominis</strong></span> 
     </span>
     <span class='ocr_line' id='line_1_36' title="bbox 337 4384 1042 4455; baseline 0.007 -5"><span class='ocrx_word' id='word_1_381' title='bbox 337 4384 500 4454; x_wconf 90' lang='lat' dir='ltr'><strong>interiora</strong></span> <span class='ocrx_word' id='word_1_382' title='bbox 513 4385 723 4453; x_wconf 85' lang='lat' dir='ltr'><strong>considerari</strong></span> <span class='ocrx_word' id='word_1_383' title='bbox 737 4387 903 4454; x_wconf 83' lang='lat' dir='ltr'><strong>eiusmodi</strong></span> <span class='ocrx_word' id='word_1_384' title='bbox 914 4388 1042 4455; x_wconf 87' lang='lat' dir='ltr'><strong>sedem.</strong></span> 
     </span>
    </p>

    <p class='ocr_par' dir='ltr' id='par_1_11' title="bbox 336 4492 1665 5012">
     <span class='ocr_line' id='line_1_37' title="bbox 381 4492 1665 4585; baseline -0.001 -27"><span class='ocrx_word' id='word_1_385' title='bbox 381 4498 487 4581; x_wconf 77' lang='lat' dir='ltr'><strong>Atque</strong></span> <span class='ocrx_word' id='word_1_386' title='bbox 513 4493 585 4583; x_wconf 85' lang='lat' dir='ltr'><strong>ipse</strong></span> <span class='ocrx_word' id='word_1_387' title='bbox 611 4492 820 4578; x_wconf 81' lang='lat' dir='ltr'><strong>evangelista</strong></span> <span class='ocrx_word' id='word_1_388' title='bbox 841 4495 1036 4562; x_wconf 88' lang='lat' dir='ltr'><strong>authentice</strong></span> <span class='ocrx_word' id='word_1_389' title='bbox 1059 4496 1207 4585; x_wconf 84' lang='lat' dir='ltr'><strong>explicat</strong></span> <span class='ocrx_word' id='word_1_390' title='bbox 1224 4495 1331 4561; x_wconf 87' lang='lat' dir='ltr'><strong>verba</strong></span> <span class='ocrx_word' id='word_1_391' title='bbox 1351 4515 1386 4559; x_wconf 87' lang='lat' dir='ltr'><strong>v.</strong></span> <span class='ocrx_word' id='word_1_392' title='bbox 1413 4493 1665 4560; x_wconf 64' lang='lat' dir='ltr'><strong>autoretatem</strong></span> 
     </span>
     <span class='ocr_line' id='line_1_38' title="bbox 337 4595 1664 4689; baseline 0 -26"><span class='ocrx_word' id='word_1_393' title='bbox 337 4595 426 4663; x_wconf 73' lang='lat' dir='ltr'><strong>dixit</strong></span> <span class='ocrx_word' id='word_1_394' title='bbox 440 4597 482 4664; x_wconf 82' lang='lat' dir='ltr'><strong>dc</strong></span> <span class='ocrx_word' id='word_1_395' title='bbox 495 4599 641 4688; x_wconf 81' lang='lat' dir='ltr'><strong>Spiritu,</strong></span> <span class='ocrx_word' id='word_1_396' title='bbox 655 4622 756 4689; x_wconf 83' lang='lat' dir='ltr'><strong>quem</strong></span> <span class='ocrx_word' id='word_1_397' title='bbox 767 4600 943 4689; x_wconf 83' lang='lat' dir='ltr'><strong>accepturi</strong></span> <span class='ocrx_word' id='word_1_398' title='bbox 956 4613 1053 4669; x_wconf 86' lang='lat' dir='ltr'><strong>crant</strong></span> <span class='ocrx_word' id='word_1_399' title='bbox 1068 4599 1238 4668; x_wconf 78' lang='lat' dir='ltr'><strong>credentes</strong></span> <span class='ocrx_word' id='word_1_400' title='bbox 1249 4601 1286 4666; x_wconf 85' lang='lat' dir='ltr'><strong>in</strong></span> <span class='ocrx_word' id='word_1_401' title='bbox 1297 4599 1557 4675; x_wconf 82' lang='lat' dir='ltr'><strong>eam,·nondum</strong></span> <span class='ocrx_word' id='word_1_402' title='bbox 1573 4597 1664 4665; x_wconf 84' lang='lat' dir='ltr'><strong>enim</strong></span> 
     </span>
     <span class='ocr_line' id='line_1_39' title="bbox 336 4703 1664 4797; baseline 0.002 -26"><span class='ocrx_word' id='word_1_403' title='bbox 336 4715 409 4771; x_wconf 84' lang='lat' dir='ltr'><strong>crat</strong></span> <span class='ocrx_word' id='word_1_404' title='bbox 422 4703 576 4792; x_wconf 83' lang='lat' dir='ltr'><strong>Spiritus</strong></span> <span class='ocrx_word' id='word_1_405' title='bbox 595 4705 713 4788; x_wconf 84' lang='lat' dir='ltr'><strong>dctus,</strong></span> <span class='ocrx_word' id='word_1_406' title='bbox 734 4706 818 4796; x_wconf 83' lang='lat' dir='ltr'><strong>quic</strong></span> <span class='ocrx_word' id='word_1_407' title='bbox 836 4708 926 4774; x_wconf 78' lang='lat' dir='ltr'><strong>[erus</strong></span> <span class='ocrx_word' id='word_1_408' title='bbox 940 4706 1091 4776; x_wconf 82' lang='lat' dir='ltr'><strong>nondum</strong></span> <span class='ocrx_word' id='word_1_409' title='bbox 1106 4718 1179 4775; x_wconf 84' lang='lat' dir='ltr'><strong>crat</strong></span> <span class='ocrx_word' id='word_1_410' title='bbox 1192 4705 1423 4797; x_wconf 65' lang='lat' dir='ltr'><strong>clarificatus,</strong></span> <span class='ocrx_word' id='word_1_411' title='bbox 1441 4705 1562 4788; x_wconf 70' lang='lat' dir='ltr'><strong>(latua,</strong></span> <span class='ocrx_word' id='word_1_412' title='bbox 1581 4712 1664 4773; x_wconf 71' lang='grc' dir='ltr'>δεδο-</span> 
     </span>
     <span class='ocr_line' id='line_1_40' title="bbox 338 4812 1662 4905; baseline 0.001 -28"><span class='ocrx_word' id='word_1_413' title='bbox 338 4821 424 4896; x_wconf 75' lang='grc' dir='ltr'>μένον</span> <span class='ocrx_word' id='word_1_414' title='bbox 445 4816 576 4877; x_wconf 87' lang='lat' dir='ltr'><strong>rectum</strong></span> <span class='ocrx_word' id='word_1_415' title='bbox 596 4819 646 4879; x_wconf 86' lang='lat' dir='ltr'><strong>est</strong></span> <span class='ocrx_word' id='word_1_416' title='bbox 664 4813 1005 4905; x_wconf 81' lang='lat' dir='ltr'><strong>interpretamentum</strong></span> <span class='ocrx_word' id='word_1_417' title='bbox 1022 4812 1112 4904; x_wconf 82' lang='lat' dir='ltr'><strong>(vide</strong></span> <span class='ocrx_word' id='word_1_418' title='bbox 1135 4814 1211 4881; x_wconf 89' lang='lat' dir='ltr'><strong>lect.</strong></span> <span class='ocrx_word' id='word_1_419' title='bbox 1240 4814 1346 4904; x_wconf 82' lang='lat' dir='ltr'><strong>var.);</strong></span> <span class='ocrx_word' id='word_1_420' title='bbox 1363 4834 1445 4879; x_wconf 91' lang='lat' dir='ltr'><strong>nam</strong></span> <span class='ocrx_word' id='word_1_421' title='bbox 1469 4834 1539 4902; x_wconf 91' lang='lat' dir='ltr'><strong>quo</strong></span> <span class='ocrx_word' id='word_1_422' title='bbox 1559 4833 1662 4879; x_wconf 87' lang='lat' dir='ltr'><strong>sensu</strong></span> 
     </span>
     <span class='ocr_line' id='line_1_41' title="bbox 337 4916 1662 5012; baseline 0 -28"><span class='ocrx_word' id='word_1_423' title='bbox 337 4918 472 4984; x_wconf 87' lang='lat' dir='ltr'><strong>dicatur</strong></span> <span class='ocrx_word' id='word_1_424' title='bbox 493 4937 501 4983; x_wconf 91' lang='lat'>:</span> <span class='ocrx_word' id='word_1_425' title='bbox 526 4916 680 4985; x_wconf 91' lang='lat' dir='ltr'><strong>nondum</strong></span> <span class='ocrx_word' id='word_1_426' title='bbox 706 4928 779 4987; x_wconf 87' lang='lat' dir='ltr'><strong>erat</strong></span> <span class='ocrx_word' id='word_1_427' title='bbox 800 4918 963 5010; x_wconf 86' lang='lat' dir='ltr'><strong>Spiritus,</strong></span> <span class='ocrx_word' id='word_1_428' title='bbox 987 4927 1079 5012; x_wconf 85' lang='lat' dir='ltr'><strong>patet</strong></span> <span class='ocrx_word' id='word_1_429' title='bbox 1102 4942 1142 4987; x_wconf 81' lang='lat' dir='ltr'><strong>ex</strong></span> <span class='ocrx_word' id='word_1_430' title='bbox 1167 4920 1323 4988; x_wconf 86' lang='lat' dir='ltr'><strong>membro</strong></span> <span class='ocrx_word' id='word_1_431' title='bbox 1347 4918 1564 4986; x_wconf 86' lang='lat' dir='ltr'><strong>antecedenti</strong></span> <span class='ocrx_word' id='word_1_432' title='bbox 1588 4941 1595 4985; x_wconf 94' lang='lat'>:</span> <span class='ocrx_word' id='word_1_433' title='bbox 1620 4917 1662 4984; x_wconf 79' lang='lat' dir='ltr'><strong>ile</strong></span> 
     </span>
    </p>
   </div>
   <div class='ocr_carea' id='block_1_11' title="bbox 375 5288 477 5320">
    <p class='ocr_par' dir='ltr' id='par_1_12' title="bbox 375 5288 477 5320">
     <span class='ocr_line' id='line_1_42' title="bbox 375 5288 477 5320; baseline 0 0"><span class='ocrx_word' id='word_1_434' title='bbox 375 5288 477 5320; x_wconf 56' lang='lat' dir='ltr'>A</span> 
     </span>
    </p>
   </div>
   <div class='ocr_carea' id='block_1_12' title="bbox 0 0 2031 5648">
    <p class='ocr_par' dir='ltr' id='par_1_13' title="bbox 0 0 2031 5648">
     <span class='ocr_line' id='line_1_43' title="bbox 0 0 2031 5648; baseline 0 0"><span class='ocrx_word' id='word_1_435' title='bbox 0 0 2031 5648; x_wconf 95' lang='lat' dir='ltr'><strong> </strong></span> 
     </span>
    </p>
   </div>
  </div>
 </body>
</html>
