4116 5648
271 604 384 666 tamen
404 604 498 667 metu
511 595 626 685 potius
640 603 673 665 et
691 600 825 690 pudore
844 604 1032 669 commotos
1045 622 1131 681 esse,
1153 606 1267 668 censet
1287 601 1397 680 lom,
1417 603 1498 688 quia
1516 622 1596 691 pro·
1696 644 1698 650 ι
1719 618 1720 623 ’
1742 629 1748 637 ·

268 702 371 792 digiis
385 702 631 794 apparentibus
644 707 839 775 conturbati
853 706 921 774 sibi
936 705 1024 772 male
1039 707 1222 773 metuerint
1241 730 1261 774 a
1274 704 1401 796 populo
1415 710 1449 770 et
1464 707 1498 771 in
1514 731 1595 775 con·

267 808 590 896 scientiapudelaoti
603 835 672 881 non
681 810 887 903 pertulerint
895 811 1018 879 Christi
1028 835 1151 902 corpus
1159 812 1288 880 diutius
1298 812 1405 880 oculis
1415 810 1595 880 hominum

268 937 339 982 esse
363 915 597 1005 conspicuum.
613 925 773 1008 *Ceterum
798 924 976 1010 tamquam
998 920 1172 1007 singulare
1195 918 1382 1006 impietatis
1399 916 1595 1006 exemplum

267 1020 364 1087 effert
381 1021 544 1113 Iosephus
567 1025 612 1092 ab
632 1023 803 1092 idumaeis
827 1025 956 1094 occisos
979 1025 1155 1114 pontifices
1180 1046 1250 1090 esse
1270 1024 1423 1091 abiectos
1445 1023 1595 1114 insepul-

266 1131 334 1211 tos,
360 1154 377 1190 a
400 1151 612 1220 quamquam
632 1133 727 1196 tanta
748 1131 882 1199 ludaeis
905 1139 978 1197 erat
999 1154 1080 1199 cura
1102 1131 1316 1220 sepulturae.
1341 1136 1378 1195 ut
1401 1133 1506 1197 etiarn
1521 1134 1595 1221 post

266 1231 522 1303 damnationem
542 1234 637 1303 cruci
654 1236 773 1305 affixos
787 1244 867 1306 ante
882 1236 964 1304 solis
977 1259 1130 1305 occasum
1153 1237 1314 1304 tollerent
1328 1244 1362 1302 et
1377 1236 1560 1302 humarent
1576 1264 1592 1297 »

266 1339 364 1428 (Bell.
381 1341 455 1409 iud.
476 1348 598 1428 t,5‚2).
622 1346 696 1409 Non
716 1343 847 1431 legem,
874 1342 935 1410 sed
952 1344 1043 1411 diem
1061 1345 1186 1412 festum
1207 1343 1420 1430 evangelista
1443 1342 1595 1429 assignat

265 1468 419 1529 causam,
441 1470 504 1515 our
523 1447 733 1536 synedristaa
754 1451 941 1518 cruciarios
966 1450 1074 1518 celere
1099 1456 1208 1517 morte
1229 1449 1402 1516 voluerint
1421 1448 1593 1534 exstingui

264 1560 297 1621 et
316 1552 444 1642 deponi
463 1553 506 1621 de
525 1575 642 1638 cruce,
664 1577 769 1646 quam
790 1558 962 1624 rationem
982 1558 1123 1625 fortasse
1143 1563 1287 1646 propter
1305 1556 1448 1623 lectores
1472 1554 1593 1620 alieni-

264 1680 371 1746 genas
385 1657 508 1728 maluit
525 1660 662 1746 efferre,
678 1667 795 1753 utpote
811 1663 893 1732 satis
907 1663 1044 1731 obviam
1060 1686 1092 1730 v.
1110 1670 1149 1730 31
1166 1662 1288 1731 ludaei
1300 1685 1381 1752 erpo
1397 1665 1419 1728 i.
1442 1684 1473 1729 e.
1493 1660 1592 1727 nobi-

264 1765 328 1846 les,
350 1764 534 1854 primores,
549 1769 733 1858 praecipue
748 1770 799 1836 uti
816 1792 856 1837 ex
868 1776 941 1838 tota
956 1770 1121 1861 passionis
1131 1769 1326 1837 narratione
1340 1769 1458 1856 colligi
1476 1767 1590 1848 debet,

263 1871 459 1961 pontifices,
476 1874 641 1964 quoniam
648 1897 835 1967 parasceve
849 1888 938 1959 erat,
955 1876 1032 1942 vide
1050 1875 1096 1943 ad
1110 1899 1144 1944 v.
1163 1883 1220 1957 tt,
1237 1889 1358 1942 utnon
1377 1885 1593 1941 renconerent

264 1976 301 2044 io
315 2000 414 2045 cruce
428 2001 571 2071 corpora
584 1985 724 2050 sabbato
738 1997 870 2050 -erat
885 1984 977 2051 enim
991 2005 1139 2073 moqnus
1152 1982 1226 2051 dies
1247 1983 1306 2050 ille
1323 1982 1443 2071 (illius)
1461 1981 1594 2048 sabboti

262 2123 307 2134 —
320 2084 432 2174 qualis
444 2085 518 2154 dies
537 2109 684 2176 magnus
699 2089 820 2174 luerit,
838 2113 878 2158 ex
897 2097 996 2172 1828
1017 2091 1141 2172 elucet,
1163 2097 1236 2158 erat
1254 2091 1386 2180 primus
1402 2088 1476 2155 dies
1490 2088 1593 2154 lestus

262 2196 297 2257 et
318 2191 530 2262 sollemnitas
548 2195 735 2285 paschalis,
759 2201 794 2264 et
811 2195 902 2265 bene
926 2197 1054 2264 dieitur
1066 2219 1192 2284 graece
1211 2197 1306 2264 illius
1332 2195 1483 2272 sabbati3
1511 2215 1591 2261 nam

262 2296 334 2387 ipse
359 2298 432 2366 dies
457 2300 561 2368 festus
586 2303 756 2391 paschalis
774 2302 877 2370 etiam
900 2303 1026 2370 dicitur
1054 2303 1235 2370 sabbatum
1258 2304 1348 2390 (Lev.
1379 2307 1492 2383 23,st
1521 2300 1589 2387 15);

262 2427 369 2493 quare
391 2405 478 2472 illud
496 2406 678 2475 sabbatum
698 2408 831 2499 duplici
851 2409 987 2477 ratione
1007 2415 1080 2477 erat
1097 2409 1297 2493 sabbatum,
1315 2409 1357 2475 de
1377 2431 1445 2498 quo
1461 2407 1592 2497 praeci-

261 2509 355 2599 pitur
373 2533 380 2579 :
405 2511 477 2580 dies
495 2514 628 2603 primus
644 2514 710 2583 erit
726 2515 824 2583 vobis
845 2514 1091 2584 celeberrimus
1110 2522 1314 2606 sanctusque
1336 2517 1464 2602 (coetus
1481 2535 1589 2593 sacer,

261 2617 388 2706 hebr),
404 2641 505 2688 omne
519 2644 606 2711 opus
619 2621 742 2690 servile
754 2645 822 2690 non
838 2623 969 2692 facietis
985 2624 1070 2691 ineo
1086 2622 1177 2711 (Lev.
1192 2630 1284 2701 2³5².
1303 2627 1360 2688 Ex.
1381 2626 1479 2701 talc
1493 2623 1587 2706 etc).

262 2727 349 2793 llaec
360 2725 477 2816 itaque
493 2726 687 2815 designatio
703 2729 747 2797 de
767 2729 847 2819 ipso
869 2729 923 2797 die
939 2729 1095 2796 sollemni
1114 2728 1279 2796 facillime
1304 2735 1337 2794 et
1354 2727 1455 2816 quasi
1477 2747 1590 2815 perse

260 2829 477 2918 intelligitur.
503 2834 598 2913 Quod
616 2834 676 2902 alii
694 2835 905 2927 quaudoque
923 2836 1053 2914 volunt,
1080 2857 1119 2902 eo
1146 2837 1286 2903 nomine
1305 2833 1479 2921 designari
1499 2832 1589 2899 diem

260 2944 336 3027 post
349 2938 613 3009 sollemnitatem
638 2941 677 3008 in
690 2964 759 3032 quo
783 2941 983 3032 manipulus
997 2941 1128 3032 primus
1149 2942 1265 3010 messis
1283 2949 1356 3008 erat
1380 2939 1587 3017 offerendus,

260 3044 379 3134 nequit
402 3046 550 3114 admitti.
576 3051 662 3114 Nam
686 3048 743 3115 hic
765 3047 840 3116 dies
863 3047 1031 3116 secundus
1054 3048 1152 3116 nulla
1178 3048 1340 3139 peculiari
1362 3045 1589 3113 sollemnitate

260 3172 343 3239 prae
358 3151 500 3243 reliquis
513 3153 754 3223 hebdomadae
769 3155 943 3246 paschalis
957 3155 1078 3223 diebus
1089 3163 1161 3223 erat
1174 3155 1372 3241 insignitus3
1388 3154 1499 3219 solum
1520 3175 1590 3220 ma·

260 3257 398 3346 nipulus
420 3259 626 3330 offerebatur
648 3266 739 3352 (Lev.
766 3262 942 3352 23‚c-1t);
971 3262 1168 3351 ceteroquin
1194 3284 1234 3328 eo
1259 3262 1313 3327 die
1336 3282 1440 3350 opera
1462 3258 1589 3326 fiebant

259 3365 355 3431 sicuti
377 3363 453 3432 aliis
465 3364 587 3434 diebus
606 3369 690 3436 anni
710 3368 771 3459 qni
790 3391 862 3436 non
879 3369 915 3435 in
937 3368 1118 3436 sabbatum
1135 3368 1346 3435 incidebant.
1366 3371 1473 3444 Quare
1494 3364 1587 3432 nulla

260 3475 371 3559 potest
391 3471 506 3540 afferri
524 3473 613 3541 ratio
630 3497 692 3541 cur
708 3475 766 3543 bic
785 3475 860 3543 dies
879 3474 1048 3543 secundus
1064 3475 1199 3543 dicatur
1217 3497 1225 3543 :
1246 3496 1392 3561 magnus
1409 3473 1480 3540 dies
1497 3471 1587 3538 illius

258 3575 405 3644 sabbati.

303 3684 469 3754 Cruciarii
491 3708 559 3754 non
583 3686 698 3755 statim
727 3688 799 3778 ipsa
829 3689 1048 3757 crucifixione
1079 3694 1223 3755 mortem
1250 3686 1407 3765 obibant;
1438 3707 1517 3751 nam
1546 3707 1587 3750 eo

256 3791 425 3881 supplicio
441 3792 577 3861 nullum
591 3795 659 3862 tale
673 3793 897 3882 infligebatur
909 3795 1049 3878 vulnus,
1067 3817 1135 3883 quo
1154 3817 1230 3861 mox
1247 3795 1315 3859 vita
1330 3815 1407 3860 oum
1418 3791 1586 3888 sanguine

258 3898 536 3986 profunderetur.
559 3899 638 3967 lllos
663 3900 755 3968 inter
779 3902 950 3992 supplicia
972 3902 1162 3980 tabescere,
1184 3901 1296 3990 perire
1318 3900 1535 3965 membratim
1553 3904 1587 3963 et

257 4027 319 4094 per
334 4005 504 4074 stillicidia
525 4008 682 4074 amittere
704 4007 856 4076 animam
878 4012 1009 4075 Seneca
1030 4008 1115 4075 dicit
1137 4007 1204 4097 (ep.
1230 4007 1326 4094 101);
1349 4012 1507 4095 poterant
1525 4027 1586 4094 per

256 4133 363 4178 unum
383 4112 575 4180 alterumve
594 4113 686 4180 diem
706 4113 937 4182 miserrimam
952 4114 1087 4181 trabere
1108 4114 1213 4180 vitam
1237 4112 1293 4201 (cl.
1319 4110 1420 4201 Scbp.
1444 4117 1477 4177 et
1496 4131 1585 4201 quae

257 4219 373 4284 notavi
394 4220 431 4285 in
451 4223 639 4288 comment.
661 4225 759 4288 llarc.
777 4243 812 4310 p.
835 4222 927 4309 118).
951 4225 1169 4288 {lacesserant
1189 4219 1365 4307 pontilices
1388 4240 1408 4284 a
1428 4215 1586 4306 supplicii

258 4323 347 4406 loco,
372 4332 557 4416 antequam
586 4309 740 4394 Christus
765 4334 976 4407 moreretur3
998 4348 1076 4394 cum
1097 4326 1189 4392 enirn
1210 4324 1371 4392 tenebrae
1399 4324 1519 4388 fierent
1539 4322 1583 4387 ab

256 4430 341 4498 bora
356 4437 465 4514 sexta,
492 4455 559 4499 non
576 4439 735 4522 poterant
758 4455 830 4500 non
849 4433 989 4502 excitari
1011 4432 1120 4500 malae
1140 4431 1369 4499 conscientiae
1392 4428 1539 4495 stimulis
1552 4432 1586 4494 et

257 4543 387 4606 terrore
409 4537 560 4628 quodam
582 4538 689 4618 allici;
707 4540 801 4608 unde
818 4540 888 4608 iam
904 4562 945 4608 ea
960 4540 1094 4607 rationo
1110 4562 1166 4605 eos
1183 4537 1358 4627 reliquisse
1374 4538 1488 4603 locum
1504 4556 1585 4624 pro-

256 4643 371 4712 babile
389 4649 453 4727 est;
481 4644 574 4712 idem
593 4646 786 4713 ostenditur
807 4669 928 4716 eornm
948 4647 1123 4737 petitione.
1152 4648 1267 4711 Nam«
1297 4645 1354 4733 qui
1375 4643 1469 4734 prius
1487 4640 1538 4708 ira
1552 4648 1586 4707 et

256 4749 386 4818 invidia
403 4752 535 4819 accensi
551 4751 697 4820 Pilatum
717 4761 886 4840 rogarunt
903 4759 940 4821 ut
958 4753 1126 4821 Christum
1143 4751 1277 4818 tolleret
1290 4773 1329 4819 ex
1351 4748 1458 4816 oculis
1477 4747 1587 4814 homi·

256 4878 340 4923 num
361 4857 610 4946 crucifigendo,
632 4859 739 4927 iidem
757 4859 891 4950 pudore
909 4859 1027 4928 sullusi
1045 4859 1193 4927 eundem
1212 4865 1335 4944 rogant
1352 4855 1504 4922 utillum
1526 4852 1588 4920 tol·
