4050 5648
164 549 223 608 sis
697 563 780 609 roll.
804 551 959 628 raas-ss.

158 699 236 790 plo,
254 726 322 793 quo
337 723 452 769 omnes
468 695 588 763 tredaci
602 699 816 785 conveniunt,
832 715 864 768 et
877 697 1059 765 inocculto
1073 698 1207 767 locutus
1218 725 1294 768 sunt
1304 697 1413 783 niba·
1427 726 1444 758 a
1460 703 1493 763 et

165 809 259 898 quod
278 828 430 876 seorsum
455 802 632 893 discipulis
651 804 865 894 loquebatur,
889 805 1012 872 nonin
1034 805 1169 873 occulto
1188 808 1307 896 utique
1326 805 1493 897 loqueba-

165 923 236 994 tur;
254 915 330 1006 quis
355 931 503 999 namque
528 913 564 978 iu
588 910 720 978 occulto
748 913 901 1004 loquitur
919 912 979 1000 qui
1003 935 1120 981 coram
1149 917 1200 979 tot
1224 913 1424 981 homiuibus
1441 912 1492 978 lo

166 1021 294 1111 quitur,
320 1038 398 1082 cum
424 1016 590 1106 scriptum
621 1017 665 1083 sit
699 1019 733 1085 in
763 1043 820 1087 ore
842 1019 990 1086 duorum
1020 1021 1074 1087 vel
1095 1018 1201 1086 trium
1227 1020 1366 1087 testium
1390 1017 1495 1087 stabit

167 1145 267 1193 omne
285 1122 430 1189 verbum
451 1125 560 1214 (Dent.
582 1125 715 1212 19,15);
734 1127 936 1216 praesertim
958 1125 984 1191 si
1007 1126 1064 1193 bic
1083 1125 1239 1214 loquitur
1258 1126 1376 1214 paucis
1403 1125 1494 1215 quod

167 1250 305 1319 percos
328 1228 401 1295 vult
422 1231 631 1298 innotescere
657 1231 772 1299 multis
794 1256 801 1302 :
823 1229 917 1321 quod
940 1230 1019 1298 dico
1036 1232 1134 1299 vobis
1148 1232 1182 1298 in
1200 1230 1370 1313 tenebris,
1390 1230 1494 1297 dicite

167 1335 357 1403 inlumina
384 1365 400 1397 »
426 1337 554 1426 (ltatth.
586 1341 704 1416 10,st;
733 1340 853 1428 stup).
880 1337 974 1405 Unde
997 1340 1025 1404 si
1046 1360 1184 1407 causam
1208 1336 1392 1406 accusandi
1411 1337 1498 1403 obti-

168 1463 250 1508 nere
274 1443 362 1526 vult,
393 1466 460 1511 non
481 1445 560 1511 licet
578 1445 691 1534 ipsum
716 1466 812 1512 reum
825 1446 1043 1531 interrogare
1059 1468 1092 1512 v.
1107 1451 1147 1512 at
1170 1443 1259 1534 quid
1275 1466 1329 1510 me
1349 1444 1498 1510 interro·

167 1550 255 1636 pas?
275 1549 449 1638 interroqn
464 1572 520 1617 eos
534 1551 596 1641 qai
608 1548 793 1617 audieram
804 1549 892 1642 quid
899 1549 1032 1618 locutus
1048 1551 1114 1618 sim
1129 1552 1231 1642 ipsis,·
1245 1573 1320 1618 ecce
1339 1551 1378 1618 ta·
1387 1548 1498 1617 sciunt

170 1677 258 1743 quae
284 1655 433 1722 dixerim
459 1678 542 1745 εφη
569 1662 642 1724 erat
667 1658 821 1746 quaestio
848 1658 990 1747 iusuper
1014 1659 1116 1726 etiam
1148 1659 1283 1747 inepta;
1309 1679 1391 1725 nam
1422 1678 1500 1723 reus

172 1784 240 1829 non
263 1769 374 1853 potest
398 1764 530 1829 censeri
556 1764 790 1852 interrogatus
807 1764 850 1831 de
869 1764 1024 1831 doctrina
1043 1765 1135 1831 velle
1157 1785 1327 1855 exponere
1345 1785 1386 1830 ea
1398 1785 1500 1853 prae·

170 1869 237 1936 cise
265 1869 379 1958 capita
399 1868 574 1935 doctrinae
593 1892 681 1960 quae
699 1869 876 1938 offensioni
902 1872 971 1938 siut
999 1871 1249 1961 materiamque
1274 1869 1500 1937 accusationis

172 1974 371 2065 praebeant.
408 1974 502 2042 Unde
535 1979 623 2042 lesus
651 1976 762 2043 innuit
786 1975 980 2067 pontificem
1004 1983 1039 2043 et
1068 1977 1188 2044 illicite
1221 1982 1253 2042 et
1283 1977 1425 2066 iusuper
1455 1974 1500 2042 ad

172 2102 245 2147 rem
271 2080 388 2171 inepte
423 2104 598 2171 quaerere.
631 2089 677 2150 De
702 2082 878 2173 discipulis
906 2088 995 2151 lesus
1024 2083 1115 2150 nihil
1135 2081 1332 2173 respondet;
1370 2109 1387 2142 «
1420 2082 1502 2148 satis

172 2187 264 2254 euim
284 2188 464 2255 constabat
482 2211 538 2255 eos
556 2210 624 2256 nou
651 2212 721 2257 esse
745 2190 812 2257 nisi
838 2190 1015 2258 doctrinae
1036 2172 1228 2269 auditores3
1250 2187 1344 2256 uude
1369 2187 1413 2254 de
1437 2188 1502 2255 bac

173 2293 327 2361 doctrina
350 2295 563 2384 respondisse
584 2296 754 2364 sufficeret
782 2324 799 2359 n
828 2297 969 2386 (Corl.);
996 2296 1172 2388 pendebat
1199 2295 1291 2364 euim
1322 2300 1432 2362 totum
1459 2295 1501 2361 dr

173 2400 326 2467 doctrina
348 2409 383 2467 et
407 2401 590 2491 discipulos
616 2403 662 2470 ab
688 2405 782 2470 omni
803 2403 1027 2493 inquisitione
1053 2402 1204 2471 liberare
1221 2397 1375 2484 volebat3
1395 2401 1501 2468 immo

173 2529 233 2575 eos
260 2507 415 2575 defendit
444 2508 576 2589 dicens,
604 2531 673 2576 nou
702 2533 759 2577 eos
786 2511 892 2593 solos,
919 2511 979 2578 sed
1007 2532 1126 2578 omncs
1151 2509 1285 2578 audisse
1309 2508 1501 2576 doctrinam

176 2613 291 2703 (rot).

220 2724 310 2788 Unus
324 2744 363 2788 ex
380 2722 543 2788 ministris
558 2722 693 2790 adulari
709 2723 825 2791 volens
836 2722 990 2815 pontifici
1005 2729 1039 2790 et
1058 2724 1172 2791 zelum
1184 2720 1327 2789 honoris
1337 2720 1411 2788 eius
1421 2741 1503 2809 prae

175 2849 210 2894 se
229 2828 334 2908 terre,
362 2829 470 2895 sciens
496 2836 625 2918 quanto
647 2829 725 2896 odio
745 2831 791 2897 ab
813 2832 974 2899 omnibus
995 2830 1169 2898 habeatur
1188 2829 1341 2896 Christus
1358 2826 1504 2916 ideoque

176 2933 241 3001 sibi
266 2936 381 3001 omnia
408 2936 549 3025 impune
573 2936 676 3004 licere
704 2937 877 3020 iudicans,
909 2960 979 3004 uon
1006 2939 1147 3007 erubuit
1171 2934 1341 3022 tlagitium
1368 2941 1504 3023 patrare

180 3039 280 3130 (tot.)
294 3064 324 3107 v.
342 3047 384 3106 22
397 3041 479 3109 daec
491 3054 605 3109 autem
621 3065 698 3109 cum
713 3043 870 3127 dixisset,
889 3067 977 3111 unus
992 3043 1153 3111 assistens
1165 3042 1397 3109 ministrorum
1411 3038 1506 3105 dedit

176 3146 317 3238 alapam
332 3151 418 3231 Iesu,
438 3155 567 3237 ῥάπισμα
582 3149 717 3239 alapam
735 3151 964 3218 communiter
976 3151 1160 3241 explicant,
1176 3169 1388 3238 quamquam
1402 3149 1505 3214 etiam

179 3256 302 3322 verber
315 3254 369 3322 vel
388 3255 474 3322 ictus
498 3256 616 3342 virgae
637 3264 697 3323 aut
718 3257 833 3324 baculi
858 3257 1027 3346 flagellive
1051 3278 1093 3324 ea
1109 3277 1192 3323 voce
1208 3255 1424 3342 designatur,
1453 3250 1505 3318 di-

179 3384 257 3429 eens
278 3383 290 3426 .·
311 3361 359 3428 sic
381 3361 563 3451 respondes
576 3363 760 3452 pontifici?
782 3393 797 3424 a
823 3364 992 3454 quidhoc
1014 3362 1226 3454 petulantius
1240 3361 1364 3428 luerit?
1382 3360 1507 3426 exhor-

181 3491 272 3536 resce
296 3468 445 3547 coelum,
466 3470 686 3536 contremisce
704 3479 795 3538 terra
819 3471 861 3538 de
885 3472 1020 3538 Domini
1039 3469 1210 3561 patientia
1224 3475 1257 3536 et
1272 3469 1317 3536 de
1331 3487 1506 3533 servorum

181 3575 307 3642 scelere
326 3605 340 3636 u
360 3575 471 3664 (Cirr.)
491 3582 524 3642 et
539 3576 581 3642 de
593 3577 764 3666 pontilicis
777 3578 945 3645 iniustitia
964 3577 1064 3666 (Tol.)
1079 3577 1143 3668 qui
1159 3579 1194 3643 in
1216 3580 1326 3643 lesum
1349 3571 1507 3641 animad-

182 3689 313 3749 vertere
329 3683 497 3772 permittit
512 3687 632 3749 contra
650 3685 702 3751 ius
720 3691 754 3750 et
775 3685 842 3765 las,
860 3708 900 3751 ac
921 3686 947 3752 si
966 3692 1053 3752 esset
1071 3683 1282 3774 proscriptus
1299 3689 1332 3748 et
1352 3682 1507 3747 omniurn

74 3786 82 3801 ‘
182 3788 340 3857 ludibriis
355 3788 513 3857 traditus.
533 3790 651 3856 Mirum
671 3793 827 3881 estquod
846 3790 923 3858 θὴν.
948 3792 1053 3858 Eutlr.
1076 3797 1199 3882 putant
1217 3812 1238 3856 a
1256 3788 1384 3855 llalcho
1407 3786 1508 3853 luisse

182 3896 351 3963 Christum
376 3918 588 3985 percussum;
617 3897 692 3977 sed,
717 3905 753 3964 ut
781 3898 849 3964 alia
873 3899 1086 3980 omittantur,
1113 3897 1260 3964 llalchus
1288 3900 1363 3961 orat
1391 3915 1508 3959 servus

184 4003 352 4094 pontificis
368 4011 490 4084 δοῦλος,
509 4025 578 4070 non
595 4026 684 4072 unus
702 4027 741 4071 ex
755 4006 1013 4095 apparitoribus
1027 4006 1098 4092 (τῶν
1115 4001 1295 4091 ὑπηρετῶν).
1318 4006 1407 4067 Bene
1426 3998 1508 4066 dicit

185 4113 271 4200 Hup.
296 4109 338 4175 de
368 4111 433 4175 hoc
456 4110 624 4176 satellite:
643 4112 738 4178 fortis
765 4134 944 4202 percussor
968 4118 1001 4178 et
1025 4111 1140 4178 mollis
1160 4109 1339 4187 adulator;
1358 4107 1510 4173 Christus

185 4226 297 4284 autem
329 4215 461 4305 accepit
488 4217 667 4298 iniuriam,
699 4222 845 4286 servavit
875 4219 1098 4309 patientiam,
1129 4215 1282 4284 reddidit
1314 4213 1507 4281 doctrinam

186 4324 303 4414 (Eup.)
328 4330 424 4400 v.23
447 4321 620 4412 respondit
640 4324 674 4390 ei
692 4328 782 4396 Iesus
806 4347 818 4389 .·
841 4325 872 4392 si
894 4323 983 4390 male
1005 4325 1139 4390 loczctus
1159 4345 1254 4405 sitm,
1277 4320 1507 4387 testimonium

183 4430 321 4520 perdide
338 4430 380 4496 tle
400 4429 510 4509 vitale,
528 4452 583 4496 mc
597 4453 718 4498 accusa
738 4439 909 4499 attestare
927 4436 960 4498 et
979 4431 1106 4520 proba;
1128 4430 1159 4497 si
1176 4441 1292 4496 autem
1309 4431 1408 4505 bene,
1424 4423 1511 4514 quid

186 4537 391 4605 mercedis?
407 4564 423 4596 «
443 4538 592 4604 suaviter
606 4538 745 4627 quidem
765 4544 796 4605 et
814 4543 988 4606 mansuete
1007 4537 1155 4617 dictum,
1175 4536 1233 4603 scd
1254 4535 1434 4601 iustissime
1454 4532 1508 4598 in-

186 4653 323 4712 ventum
336 4656 369 4712 et
388 4643 588 4730 gravissime
602 4653 652 4712 est
667 4646 856 4734 prolatum3
878 4647 939 4712 etsi
954 4644 1044 4711 male
1059 4644 1191 4712 locutus
1203 4643 1359 4723 fuissem,
1376 4640 1505 4727 inquit,

185 4753 315 4819 nullam
335 4751 398 4818 nisi
416 4752 524 4817 iussus
540 4751 705 4819 caedendi
721 4752 864 4820 haberes
881 4757 1097 4843 potestatem,
1113 4752 1183 4817 imo
1203 4772 1265 4817 uec
1282 4752 1505 4838 praeceptum

185 4858 256 4925 sive
271 4864 470 4947 potestatem
488 4859 640 4947 accipere
657 4881 805 4947 aequum
822 4866 923 4937 esset,
939 4859 1003 4925 nisi
1018 4858 1111 4925 dicta
1126 4858 1221 4947 prius
1236 4877 1337 4923 causa
1348 4859 1381 4921 et
1395 4877 1415 4920 a
1430 4875 1508 4919 cen-

186 4966 321 5034 soribus
335 4967 446 5034 libera
460 4968 641 5050 sentcntia3
661 4975 757 5034 tuum
772 4969 899 5057 quippe
913 4972 984 5033 crat
996 4986 1155 5033 accusare
1172 4985 1378 5053 causamque
1393 4961 1507 5029 dicere
