4116 5648
906 454 989 499 roan.
1012 439 1172 513 mre-15.

379 588 525 655 rentium
546 586 675 675 aliquid
698 595 732 655 et
751 613 818 656 non
844 588 1110 669 invenientium,
1132 588 1191 678 qui
1206 613 1246 657 ex
1261 591 1367 657 nimio
1378 588 1576 657 inveniendi
1588 593 1700 663 studio
1745 630 1746 634 =
1828 572 1855 657 'zi

379 695 421 761 ad
443 718 481 762 ea
502 716 591 783 quae
615 694 707 782 prius
727 696 1013 785 perlustraverant
1026 718 1061 761 se
1073 703 1277 763 convertunt
1289 695 1413 765 iterum
1431 703 1697 788 perscrutantes,

379 802 460 890 quia
474 800 596 866 nolunt
609 800 675 868 sibi
689 803 842 868 adimere
856 822 951 890 spem
969 800 1178 868 inveniendi.

424 914 492 973 lam
508 905 540 972 ei
555 916 698 996 paratur
714 907 907 995 praemium
927 909 1053 976 amoris
1074 914 1107 973 et
1125 907 1333 975 constantiae
1349 931 1381 974 v.
1406 915 1446 975 12
1460 922 1494 976 et
1507 910 1596 978 vidit
1615 908 1700 977 duos

378 1010 519 1100 onqelos
540 1013 577 1080 in
596 1013 683 1080 albis
696 1010 848 1080 sedentes
870 1038 978 1081 anaim
999 1013 1048 1080 ad
1060 1028 1178 1104 capuit,
1194 1030 1226 1081 et
1242 1036 1348 1080 rcnrrm
1368 1014 1417 1081 ad
1421 1014 1545 1104 pedes,
1566 1017 1627 1084 ubi
1635 1040 1700 1110 po-

377 1118 482 1186 situm
491 1122 613 1210 [areret
632 1141 753 1208 eorpus
772 1122 868 1204 leam·
880 1122 1023 1209 angelos
1038 1142 1107 1188 esse
1122 1144 1190 1187 non
1210 1122 1340 1208 cogitat
1356 1142 1418 1188 nec
1432 1121 1553 1189 mirari
1565 1122 1701 1191 videtur

379 1248 445 1293 una
468 1225 674 1313 cogitatione
696 1225 802 1293 ablati
830 1227 962 1294 ttomini
988 1226 1087 1310 unice
1110 1234 1277 1316 occupata
1297 1227 1434 1317 (Cori).
1460 1232 1532 1296 Non
1558 1251 1699 1318 parvam

378 1340 489 1400 tantae
514 1331 716 1426 diligentiae
739 1334 930 1400 mercedem
953 1334 1099 1423 aeeepit;
1125 1333 1217 1423 quod
1241 1333 1401 1423 discipuli
1426 1355 1496 1402 non
1520 1335 1694 1418 viderunt,

375 1440 437 1506 illa
457 1439 565 1516 videt,
585 1438 655 1527 ipse
671 1439 809 1506 babitus
823 1430 1027 1527 angelorum
1047 1440 1254 1507 hilaritatem
1270 1447 1303 1507 et
1320 1440 1485 1528 gaudium
1501 1463 1585 1532 prae
1599 1464 1634 1509 se
1649 1442 1665 1508 1
1683 1481 1699 1492 -
1799 1428 1801 1432 ⁸

377 1546 475 1613 rebat
490 1547 525 1611 in
542 1544 692 1611 vestibus
705 1546 777 1612 scil.
797 1545 884 1612 albis
897 1545 1023 1635 (carn).
1047 1551 1085 1614 Ut
1100 1552 1185 1614 Deus
1201 1546 1258 1614 lux
1273 1553 1339 1630 est,
1358 1548 1407 1614 ita
1426 1546 1518 1614 beati
1531 1546 1585 1615 illi
1599 1549 1698 1639 spiri·

377 1660 430 1719 tus
445 1660 478 1717 et
492 1651 549 1718 [tei
559 1651 595 1717 in
610 1651 690 1718 aula
701 1652 841 1738 gloriosi
853 1661 1020 1742 apparent
1030 1651 1065 1718 in
1081 1652 1193 1720 lueida
1209 1659 1317 1734 veste;
1332 1676 1365 1720 v.
1385 1660 1425 1720 13
1438 1652 1558 1721 dicunt
1572 1653 1605 1721 ei
1618 1653 1675 1721 itti
1686 1676 1699 1721 :

376 1758 501 1824 mulier·
512 1756 602 1849 perid
611 1757 752 1847 ploras?
764 1757 849 1824 dicit
863 1759 913 1825 eis
925 1779 939 1823 .·
951 1759 1035 1848 quie
1046 1758 1197 1826 tulerunt
1212 1760 1399 1826 Dominum
1414 1782 1526 1826 meam
1541 1773 1574 1828 et
1586 1761 1698 1829 neseio

377 1865 434 1930 ndi
454 1876 644 1954 posuerant
667 1886 765 1949 earm·
783 1865 862 1932 ideo
887 1865 1001 1955 ploro,
1029 1865 1144 1932 nescio
1165 1888 1235 1956 quo
1256 1867 1505 1954 transtulerint,
1527 1874 1565 1933 ut
1584 1889 1624 1935 eo
1642 1889 1699 1934 vu·
1776 1893 1781 1903 ·
1864 1889 1867 1899 ⁴

374 1972 456 2038 dens
471 1971 640 2057 iuungam
653 1992 777 2061 eorpus
791 1979 824 2037 et
840 1971 893 2038 vel
913 1972 1118 2039 mediocrem
1134 1995 1172 2039 ex
1189 1995 1229 2040 eo
1244 1972 1508 2042 consolationem
1525 1972 1697 2042 inveniam

376 2077 573 2168 (l'lreoplr.);
590 2101 623 2144 v.
641 2083 680 2144 lt
693 2078 776 2144 lroec
792 2101 870 2144 cum
882 2076 1039 2159 dixisset,
1057 2101 1218 2146 converse
1230 2093 1278 2146 est
1292 2092 1476 2146 retrorsum
1481 2100 1497 2164 ;
1510 2102 1574 2166 cur¹
1584 2081 1698 2148 subito

374 2207 408 2250 se
431 2184 638 2252 converterit
657 2193 862 2266 retrorsum,
889 2184 1057 2252 rationem
1082 2185 1196 2253 reddit
1217 2185 1263 2253 ad
1290 2186 1397 2252 animi
1420 2185 1574 2254 indolem
1597 2186 1698 2277 plane

374 2299 638 2359 consentaneam
656 2295 741 2359 Bon.
757 2312 769 2356 .·
785 2313 882 2358 amor
898 2314 968 2359 non
986 2292 1120 2360 sinebat
1133 2313 1209 2359 eam
1227 2293 1360 2374 sistere,
1379 2293 1484 2360 immo
1499 2292 1603 2360 modo
1618 2293 1696 2374 buc,

376 2397 477 2465 modo
496 2398 578 2464 illuc
593 2397 813 2486 respiciebat;
832 2405 869 2464 ut
890 2398 990 2464 anaia
1009 2404 1083 2466 erat
1102 2398 1139 2465 in
1158 2399 1374 2489 quaerendo,
1392 2421 1459 2466 non
1480 2399 1700 2490 exspectabat

375 2526 575 2595 responsum
597 2505 657 2572 sed
688 2507 852 2572 continuo
879 2505 1091 2596 respectabat
1109 2506 1246 2595 (lans).
1279 2510 1424 2573 Causam
1448 2505 1598 2573 reddunt
1621 2506 1697 2589 alii,

374 2613 455 2702 quia
470 2634 508 2678 ex
523 2611 728 2700 angelorum
745 2611 896 2679 vultibus
910 2612 964 2679 vel
976 2634 1015 2679 ex
1027 2611 1170 2702 strepitu
1184 2612 1334 2701 quodam
1348 2611 1553 2678 intellexerit
1564 2611 1699 2680 adstare

374 2717 525 2808 aliquem
541 2741 560 2785 a
576 2725 675 2805 tergo
691 2718 747 2804 (cl.
765 2718 844 2787 Clrr.
865 2717 1008 2808 Theoplr.
1022 2720 1127 2786 Erctlr.
1153 2717 1222 2784 Tot.
1241 2720 1331 2785 lana.
1346 2721 1431 2808 Lep.
1450 2720 1529 2784 Bor.
1554 2718 1696 2807 Calai.);

374 2847 509 2905 verum,
528 2847 604 2891 eum
625 2824 711 2892 nibil
732 2824 800 2891 tale
821 2825 855 2890 in
878 2825 1074 2893 narratione
1089 2824 1265 2906 innuatur,
1290 2824 1410 2892 melius
1432 2833 1481 2891 est
1501 2824 1697 2892 huiusmodi

375 2939 486 3000 motus
499 2955 539 2999 ex
558 2931 713 3022 inquieto
732 2931 854 2998 affectu
870 2931 1069 3020 quaerentis
1086 2932 1274 3021 explicare,
1294 2954 1362 3021 quo
1382 2931 1453 2998 scil.
1477 2931 1516 2997 fit
1533 2937 1569 2999 ut
1583 2932 1698 2998 omnia

373 3041 502 3106 circum
521 3061 557 3106 se
572 3038 756 3128 perlustret
772 3039 867 3125 (Nat.
888 3037 976 3107 Corl.
995 3038 1129 3125 Selia),
1146 3050 1179 3105 et
1195 3037 1283 3104 cidit
1300 3041 1409 3106 Iesum
1423 3049 1569 3105 stantem
1582 3050 1614 3104 et
1629 3061 1697 3105 non

372 3144 498 3213 sciebat
515 3146 601 3235 qnia
617 3148 707 3212 Iertes
728 3159 793 3227 est,
820 3145 876 3212 vel
891 3144 974 3234 quia
988 3149 1079 3212 lesus
1094 3145 1128 3212 in
1148 3145 1216 3212 alia
1237 3144 1352 3232 effigie
1378 3145 1409 3212 ci
1432 3143 1634 3227 ostenditur,
1650 3144 1693 3212 ci.

375 3258 471 3319 liar-c.
489 3258 607 3329 roam
631 3252 682 3318 vel
696 3251 779 3342 quia
793 3252 883 3319 oculi
897 3251 970 3320 eius
986 3252 1192 3319 tenebantur
1204 3274 1248 3318 ne
1264 3274 1342 3318 eum
1353 3251 1466 3318 statim
1484 3259 1695 3338 agnosceret,

374 3359 423 3426 uti
442 3358 604 3425 euntibus
620 3360 655 3424 in
678 3362 837 3426 Emmaus
855 3358 986 3436 eventa
1008 3360 1111 3424 etiam
1129 3366 1247 3448 postea
1265 3357 1427 3448 discipuli
1446 3380 1515 3425 non
1534 3357 1697 3424 continuo

374 3464 554 3532 [lentinum
570 3473 795 3554 apparentem
809 3473 1064 3552 cognoverunt;
1081 3465 1126 3530 ef.
1144 3470 1223 3544 aet
1237 3487 1307 3554 seq.

418 3576 522 3651 lesus,
537 3571 610 3661 ipse
626 3573 692 3638 iam
709 3571 847 3649 beatus,
865 3577 956 3638 totus
970 3572 1006 3638 in
1021 3571 1056 3638 id
1070 3571 1254 3653 incumbit,
1275 3578 1313 3637 ut
1327 3593 1402 3637 suos
1416 3571 1614 3638 consoletur
1631 3570 1697 3639 sui-

373 3702 439 3768 que
458 3677 579 3765 gaudii
593 3684 769 3744 consortes
784 3678 921 3745 efficiat.
939 3678 1097 3745 Dolorem
1116 3686 1150 3744 et
1164 3677 1323 3745 lacrimas
1339 3677 1555 3765 tlagdalenae
1572 3676 1698 3745 diutius

375 3784 489 3851 videre
504 3806 574 3851 non
599 3784 713 3851 valens
731 3785 801 3872 ipse
825 3807 858 3851 se
881 3784 914 3851 ei
931 3783 1210 3874 conspiciendum
1236 3783 1400 3851 continuo
1418 3785 1575 3873 praeliet;
1599 3783 1697 3874 quasi
1763 3867 1766 3872 ¹

373 3891 562 3957 delectatus
578 3892 697 3958 audire
713 3898 842 3980 quanto
858 3889 966 3959 animi
981 3891 1104 3958 affectu
1119 3891 1163 3956 ab
1181 3912 1221 3957 ea
1233 3898 1420 3980 quaeratur
1435 3899 1467 3957 et
1486 3889 1699 3956 ‹tesideretur

374 4005 474 4064 antea
500 4021 541 4064 ex
563 4020 602 4064 ea
626 3999 762 4087 (quaerit
788 4021 819 4063 v.
840 4005 881 4066 15
905 3997 991 4064 dicit
1006 3997 1039 4064 ei
1062 3999 1153 4064 Iesus
1171 4018 1184 4061 .·
1204 3997 1329 4064 inretier
1343 3996 1428 4087 quid
1438 3995 1579 4087 plorem?
1597 4018 1696 4085 quem
1786 3999 1801 4050 J
1846 3992 1856 4042 -’

376 4105 538 4194 quaeris?
554 4103 616 4170 itta
629 4104 831 4171 eaistrmous
844 4104 928 4194 quio
942 4103 1146 4171 hortulanus
1156 4116 1253 4188 esset,
1269 4127 1339 4170 non
1353 4126 1392 4169 ex
1407 4124 1435 4167 v·
1448 4110 1498 4169 ste
1513 4102 1548 4168 id
1564 4101 1698 4169 coniec-

375 4219 439 4289 tat,
457 4210 517 4287 sed
537 4211 614 4298 quis
634 4211 720 4278 atius
743 4232 878 4277 summo
894 4233 994 4277 mane
1019 4211 1056 4277 in
1077 4210 1176 4277 horto
1196 4211 1325 4297 (aaut)
1342 4209 1463 4288 aderit,
1480 4208 1549 4275 nisi
1564 4207 1623 4298 qui
1638 4230 1698 4275 cu-

375 4339 446 4384 ram
465 4317 555 4384 horti
574 4318 676 4385 babet
688 4317 834 4406 tSclrz.)!
852 4317 938 4383 dicit
951 4317 984 4384 ei
999 4338 1011 4381 .·
1027 4317 1182 4397 douu'ne,
1199 4319 1280 4406 quia
1295 4321 1442 4382 larorern
1456 4315 1552 4405 petit,
1572 4337 1697 4403 magua

375 4425 566 4491 reverentia
585 4446 663 4490 eum
694 4425 882 4514 alloquitur
908 4431 943 4490 et
968 4424 1172 4490 hortulanus
1193 4423 1310 4514 aliquo
1339 4421 1440 4488 modo
1464 4429 1513 4488 est
1537 4421 1698 4488 domiuus

375 4530 479 4607 horti,
498 4530 635 4620 quiade
654 4532 758 4597 rebus
783 4534 817 4596 in
840 4532 939 4598 horto
963 4531 1130 4620 disponit,
1151 4530 1306 4610 ordinat;
1323 4529 1384 4595 sed
1406 4530 1546 4595 lor-tasse
1567 4527 1696 4616 inipso

375 4636 490 4702 lrabuu
514 4638 678 4726 vultuque
705 4637 801 4705 istius
818 4638 991 4705 hortulani
1010 4639 1077 4703 iam
1101 4637 1210 4704 elucet
1234 4638 1393 4702 maiestas
1407 4621 1576 4724 quaedam
1592 4655 1631 4699 ac
1647 4632 1698 4699 di·

371 4742 500 4828 gnitas,
519 4768 588 4834 qua
601 4744 787 4834 appellatio
805 4745 862 4810 illa
878 4743 1070 4811 honorifica
1083 4766 1145 4810 sua
1160 4749 1280 4834 sponte
1295 4741 1338 4808 sit
1357 4747 1474 4821 enata3
1488 4740 1520 4806 si
1534 4752 1571 4805 tu
1585 4752 1695 4806 sustu·

371 4847 445 4916 listi
458 4871 554 4937 eraut,
579 4849 684 4919 dicito
703 4850 807 4931 irriti,
829 4850 890 4919 ati
899 4850 1048 4942 posuisti
1065 4873 1143 4917 eum
1165 4864 1197 4917 et
1213 4871 1274 4940 epo
1290 4872 1366 4915 eron
1388 4847 1505 4915 tottam
1533 4868 1547 4911 .·
1572 4868 1696 4935 magna
