4050 5648
821 331 902 382 ouaa
924 332 974 377 srr
996 330 1194 382 aaraarrours
1215 334 1356 383 aurosus.¹
1709 325 1746 384 tl

1872 406 1899 442 ᾖ),
1947 406 1956 429 .-

422 489 498 537 rum
518 467 712 556 propositas
732 465 789 554 (ct.
815 465 961 533 lloltzm.
984 469 1138 555 Weizs.);
1158 470 1192 531 el
1212 441 1540 560 insuperatam
1557 491 1746 559 sermones,
1862 426 2004 571 'stitis'

420 679 546 748 luisset.

420 595 505 665 quos
528 573 590 641 etsi
618 599 640 643 a
669 581 742 641 lesu
771 572 885 641 habiti
902 582 1029 657 essent,
1049 593 1151 642 nemo
1180 571 1309 641 diutius
1337 575 1504 645 memoria
1523 576 1671 645 retinere
1686 603 1750 667 po·

463 788 512 856 Ad
534 791 618 857 haec
638 787 921 876 respondendum
943 798 1017 856 est:
1043 786 1092 853 uti
1112 787 1206 877 apud
1225 788 1420 875 synopticos
1440 793 1582 856 loannes
1602 792 1752 881 baptista

419 897 599 964 annuntiat
616 895 769 961 llessiam
788 898 973 962 venturum
997 891 1129 960 ludaeis
1155 916 1163 961 :
1186 893 1300 960 exibat
1324 893 1369 960 ad
1393 915 1472 960 eum
1492 896 1696 984 lerosolyma
1717 906 1751 967 et
1797 933 1801 942 ·
1887 881 1960 987 ἶν’*
1988 894 1998 972 ’ζ

418 1005 527 1094 omnis
542 999 670 1067 ludaea
687 1001 813 1089 (sarth.
832 1006 902 1082 3,5.
920 1007 1021 1068 blare.
1046 1000 1124 1089 1,5),
1143 1000 1192 1068 ita
1209 1001 1359 1089 prolecto
1371 1002 1600 1069 necessarium
1615 1002 1691 1084 luit,
1712 1014 1751 1071 ut
1893 992 2005 1085 ‘⁷

420 1114 508 1178 lesus
527 1129 665 1198 quoque
690 1109 725 1175 in
747 1105 831 1173 υνδε
856 1130 890 1175 se
912 1106 1157 1174 manifestaret.
1181 1106 1359 1195 Synoptici
1383 1106 1476 1194 clare
1499 1109 1748 1177 indicanteum

418 1215 552 1306 saepius
569 1214 605 1281 in
617 1215 704 1282 υνδε
719 1213 876 1281 docuisse
893 1213 956 1303 (uti
970 1234 1076 1302 supra
1090 1214 1159 1279 iam
1169 1218 1341 1279 ostensum
1352 1212 1428 1301 est).
1445 1216 1514 1280 lam
1528 1215 1557 1280 si
1571 1215 1621 1282 ibi
1633 1216 1750 1283 docuit
1846 1215 1851 1223 “

419 1329 452 1391 et
469 1320 498 1389 si
512 1326 585 1388 erat
603 1321 738 1388 Messias
751 1326 785 1386 et
801 1320 905 1388 Filius
919 1320 994 1399 Dei,
1014 1319 1049 1385 id
1060 1322 1181 1401 etiam,
1201 1320 1251 1385 uti
1264 1319 1300 1385 in
1316 1318 1465 1387 Galilaea
1477 1320 1580 1388 fidem
1598 1324 1749 1412 postula·
1867 1310 2002 1399 ·

419 1429 483 1512 vit,
503 1427 620 1517 aliqua
639 1427 772 1495 ratione
787 1428 1013 1493 manifestare
1027 1425 1160 1493 debuit.
1174 1425 1362 1492 Manifestat
1375 1424 1412 1491 id
1427 1427 1604 1516 operibus,
1622 1428 1744 1516 signia3
1861 1419 1905 1519 -ᾖξ

418 1533 640 1624 interpellant
652 1531 802 1612 nobiles;
820 1539 983 1602 accusant
997 1555 1076 1600 eum
1093 1531 1279 1600 sanationis
1293 1531 1435 1599 sabbato
1451 1533 1571 1601 factae.
1588 1537 1639 1602 Uti
1653 1535 1747 1625 apud
1887 1511 1971 1608 ⁵

418 1643 611 1731 synopticos
626 1643 668 1708 in‘
684 1639 837 1707 Galilaea
852 1639 1008 1729 loquitur
1022 1639 1064 1707 de
1079 1643 1177 1706 Patre
1191 1661 1270 1721 suo,
1288 1638 1337 1704 ita
1349 1646 1389 1706 ut
1406 1642 1597 1707 necessario
1617 1641 1746 1708 intelli-

416 1753 519 1836 gatur
533 1753 622 1816 Deus
641 1746 812 1833 singulari
831 1745 967 1813 ratione
981 1745 1026 1813 ab
1048 1768 1089 1812 eo
1110 1751 1208 1812 Pater
1226 1745 1342 1812 vocari
1365 1745 1495 1834 (tlatth.
1517 1753 1614 1831 '1313
1633 1754 1744 1830 1032.

417 1861 476 1939 33;
496 1860 675 1938 lass-273
693 1859 810 1935 12‚50;
829 1859 931 1935 16,17
942 1852 1036 1940 eto),
1054 1852 1104 1919 ita
1117 1856 1222 1919 Deum
1237 1874 1338 1919 suum
1349 1852 1502 1920 declarat
1515 1855 1649 1922 Patrem
1664 1878 1748 1923 sese-

417 1984 484 2053 que
509 1963 646 2051 operari
667 1958 805 2049 aequali
827 1960 930 2026 modo
950 1981 1028 2026 eum
1050 1963 1149 2026 Patre
1174 1958 1283 2048 (loon.
1308 1960 1412 2042 alr).
1436 1959 1535 2049 Apud
1553 1961 1750 2051 synopticos

418 2090 555 2158 quoque
566 2088 664 2134 suam
677 2088 755 2133 cum
770 2072 866 2148 Patre
876 2065 1122 2155 aequalitatem
1136 2065 1295 2132 enuntiat
1308 2064 1435 2153 (llatth.
1455 2071 1628 2154 llas-ar)
1642 2066 1748 2158 idque
1817 2060 1818 2065 ’
1883 2035 1893 2072 ”’
1903 2029 2000 2164 ’ᾖῇψέ

418 2174 455 2242 in
473 2175 640 2252 Galilaea;
662 2175 754 2241 clare
766 2195 863 2240 suam
884 2172 1089 2260 dignitatem
1107 2172 1260 2262 profert:
1278 2171 1391 2239 mittet
1404 2171 1509 2240 Filius
1524 2174 1672 2241 hominis
1686 2197 1748 2242 an·
1870 2213 1873 2220 -
1917 2170 1970 2218 ‘tr

421 2282 515 2369 gelos
535 2303 614 2348 suos
633 2289 666 2347 et
685 2279 851 2367 colligent
867 2278 910 2347 de
928 2301 1037 2367 regno
1055 2280 1129 2347 eius
1147 2280 1265 2346 omnia
1283 2277 1446 2346 scandula
1464 2280 1590 2369 (tlatth.
1614 2283 1746 2369 13,t1);

420 2387 522 2454 Filius
537 2388 686 2453 hominis
702 2395 866 2454 venturus
880 2385 974 2453 estin
987 2386 1100 2473 gloria
1115 2385 1285 2453 Patrissui
1296 2407 1374 2452 cum
1384 2384 1517 2471 angelis
1533 2385 1602 2452 suis
1617 2384 1744 2476 (ltatth.

424 2500 522 2577 1637
543 2497 637 2579 eto).
661 2498 731 2559 lam
751 2493 779 2559 si
799 2492 845 2560 ila
867 2492 1021 2582 loquitur
1042 2499 1075 2558 et
1094 2492 1196 2558 docet
1219 2491 1255 2558 in
1274 2482 1439 2570 Galilaea,
1464 2492 1682 2560 manifestum
1697 2501 1748 2561 est

421 2623 500 2669 eum
514 2622 629 2668 coram
644 2598 821 2667 nobilibus
841 2599 878 2665 in
894 2599 980 2665 urbe
996 2621 1067 2665 non
1084 2599 1199 2665 minus
1217 2598 1309 2665 clare
1324 2597 1367 2665 de
1390 2619 1442 2682 se,
1466 2620 1526 2664 sua
1541 2600 1699 2668 missione
1714 2607 1748 2667 et

421 2715 544 2775 natura
565 2708 728 2774 docuisse.
753 2706 804 2773 Uti
829 2705 943 2772 tlatth.
968 2712 1131 2782 11,25-27
1153 2704 1326 2773 succincte
1343 2705 1532 2794 aequalitas
1551 2727 1629 2772 cum
1651 2713 1747 2774 Patre

419 2815 592 2896 asseritur,
614 2813 664 2880 ita
687 2814 776 2879 hane
795 2811 1038 2901 aequalitatem
1063 2811 1224 2901 pluribus
1248 2811 1399 2879 declarat
1418 2811 1579 2902 varieque
1598 2813 1749 2881 affirmat

422 2923 513 2986 loan.
534 2926 690 3001 alr-st.
712 2926 753 2985 30
771 2924 805 2984 et
827 2924 940 3000 1029.
960 2926 1002 2985 30
1023 2924 1056 2984 et
1072 2917 1278 2985 testimoniis
1294 2916 1419 2984 additis
1437 2917 1561 3006 probat
1580 2940 1616 2986 se
1628 2942 1752 3009 appro-

416 3026 536 3095 batum
551 3049 572 3092 a
589 3031 687 3093 Patre
705 3046 893 3113 causasque
908 3024 1069 3112 explicat,
1085 3046 1150 3090 cur
1168 3023 1218 3089 illi
1235 3046 1306 3089 non
1318 3024 1472 3090 credant.
1494 3029 1624 3092 Etcum
1639 3048 1749 3094 sermo

417 3133 587 3201 habeatur
606 3154 684 3199 eum
704 3131 830 3210 doctis,
851 3131 1001 3197 formam
1018 3153 1087 3197 non
1111 3152 1184 3197 esse
1203 3131 1305 3221 plane
1328 3131 1490 3211 eandem,
1508 3133 1646 3220 quaein
1664 3133 1749 3200 allo-

419 3240 499 3329 quio
514 3239 560 3305 ad
576 3238 713 3328 plebem
729 3237 1023 3328 deprehendatur,
1041 3260 1104 3326 per
1118 3259 1154 3303 se
1167 3236 1390 3326 perspicuum
1403 3240 1464 3303 es't.
1484 3240 1639 3305 Ceterum
1655 3241 1683 3306 si
1697 3238 1749 3306 di-

422 3351 504 3413 cunt
517 3367 691 3412 sermones
701 3366 772 3411 esse
783 3344 887 3434 plane
898 3343 1062 3411 obscuros
1076 3350 1110 3410 et
1124 3343 1195 3409 vim
1210 3343 1424 3433 percipiendi
1439 3343 1635 3412 auditorum
1645 3345 1747 3434 longe

342 3467 346 3474 “
419 3474 581 3542 superare
601 3456 634 3517 et
655 3452 807 3541 proponi
824 3450 920 3517 nulla
937 3449 1058 3515 habita
1072 3471 1194 3516 eorum
1207 3450 1457 3537 intelligentiae
1471 3451 1605 3519 ratione
1622 3453 1747 3540 (gross-

383 3570 387 3578 ’
419 3559 528 3646 artiga
550 3556 915 3642 Rbcksiehtslosigkeit
933 3555 1137 3643 gegenuber
1154 3554 1218 3622 der
1234 3556 1495 3643 Fassungskraft
1505 3556 1567 3624 der
1581 3560 1745 3645 Zuhdrer,

417 3665 618 3732 lloltzmann
642 3688 677 3754 p.
697 3668 786 3749 tao),
810 3663 846 3729 id
865 3662 966 3730 valde
987 3670 1036 3729 est
1050 3669 1311 3750 exaggeratum.
1332 3668 1449 3730 Nonne
1468 3662 1556 3732 δευε
1570 3666 1745 3735 intellexe-

417 3775 520 3840 runt?
536 3793 616 3837 narn
628 3777 805 3861 quaerunt
819 3792 898 3837 eum
911 3769 1104 3837 interficere
1117 3769 1200 3858 quia
1219 3776 1353 3837 Patrem
1366 3792 1466 3837 suum
1483 3771 1620 3839 dicebat
1640 3778 1743 3841 Deum

420 3877 598 3969 aequalem
620 3899 655 3944 se
680 3880 806 3945 taciens
826 3883 891 3944 Deo
919 3876 1046 3965 (5‚18);
1069 3877 1189 3942 volunt
1210 3898 1289 3943 eum
1306 3876 1460 3965 lapidare
1484 3883 1517 3944 et
1536 3878 1678 3948 dicunt:
1704 3881 1746 3949 de

286 4044 288 4049 .
418 3985 635 4074 blasphemia
655 3983 848 4073 lapidamus
866 3990 915 4064 te,
933 3983 1016 4072 quia
1038 3989 1075 4049 tu
1092 3982 1196 4049 homo
1217 4005 1295 4050 eum
1310 3982 1355 4049 sis
1376 3984 1457 4050 lacis
1476 3984 1621 4072 teipsum
1642 3992 1746 4055 lteum

422 4092 563 4182 (1033).
590 4092 641 4159 Uti
666 4091 759 4179 apud
785 4089 980 4180 synopticos
1003 4095 1124 4156 contra
1148 4091 1346 4179 pharisaeos
1369 4112 1408 4157 ex
1435 4114 1461 4157 s.
1489 4090 1613 4158 litteris
1633 4096 1750 4180 arguit

420 4200 546 4290 (llatth.
578 4205 691 4279 sats.
715 4202 765 4263 Ps.
792 4205 908 4277 109,1;
934 4203 969 4263 et
987 4197 1102 4264 ltlatth.
1126 4203 1240 4279 21,t2.
1266 4201 1315 4263 Ps.
1339 4197 1487 4284 uras),
1511 4197 1560 4263 ita
1578 4200 1672 4287 apud
1686 4222 1749 4267 no-

420 4314 525 4374 strum
544 4328 685 4401 quoque
704 4305 951 4390 evangelistam
963 4310 1062 4385 3,1t;
1077 4310 1169 4383 5,39.
1187 4309 1245 4384 ts;
1261 4309 1357 4384 s,t5;
1373 4309 1465 4386 7,23.
1482 4309 1668 4385 38;10,3t.
1687 4312 1750 4374 Ne-

419 4436 486 4504 que
500 4434 620 4479 verum
638 4420 689 4478 est
707 4432 881 4478 sermones
901 4411 993 4478 trahi
1011 4411 1097 4478 adeo
1116 4410 1255 4496 longos3
1277 4432 1358 4477 nam
1376 4432 1476 4499 saepe
1491 4411 1696 4502 interruptio
1709 4415 1749 4480 srt

419 4543 441 4587 a
455 4519 588 4587 ludaeis
601 4520 655 4585 vel
674 4518 839 4599 obiectio,
857 4518 912 4584 cui
936 4523 1024 4586 lesus
1041 4516 1239 4605 respondet;
1263 4516 1340 4584 vide
1355 4523 1446 4599 6,28.
1464 4524 1517 4585 30.
1538 4525 1592 4584 aa.
1609 4525 1662 4586 tl.
1684 4527 1745 4604 533

422 4633 511 4708 730.
535 4634 589 4694 25.
617 4632 670 4692 31.
697 4635 755 4705 353
774 4631 866 4706 8,13.
886 4632 938 4692 19.
965 4631 1019 4691 22.
1038 4631 1093 4692 25.
1113 4631 1168 4691 33.
1191 4631 1245 4692 39.
1264 4633 1318 4692 tl.
1343 4630 1396 4691 l8.
1416 4627 1517 4691 52'en
1539 4627 1636 4692 toties
1650 4625 1747 4696 iniis

422 4733 635 4802 sermonibus
651 4733 902 4822 interpellatur,
924 4731 1199 4819 interrumpitur.
1537 4730 1540 4737 ’
