4050 5648
43 452 52 463 ..
76 429 99 487 sp
132 442 155 473 ,r
215 455 217 459 .
288 430 344 466 ,κα

44 491 230 597 ;⁴''3⁹·,··..;
289 502 347 574 12'0

45 608 95 727 ''31
193 635 195 639 ’
231 671 233 674 >
287 641 369 702 dixit
386 660 393 701 :
415 642 447 705 in
459 663 498 708 eo
511 645 637 727 negotio
653 643 708 701 tua
724 637 948 705 intercessione
963 658 1029 702 non
1044 641 1186 723 indigem
1203 655 1276 699 mea
1288 656 1341 701 res
1353 643 1472 720 agitur3
1489 638 1616 700 laissez·

45 735 145 769 ’“··“’·
288 740 461 806 moifaire!
529 739 533 744 ’
1052 743 1054 748 ’
1169 739 1173 745 ’

330 922 415 998 Quia
426 915 589 988 nonsatis
601 915 851 986 consideratum
867 923 929 996 est,
946 915 1116 984 Christum
1130 913 1378 1006 praescientem
1394 921 1428 982 et
1445 916 1616 984 volentem

287 1028 454 1095 miracula
473 1024 586 1089 facere
609 1024 747 1114 nuptias
762 1025 895 1103 adiisse,
913 1023 1081 1090 sententia
1102 1043 1110 1090 :
1131 1019 1286 1090 nondum
1305 1020 1399 1086 venit
1414 1021 1499 1090 horo
1519 1018 1613 1104 mec,

284 1133 371 1201 lecta
386 1137 435 1199 est
449 1149 527 1194 cum
542 1128 783 1198 affirmatione.
801 1129 895 1197 Unde
912 1131 1100 1197 necessario
1114 1136 1190 1197 orta
1208 1133 1259 1196 est
1277 1126 1419 1217 opinio:
1440 1129 1616 1195 Christum

284 1230 430 1306 voluisse
445 1233 580 1305 dicere:
595 1237 750 1304 nondum
765 1258 835 1303 esse
846 1241 979 1321 tempus
993 1234 1112 1303 illuda
1127 1242 1225 1303 Patre
1238 1234 1305 1302 sihi
1322 1233 1531 1323 praefixum,
1546 1255 1617 1324 quo
1640 1289 1641 1293 ,

66 1354 69 1361 '
183 1353 186 1358 '
212 1354 219 1365 “
284 1364 320 1410 se
333 1338 481 1406 Messiam
494 1341 609 1431 palam
624 1340 804 1408 ostendere
818 1339 925 1430 possit
938 1359 979 1405 ae
991 1339 1130 1420 debeat;
1148 1341 1305 1409 nondum
1318 1361 1394 1408 esse
1406 1344 1545 1427 tempus
1554 1339 1619 1405 mi·

200 1485 205 1503 ι
285 1444 651 1537 raculorum;tcmpus
669 1445 950 1513 manifestationis
968 1449 1155 1514 messiauae
1170 1469 1241 1514 esse
1261 1452 1428 1514 statutum
1448 1466 1512 1536 pro
1529 1448 1617 1510 tem-

283 1552 342 1642 plo
354 1553 390 1619 in
406 1557 587 1622 ierusalem
602 1554 662 1641 (uti
678 1555 758 1619 Bar.
773 1560 807 1619 et
817 1556 850 1620 J.
865 1552 996 1620 Grimm
1012 1555 1195 1644 praecipue
1210 1553 1400 1642 exponunt)
1418 1577 1426 1636 ;
1442 1551 1614 1620 Christum

284 1661 399 1750 itaque
418 1660 518 1729 citius
538 1660 705 1750 incepisse
723 1664 857 1747 patrare
876 1658 1041 1726 miracula
1060 1659 1238 1728 inductum
1254 1659 1422 1749 petitione
1442 1657 1563 1726 matris
1581 1661 1627 1740 et,

286 1767 334 1833 ita
348 1767 449 1833 matri
459 1765 905 1835 honoremetreverentiam
917 1763 1109 1833 exhibuisse
1121 1767 1178 1856 (cf.
1199 1765 1279 1835 cor.
1296 1764 1400 1832 Euat.
1415 1767 1497 1853 ΟΨ.
1514 1760 1616 1852 rot),

284 1873 338 1938 vel
354 1876 499 1938 matrem
510 1871 653 1960 eoquod
669 1871 842 1961 repulsam
852 1871 949 1938 illam
961 1871 1139 1939 humiliter
1152 1872 1350 1962 suscepisset
1361 1877 1395 1938 et
1408 1868 1618 1938 sacrificium

285 1999 352 2044 ase
363 1977 573 2067 postulatum
584 1976 702 2044 animo
712 1977 858 2044 maxime
867 1999 1033 2063 generoso
1043 1977 1232 2062 obtulisset,
1243 1977 1461 2046 exauditione
1471 1997 1542 2044 esse
1556 1974 1620 2041 do·

286 2089 401 2151 natam
418 2084 588 2150 ethoram
602 2083 887 2150 manifestationis
901 2084 1089 2152 messianae
1103 2085 1312 2152 accelerasse
1334 2086 1380 2173 (J.
1400 2084 1543 2167 Gemm,
1558 2080 1616 2148 Al.

285 2190 477 2278 Schaeser).
492 2195 529 2257 ln
539 2211 609 2278 qua
616 2189 779 2278 opinione
790 2195 904 2256 tamen
914 2191 1009 2258 varia
1021 2191 1251 2272 affirmantur,
1262 2212 1351 2281 quae
1366 2190 1549 2258 consistere
1560 2209 1620 2255 ne·

285 2305 428 2387 queunt.
441 2302 524 2365 Nam
538 2302 674 2385 tempus
689 2295 968 2364 manifestationis
981 2298 1169 2366 messianae
1184 2299 1253 2366 iam
1267 2299 1455 2366 certissime
1471 2295 1625 2363 habetur

284 2403 321 2472 in
344 2403 516 2494 baptismo
538 2402 679 2484 Christi;
698 2408 831 2495 tempus
848 2402 937 2470 illud
955 2403 1024 2476 iem
1039 2404 1216 2472 advenisse
1233 2402 1429 2472 testimonio
1448 2402 1619 2492 baptistae

287 2520 377 2595 1,15.
391 2517 446 2578 26.
457 2516 512 2578 29.
524 2516 566 2578 36
576 2509 944 2593 elaredemonstratur;
958 2511 1108 2580 Christus
1121 2511 1210 2579 illud
1224 2509 1451 2599 inauguravit
1465 2508 1619 2597 discipu·

287 2619 337 2685 los
350 2617 417 2684 sibi
427 2617 664 2706 aggregando,
678 2616 869 2701 efficiendo,
880 2617 1054 2686 utilessias
1063 2618 1436 2710 praedicaretur(1,t1.
1448 2620 1503 2686 te.
1514 2613 1571 2702 ta)
1584 2617 1620 2680 et

287 2746 322 2790 se
342 2723 553 2790 nominando
570 2722 682 2789 lilium
697 2722 845 2790 hominis
864 2729 898 2791 et
913 2725 1144 2813 promittendo
1161 2748 1169 2794 :
1187 2725 1348 2792 videbitis
1367 2722 1503 2792 coelum
1519 2729 1634 2810 aper-f

288 2838 360 2897 tum
375 2836 439 2896 ete.
462 2836 495 2895 et
510 2827 570 2895 tali
583 2828 808 2918 promissione
820 2829 910 2896 facta
922 2838 957 2897 et
971 2830 1073 2899 rebus
1088 2833 1136 2899 ita
1147 2831 1327 2899 transactis
1341 2851 1419 2897 cum
1437 2824 1622 2916 discipulis

285 2959 320 3004 se
331 2936 461 3004 confert
472 2935 508 3002 iu
523 2935 723 3016 Galilaeam,
740 2934 912 3024 quomodo
927 2936 1001 3003 lieri
1011 2944 1126 3026 posset
1137 2943 1175 3005 ut
1187 2943 1323 3027 tempus
1337 2930 1621 3003 manifestationis

288 3044 476 3111 messianae
493 3041 649 3109 nondum
661 3040 870 3110 advenisset?
882 3041 999 3110 Nescio
1008 3065 1052 3131 an
1062 3045 1143 3112 satis
1157 3050 1248 3111 recte
1257 3044 1361 3110 statui
1372 3042 1478 3133 possit
1487 3063 1509 3108 a
1521 3043 1621 3107 Patre

288 3148 394 3216 aliam
411 3148 532 3214 horam
552 3169 622 3214 esse
639 3146 875 3228 constitutam,
892 3148 997 3239 idque
1015 3172 1039 3217 a
1054 3150 1186 3217 Christo
1199 3150 1286 3217 adeo
1299 3148 1446 3217 firmiter
1460 3168 1539 3215 eum
1553 3145 1621 3212 ali-

287 3279 355 3345 qua
372 3255 492 3321 matris
506 3253 644 3343 repulse
658 3252 724 3342 (uti
742 3254 934 3342 generatim
956 3254 1088 3345 dicum)
1104 3257 1207 3323 asseri
1220 3263 1253 3322 et
1267 3255 1372 3323 asseri
1387 3253 1482 3322 nulla
1497 3251 1619 3321 condi·

289 3365 379 3428 tione
399 3359 533 3427 adiecta
553 3364 586 3426 et
609 3368 725 3426 tamen
747 3381 825 3426 mox
847 3360 1019 3428 Christum
1042 3383 1079 3429 re
1102 3370 1199 3450 gesta
1217 3363 1429 3429 eontrarium
1450 3357 1620 3450 profiteri.

291 3468 411 3554 Utique
425 3465 554 3547 dicunt,
569 3465 650 3532 fidei
666 3472 699 3532 et
712 3465 917 3533 subiectioni
931 3468 1051 3534 matris
1061 3468 1129 3534 hoe
1142 3470 1335 3557 praemium
1349 3489 1421 3534 esse
1435 3465 1620 3546 cassetum,

290 3579 328 3640 ut
342 3572 498 3661 quamvis
518 3570 674 3637 nondum
695 3570 886 3639 advenisset
905 3572 991 3640 hura
1017 3573 1221 3641 miraculum
1236 3574 1333 3642 lieret
1349 3574 1405 3641 vel
1424 3580 1461 3642 ut
1476 3576 1624 3663 propter

290 3681 363 3747 eius
375 3680 536 3745 virtutem
557 3677 633 3767 ipsa
656 3679 741 3745 hora
759 3678 1017 3746 acceleraretur.
1031 3685 1072 3747 ut
1090 3686 1202 3770 potest
1217 3681 1299 3748 addi
1315 3703 1395 3748 eum
1413 3678 1493 3750 ctr.
1510 3682 1621 3746 lesum

289 3809 361 3853 non
382 3786 484 3851 fuisse
499 3783 676 3850 subditum
691 3784 813 3866 horae,
829 3784 934 3875 idque
960 3786 1124 3875 explicari
1138 3808 1214 3854 cum
1236 3809 1276 3853 eo
1294 3786 1451 3876 exemplo
1467 3783 1622 3852 mulieris

291 3889 535 3969 Chauanaeae;
552 3909 633 3954 nam
647 3899 829 3979 postquam
843 3889 928 3956 dixit
945 3913 952 3960 :
975 3885 1044 3958 non
1058 3913 1134 3960 sum
1154 3893 1275 3960 missus
1289 3892 1357 3959 nisi
1375 3892 1418 3959 ad
1433 3912 1514 3958 oves
1532 3912 1623 3981 quae

293 3995 464 4085 perierant
482 3994 605 4061 domus
624 3994 725 4061 lsrael
742 4001 798 4061 et:
816 4016 885 4061 non
904 4004 954 4062 est
970 3996 1102 4065 bonum
1125 4020 1261 4065 sumere
1280 3985 1405 4087 panem
1424 3996 1575 4064 filiorum
1588 4002 1623 4062 et

292 4103 374 4170 dare
388 4100 530 4168 canibus
547 4099 675 4188 (llatth.
694 4100 1013 4189 15,2t-28)‚temen
1032 4103 1141 4170 filiam
1159 4104 1231 4171 eius
1249 4103 1423 4171 liberavit.
1442 4109 1552 4192 Atque
1571 4101 1620 4168 ita

294 4230 450 4275 ramesse
466 4206 705 4296 explicandam
719 4204 885 4288 concedo,
902 4207 967 4273 nisi
982 4229 1023 4274 ex
1040 4216 1112 4277 toto
1126 4210 1334 4277 narrationis
1348 4216 1508 4277 contextu
1523 4207 1619 4275 facil·

294 4317 378 4382 lima
395 4314 580 4382 haberetur
606 4313 786 4402 explicatio
808 4310 955 4398 legendo
982 4315 1185 4384 sententiam
1204 4316 1300 4384 illam
1324 4338 1403 4385 eum
1424 4317 1619 4402 interroga-

293 4423 401 4504 tione,
419 4442 522 4511 quam
534 4419 632 4486 nobis
647 4420 951 4504 interrogationem
965 4422 1420 4503 transmiserunt'latianus,
1438 4422 1623 4510 Gregorius

293 4530 321 4593 N
324 4550 460 4613 yssenus
474 4536 507 4594 et
522 4547 626 4614 quam
645 4525 850 4593 recentiores
867 4524 969 4593 etiam
984 4537 1183 4619 proponunt
1198 4530 1256 4619 (cf.
1275 4519 1399 4596 Etudes
1412 4528 1620 4597 ecclesiasti-

295 4655 393 4721 ques,
414 4641 497 4702 1896
515 4656 550 4723 p.
567 4635 614 4718 7).

334 4804 480 4865 Ceterum
502 4803 589 4865 vario
608 4801 704 4862 modo
727 4808 846 4865 tentata
867 4807 915 4864 est
939 4806 1107 4883 explicatio
1128 4805 1222 4867 huius
1247 4807 1422 4868 sententiae
1444 4824 1452 4865 ε
1478 4804 1622 4866 nondum

293 4901 380 4962 venit
401 4900 480 4961 hora
498 4919 586 4971 mea,
604 4900 737 4977 eiusque
758 4918 831 4962 eum
852 4901 1005 4965 miraculo
1028 4904 1174 4983 sequenti
1196 4903 1394 4977 conciliatio;
1412 4901 1523 4964 vinum
1549 4904 1619 4964 scil.
