4050 5648
267 474 324 580 ma
810 476 1055 598 romain-ra
1375 497 1421 561 Ἃ

220 639 224 648 Δ
262 689 291 727 v.
307 675 337 727 tl
355 679 409 739 sin,
422 691 457 729 cu
471 673 593 726 vivificat
604 679 653 718 eos
667 669 715 731 qui
729 670 845 722 credunt
858 675 887 722 in
901 674 974 724 eum.
992 669 1024 718 ln
1037 678 1064 714 v.
1084 663 1117 715 tt
1128 666 1148 716 it
1162 677 1207 715 am
1222 637 1277 716 dub
1291 668 1348 720 dun
1359 670 1414 721 ken
1423 673 1450 720 st
1461 664 1519 718 lind
1532 677 1588 715 non

41 723 68 841 Q·
261 769 369 828 veniet;
385 768 491 832 pantes
505 763 533 810 in
548 771 574 806 v.
592 755 624 805 25
642 756 705 807 bel
714 773 733 823 q
744 760 820 812 fert.
836 760 869 810 ln
883 761 961 813 aar
976 764 1000 807 et
1015 753 1147 804 iudicium
1158 753 1249 805 facere
1263 757 1335 808 codd
1348 757 1408 810 fere
1422 769 1521 809 omnes
1534 767 1586 817 vg,

263 856 313 922 lq;
335 858 402 907 pem
416 869 458 904 m.
471 860 550 914 ,φισιν
565 840 708 896 onaan
724 845 779 902 unc
798 850 813 898 8
828 849 855 899 el
875 849 935 912 pler
953 858 1000 910 syr
1018 841 1076 894 Ona
1092 843 1156 908 cyr.
1174 843 1205 892 ln
1219 856 1246 892 v.
1263 843 1296 894 aa
1317 859 1415 898 vocem
1434 848 1495 898 sius
1517 842 1589 895 codd

37 898 74 999 ξ’,
179 978 181 983 ·
262 937 300 1010 vg
314 957 394 1003 omn;
411 940 461 990 filii
476 936 528 986 Del
542 934 624 997 steph
632 938 693 988 «sixt
707 938 747 989 Or
760 938 842 996 Tert,·
856 934 908 986 tilii
921 933 1042 987 hominis
1056 931 1084 982 lt
1098 932 1192 984 Amba.
1209 931 1241 981 ln
1253 945 1281 982 v.
1298 933 1339 984 ³0⁴
1350 936 1380 986 tn
1394 933 1451 987 fine
1468 934 1524 987 add
1537 945 1590 999 pa·

39 1006 129 1095 2
261 1035 311 1085 tris
326 1023 847 1093 aliqcoduncalplerbcff'lrcav
861 1025 918 1075 hub
932 1020 1016 1076 theod
1030 1021 1080 1072 tol.
1292 1013 1297 1022 ’
1570 1019 1574 1028 “

33 1208 70 1278 f.
197 1185 206 1217 ⁹
273 1224 275 1230 ·
307 1206 434 1267 Ansam
454 1196 572 1290 itaque
590 1198 724 1280 ludaei,
741 1197 873 1265 scribae
887 1203 921 1265 et
942 1192 1130 1285 pharisaei,
1147 1193 1246 1264 avide
1271 1193 1484 1285 arripiebant
1501 1198 1589 1264 invi-

34 1311 54 1394 ι’·
181 1299 190 1322 ¹
263 1306 321 1373 dia
340 1304 499 1394 impulsi,
520 1306 602 1401 quia
622 1303 713 1372 lesus
737 1310 858 1372 contra
881 1322 1001 1371 eorum
1021 1293 1257 1371 auctoritatem
1279 1321 1384 1389 agere
1405 1300 1590 1372 videbatur

40 1396 58 1431 ³
82 1401 164 1501 {15³3
260 1433 371 1502 neque
385 1412 430 1479 ab
442 1412 525 1504 ipsis
536 1410 685 1481 docendi
700 1409 898 1501 agendique
909 1413 1111 1499 potestatem
1124 1408 1316 1499 quaesierat
1329 1408 1386 1498 (cf.
1403 1408 1512 1495 2,18).
1527 1414 1589 1476 Te-

207 1607 208 1610 ,
258 1518 458 1588 stimonium
480 1503 554 1588 scil.
575 1516 667 1608 quod
690 1516 756 1583 eia
777 1516 924 1607 baptista
946 1514 1065 1597 datum
1093 1521 1166 1584 erat
1191 1515 1435 1606 despexerunt,
1458 1514 1590 1583 invidia

158 1639 162 1704 j
256 1625 319 1694 illa
331 1633 365 1695 et
379 1622 730 1717 superbia‘obcaecati
743 1621 845 1710 signa
858 1624 931 1691 eins
943 1622 1071 1712 pariter
1083 1622 1281 1710 negligunt.
1295 1627 1334 1691 ln
1346 1627 1457 1692 Iesum
1470 1621 1589 1712 itaque

261 1733 306 1800 ob
321 1732 524 1823 mandatum
542 1730 629 1798 illud
647 1728 875 1810 invehuntur,
892 1752 924 1797 v.
943 1735 985 1796 17
999 1730 1225 1797 lesus-cutem
1240 1728 1416 1819 respondit
1430 1728 1479 1797 eir
1497 1751 1510 1796 .·
1525 1731 1590 1797 Ρα-

260 1852 311 1907 ter
320 1861 414 1905 metu
431 1837 542 1927 'usque
556 1835 656 1904 modo
675 1847 838 1926 operatur
856 1849 889 1903 et
902 1857 965 1927 eqo
981 1855 1120 1926 operor,·
1134 1842 1297 1926 operatur
1313 1835 1587 1918 conservatione,

259 1944 513 2031 gubernatione
535 1963 653 2010 rerum
675 1947 884 2023 creatarum,
904 1963 1011 2031 usque
1031 1940 1132 2009 modo
1153 1940 1447 2014 continuationem
1466 1962 1588 2032 opera-

30 2056 44 2081 ’“
119 2128 121 2132 ,
138 2129 159 2145 ,Q
261 2050 363 2117 tionis
377 2048 508 2117 indicat
521 2048 566 2116 ab
581 2049 720 2117 exordio
734 2069 850 2116 rerum
866 2071 927 2138 per
941 2053 1064 2116 cuncta
1076 2047 1223 2117 saecula.
1240 2051 1335 2137 llanc¹
1346 2048 1406 2116 nei
1419 2050 1590 2138 operatio-

32 2146 124 2253 [53³
142 2167 162 2245 ’Ῐ
260 2179 342 2225 nem
356 2155 602 2247 qua'omnibus
617 2153 790 2244 providet,
809 2155 927 2222 omnia
940 2161 1136 2237 conservat,
1157 2154 1265 2241 regit,
1281 2154 1445 2223 continuo
1458 2155 1590 2246 beneti-
1645 2230 1647 2233 Q

259 2264 313 2331 cia
327 2267 478 2355 praestat
503 2260 679 2329 naturalia
700 2266 735 2328 et
754 2261 1045 2351 supernaturalia,
1063 2261 1175 2344 effert,
1191 2267 1228 2327 ut
1248 2260 1371 2328 falsam
1391 2262 1588 2351 opinionem

261 2370 426 2452 destruat,
441 2390 512 2460 qua
523 2367 745 2437 cessationem
758 2369 818 2436 Dei
829 2367 874 2435 ab
888 2389 989 2458 opere
1004 2366 1185 2435 creationis
1196 2368 1291 2457 (Gen.
1302 2367 1374 2452 23)
1388 2370 1423 2435 in
1437 2368 1590 2461 medium

170 2481 176 2505 '
261 2476 455 2545 afferebant
468 2498 531 2565 pro
550 2474 761 2543 strictissima
776 2473 962 2543 cessatione
980 2480 1014 2542 ct
1029 2475 1147 2565 requie
1165 2474 1359 2543 sabbatina.
1377 2478 1461 2543 Cum
1475 2481 1588 2563 autem

261 2582 360 2651 addit
376 2594 410 2649 et
434 2604 653 2674 eqoioperor,
674 2581 766 2650 Patri
787 2573 829 2650 se'
845 2582 1025 2671 aequalem
1049 2581 1237 2670 signiticat;
1253 2604 1334 2650 nam
1351 2609 1368 2645 a
1383 2581 1451 2650 nisi
1465 2582 1523 2650 nei
1536 2581 1590 2665 Ei·
1691 2614 1695 2631 =

261 2689 327 2756 lius
340 2694 429 2756 esset
445 2710 545 2756 verus
558 2693 592 2755 et
608 2687 760 2757 eiusdem
774 2694 918 2756 naturae
934 2688 1001 2779 (τῆς
1016 2694 1108 2773 αὐτῆς
1123 2688 1250 2779 οὐσίας),
1267 2687 1420 2757 defensio
1434 2690 1524 2757 foret
1536 2711 1592 2757 ac-

261 2796 437 2881 cusatione
452 2794 619 2874 deterior;
636 2794 751 2883 siquis
763 2794 854 2861 enim
870 2797 1059 2884 praefectus
1072 2794 1134 2883 qui
1147 2796 1280 2881 regiam
1293 2795 1406 2883 legem
1419 2801 1592 2882 transgre
1658 2825 1660 2829 ·

264 2901 405 2970 deretur
417 2906 593 2969 accusatus
606 2900 830 2991 responderet
844 2901 959 2990 ipsum
977 2920 1095 2987 regem
1113 2900 1211 2968 illam
1228 2923 1298 2968 esse
1317 2909 1589 2989 transgressum,

258 3031 333 3077 ¹non
354 3007 473 3099 utique
486 3007 729 3091 absolveretur,
745 3006 816 3074 imo
830 3007 950 3074 maiori
961 3001 1192 3074 esset'crimini
1204 3006 1381 3075 obnoxius.
1396 3012 1521 3076 Verum
1534 3006 1592 3075 hic

152 3138 158 3205 ᾗ
263 3114 428 3206 quoniam
439 3136 505 3204 par
517 3119 567 3182 est
578 3113 740 3200 dignitas,
753 3114 904 3182 defensio
917 3113 1224 3202 legitimaomnino
1236 3121 1302 3195 est;
1319 3113 1441 3182 eadem
1457 3113 1591 3183 ratione

264 3244 333 3313 qua
348 3226 454 3289 Deum
470 3219 615 3289 crimine
628 3219 782 3288 liberatis
795 3227 897 3288 et‘me
907 3220 1053 3288 liberate
1064 3249 1081 3282 n
1097 3219 1221 3310 (Clam).
1233 3221 1287 3288 Uti
1300 3220 1386 3289 alias
1398 3243 1435 3289 se
1447 3243 1518 3289 esse
1533 3221 1594 3288 do-

264 3327 400 3395 minum
423 3325 558 3394 sabbati
584 3327 734 3394 affirmat
757 3327 883 3414 (Matth.
908 3333 997 3409 1n,8.
1022 3331 1118 3393 ltarc.
1137 3332 1229 3408 ΗΒ.
1247 3331 1326 3394 Luc.
1349 3328 1434 3416 6,5),
1455 3327 1503 3395 ita
1525 3328 1592 3395 hoc

265 3435 359 3513 loco;
373 3440 410 3501 at
423 3433 527 3500 modo
549 3432 771 3500 sublimiore:
789 3434 877 3500 sicut
897 3439 996 3501 Pater
1014 3454 1109 3499 meus
1127 3438 1290 3523 operatur
1307 3437 1472 3502 continuo
1487 3437 1591 3502 etiam

265 3540 301 3608 in
320 3539 482 3623 sabbato,
499 3538 557 3606 ita
569 3538 673 3606 etiam
697 3559 763 3626 ego
782 3539 918 3629 operor.
941 3539 1032 3605 Alias
1050 3539 1299 3606 accusationem
1323 3540 1459 3608 sabbati
1472 3539 1593 3609 violati

30 3680 87 3731 ,ι
107 3622 109 3625 ¹
140 3633 141 3636 ¹
186 3653 188 3657 '
265 3646 393 3715 refutat
406 3644 589 3713 ostendens
600 3667 635 3713 se
649 3667 736 3735 opus
746 3643 882 3735 pietatis
895 3644 1052 3726 effecisse,
1069 3643 1125 3728 vel
1135 3667 1323 3734 provocans
1336 3646 1382 3714 ad
1398 3647 1590 3739 exemplum

265 3753 419 3834 Davidis,
441 3751 487 3820 ad
509 3774 615 3843 opera
633 3750 851 3818 sacerdotum
874 3752 911 3818 in
933 3751 1062 3842 templo
1089 3751 1147 3840 (cf.
1169 3753 1284 3820 llatth.
1308 3760 1385 3836 123
1410 3776 1484 3844 seq.
1510 3760 1590 3824 Luc.

269 3858 375 3949 it,5);
392 3859 588 3926 hocautem
613 3858 687 3924 loco
710 3857 960 3925 accusationem
982 3856 1119 3948 repellit
1138 3859 1271 3926 ratione
1293 3882 1376 3928 suae
1390 3861 1589 3929 divinitatis.

268 3967 335 4034 «Si
356 3965 467 4053 igitur
487 3987 591 4031 nemo
612 3968 746 4031 Patrem
763 3963 998 4055 reprehendit,
1023 3985 1137 4053 neque
1156 3985 1211 4031 me
1231 3964 1414 4056 quisquam
1433 3990 1592 4036 accusare

241 4059 244 4064 ¹
266 4077 466 4163 praesumat
483 4100 499 4131 u>
518 4070 656 4159 (Theod.
674 4074 714 4137 M
715 4070 753 4159 .).
766 4071 922 4158 Affirmat
933 4071 1049 4161 itaque
1060 4069 1213 4138 divinam
1228 4094 1326 4140 suam
1339 4071 1546 4160 dignitatem
1559 4082 1594 4143 et

265 4179 521 4260 auctoritatem,
535 4176 628 4246 Patri
636 4200 672 4244 se
686 4174 869 4266 aequalem
883 4178 1070 4245 declarans.
1087 4182 1157 4246 lam
1169 4178 1198 4246 si
1214 4179 1291 4246 talis
1305 4180 1483 4249 hominem
1498 4182 1595 4250 iubet

265 4288 410 4355 sabbato
433 4285 617 4372 grabatum
639 4284 777 4366 tollere,
799 4285 877 4375 quis
899 4306 983 4351 sana
1007 4290 1119 4351 mente
1140 4283 1183 4351 de
1211 4285 1340 4354 violata
1359 4288 1437 4375 lege
1459 4288 1594 4357 sabbati

265 4394 430 4482 conqueri
447 4392 501 4458 vel
515 4392 667 4477 cogitare
686 4395 819 4480 potest?
837 4397 883 4459 Eo
903 4389 1065 4458 mandato
1083 4391 1345 4479 abrogationem
1366 4396 1454 4482 legis
1471 4397 1594 4463 sabba·

266 4500 359 4566 tinae
374 4485 523 4566 indicari
547 4499 654 4588 aliqui
677 4498 871 4566 existimant
891 4498 946 4588 (ef.
963 4497 1194 4588 Epiphanius,
1212 4500 1308 4567 haer.
1332 4494 1447 4582 aa',at;
1469 4505 1516 4570 M.
1535 4508 1590 4585 tn,

266 4613 341 4684 1653
360 4603 490 4694 Sele).

309 4711 427 4781 ludaei
446 4711 554 4779 verba
569 4714 690 4781 Christi
701 4713 764 4779 rite
784 4712 995 4800 intelligunt.
1013 4716 1054 4779 ltt
1068 4735 1138 4781 non
1153 4714 1198 4781 ad
1215 4713 1331 4796 fidem,
1349 4714 1410 4782 sed
1424 4717 1591 4788 admaius

262 4819 381 4888 odium
403 4819 590 4886 incitantur
609 4844 641 4886 v.
662 4828 701 4888 18
722 4833 907 4910 propterea
930 4841 1008 4908 erqo
1023 4822 1131 4909 nraqis
1149 4824 1359 4911 quaerebant
1378 4846 1456 4891 eum
1471 4827 1594 4894 Iudaei

267 4927 457 5014 interficere
478 4925 502 4992 i.
522 4947 552 4990 e.
574 4926 725 4995 avidiore
752 4926 881 5010 animo,
904 4925 1106 4994 ferventiore
1132 4928 1206 4994 zelo
1232 4927 1395 5018 (fliam),
1413 4932 1497 5022 quia
1520 4957 1590 5001 non
