4116 5648
759 497 817 557 ouo
837 500 969 547 cousmo
992 482 1188 550 evaserumt
1209 505 1358 551 scarrrmr
1380 503 1439 549 311.
1495 485 1497 494 ’

435 633 506 713 dis,
529 631 677 705 Platonis
699 642 762 702 etc.
785 635 860 701 sine
880 636 947 706 ulla
973 635 1192 707 dubitatione
1217 640 1263 707 ab
1283 638 1443 706 omnihus
1464 638 1687 730 recipiuntur,
1702 666 1766 736 pro

434 736 559 826 quibus
575 746 690 809 tamen
713 739 909 812 nullatenus
932 751 982 813 tot
998 742 1193 812 testimonia
1211 766 1367 813 summae
1387 743 1601 834 antiquitatis
1618 752 1768 836 proferri
1846 770 1872 845 ss',

409 880 412 888 ι
435 855 592 931 [103311111;
608 869 668 914 cur
687 845 805 937 itaque
824 857 979 918 nostrum
995 850 1214 935 evangelium
1229 852 1266 917 in
1286 850 1433 919 dubium
1447 854 1608 921 vocetur?
1620 856 1767 924 Omnino
1790 927 1792 932 .
1832 848 1872 935 ’,χῖ

434 972 551 1021 verum
572 952 737 1042 estquod
758 959 843 1022 Ezra
857 957 971 1024 hbbot
985 957 1068 1024 dicit
1084 977 1092 1022 ε
1110 978 1183 1024 esse
1205 956 1526 1026 moralitereertum
1545 965 1697 1051 tempore
1712 965 1766 1027 lu·

432 1058 515 1125 stini
537 1062 698 1146 martyris
718 1069 881 1152 quartum
905 1060 1125 1150 evangelium
1151 1062 1308 1150 generali
1334 1064 1437 1131 modo
1464 1071 1642 1153 receptum
1662 1066 1765 1135 tuisse
1828 1061 1864 1140 ''ss'‘

431 1169 608 1253 tamquam
634 1190 721 1258 opus
751 1167 885 1247 loannis
921 1167 1065 1259 apostoli
1093 1169 1316 1258 (Authorship
1348 1169 1386 1235 of
1411 1170 1469 1237 the
1498 1170 1617 1238 fourth
1643 1173 1765 1264 Gospel

432 1294 464 1358 p.
486 1270 555 1360 80).
573 1276 640 1340 lam
655 1273 732 1340 talis
746 1275 923 1362 persuasio
936 1274 1056 1363 nequit
1069 1274 1235 1366 explicari
1249 1274 1314 1341 nisi
1330 1275 1405 1366 ipsa
1420 1277 1470 1343 rei
1481 1277 1635 1346 veritate.
1653 1282 1762 1368 Atque
1822 1268 1848 1360 χζ,

430 1375 457 1440 si
472 1377 549 1465 quis
563 1377 756 1446 testimonia
770 1378 830 1446 illa
843 1379 1041 1471 perpendit,
1053 1382 1169 1448 dicere
1187 1381 1328 1448 debebit
1342 1382 1438 1471 quod
1446 1383 1602 1451 Watkins
1615 1386 1735 1452 asserit
1749 1407 1759 1455 ε
1804 1378 1856 1471 ²2³:in

431 1483 480 1551 vis
498 1488 889 1572 argumentorum‘mihi
907 1486 1045 1554 videtur
1063 1488 1143 1555 talis
1162 1509 1253 1572 esse,
1277 1494 1313 1554 ut
1336 1487 1439 1576 plane
1460 1488 1596 1556 nullum
1617 1491 1761 1559 dubium
1785 1475 1789 1482 s

428 1592 534 1680 possit
550 1590 714 1680 relinqui,
730 1591 837 1660 immo
857 1595 964 1661 ullum
981 1593 1128 1662 dubium
1145 1594 1276 1661 moveri
1292 1616 1391 1684 posse
1409 1597 1545 1685 penitus
1558 1598 1762 1666 excludatur
1808 1614 1848 1677 1qu

361 1761 364 1766 .
430 1695 487 1784 (ci.
505 1694 641 1762 llodern
661 1698 830 1766 criticism
845 1699 1048 1768 considered
1071 1702 1107 1768 in
1122 1700 1167 1768 its
1185 1701 1334 1767 relation
1351 1708 1386 1768 to
1407 1701 1464 1768 the
1485 1702 1604 1770 fourth
1619 1703 1759 1794 Gospel,

428 1801 570 1869 London
584 1809 680 1885 1890,
699 1828 733 1893 p.
755 1806 846 1895 103).
870 1813 979 1897 Atque
998 1829 1119 1875 revera
1135 1807 1279 1898 plurimi
1298 1807 1360 1897 qui
1380 1807 1418 1874 in
1433 1829 1510 1875 eam
1525 1811 1760 1898 quaestionem

428 1907 680 1996 investigarunt
706 1913 924 1999 evangelium
956 1935 1043 2004 opus
1071 1936 1143 1980 esse
1171 1915 1363 1999 genuinum
1398 1916 1543 2005 apostoli
1570 1916 1758 1986 affirmant.
1836 1912 1844 1954 ‘-

427 2015 543 2082 llultos
563 2024 714 2084 recenset
737 2019 891 2086 Watlrins
912 2019 949 2109 (1.
972 2042 1001 2087 c.
1026 2043 1059 2109 p.
1082 2019 1249 2109 313-350)
1272 2043 1280 2090 :
1306 2021 1434 2104 tucke,
1462 2023 1584 2106 Bleek,
1607 2028 1758 2105 Bunsen,

427 2121 575 2203 Ehrard,
591 2124 760 2206 Tholuclr,
779 2126 1056 2212 llengstenberg,
1072 2131 1197 2214 Meyer,
1215 2128 1372 2209 Lechler,
1386 2133 1423 2195 B.
1440 2128 1561 2213 1113133,
1579 2128 1757 2213 Luthardt,
1824 2123 1848 2207 ¹3

427 2227 545 2311 Godet,
557 2231 754 2319 Beyschlag,
766 2232 870 2315 Zahn,
883 2233 1014 2325 Frank-e
1027 2233 1130 2321 (Aug.
1146 2235 1345 2317 Hermann),
1362 2234 1564 2317 Olshausen,
1577 2235 1756 2320 Thierseh,

428 2337 837 2422 Baumgarten-Crusius,
855 2344 998 2422 Norton,
1019 2339 1156 2413 Allord,
1175 2340 1429 2426 Wordsworth,
1451 2342 1653 2425 Alexander,
1672 2347 1760 2410 hlau-
1847 2326 1869 2376 ⁷³
1891 2352 1913 2419 :ft

428 2439 513 2525 rice,
535 2443 641 2525 Astis,
673 2445 913 2526 Tischendorl,
942 2447 1111 2527 Thenius,
1140 2448 1289 2528 Fischer,
1319 2448 1491 2529 Uhlhorn,
1519 2448 1756 2536 Riggenbach,
1855 2428 1881 2508 >⁸

427 2551 619 2630 Oosterzee,
642 2555 687 2617 De
716 2557 908 2633 Pressense,
931 2557 1074 2635 llutton,
1099 2555 1228 2634 Schaff,
1255 2554 1425 2641 Milligan,
1450 2554 1599 2636 liddon,
1626 2559 1756 2637 Leates,
1914 2550 1923 2617 ss

426 2660 542 2738 Wace,
565 2662 611 2722 llo
632 2657 760 2737 tellau,
783 2660 872 2738 hias,
901 2659 1061 2748 tlurphy,
1088 2665 1172 2726 Ezra
1199 2659 1330 2738 11111101,
1356 2659 1544 2741 charteris,
1571 2660 1755 2744 Plummer,
1916 2658 1922 2665 ’

426 2762 614 2850 Reynolds,
643 2764 831 2851 Lightfoot,
861 2766 1017 2844 Salmon,
1049 2765 1205 2852 Sanday,
1237 2769 1410 2833 Westcott.
1443 2766 1535 2834 llisce
1572 2765 1654 2834 addi
1680 2789 1759 2857 pos-
1871 2827 1924 2868 W

424 2877 503 2936 sunt
516 2869 592 2954 alii,
615 2869 745 2959 pariter
763 2872 946 2938 acatholici
969 2891 977 2938 ε
997 2872 1073 2959 Carl
1095 2871 1225 2954 Mulier,
1244 2876 1280 2940 B.
1299 2871 1486 2953 Brttelrner,
1505 2876 1598 2954 Gess,
1616 2874 1756 2956 llehnis,
1870 2862 1924 2941 ··”“,··ἶ”’

423 2976 720 3058 Schnedermann,
749 2978 952 3059 Leuschner,
989 2979 1073 3045 Paul
1103 2978 1237 3062 hwald,
1271 2984 1378 3059 Grau,
1408 2979 1554 3060 Ritschl,
1581 2979 1757 3062 Lobsteiu,
1819 3011 1824 3014 ·
1872 2966 1924 2999 ⁴

424 3081 554 3163 lanan,
565 3083 683 3163 Reseh‚
699 3082 857 3164 lloehler,
872 3084 994 3151 Wendt
1010 3085 1067 3173 (cl.
1083 3085 1324 3151 lloltzmannl.
1339 3107 1368 3150 c.
1386 3108 1419 3173 p.
1444 3085 1535 3171 136).
1551 3083 1617 3151 Alii
1630 3085 1758 3153 librum
1859 3068 1924 3173 ⁴²„

424 3186 527 3255 alicui
556 3209 595 3253 ex
626 3187 806 3277 discipulis
836 3190 971 3256 loannis
996 3190 1145 3279 apostoli
1170 3190 1382 3273 attribuunt,
1404 3190 1465 3279 qui
1488 3210 1565 3258 mox
1588 3198 1664 3281 post
1683 3194 1759 3259 eius
1808 3247 1809 3250 ,
1858 3182 1909 3209 ³

425 3298 570 3360 mortem
588 3316 674 3384 opus
692 3295 937 3385 composuerit;
961 3296 1009 3363 ita
1035 3300 1172 3375 ltenan,
1196 3298 1255 3387 qui
1277 3297 1373 3386 prius
1387 3319 1472 3387 opus
1487 3298 1631 3387 apostoli
1650 3319 1758 3384 gene·
1799 3352 1804 3367 ,
1838 3278 1904 3389 ²52}

426 3401 526 3467 ratim
542 3408 745 3486 agnoverat,
763 3407 799 3469 at
820 3425 860 3469 ex
879 3424 971 3469 anno
989 3408 1074 3469 1867
1094 3408 1128 3470 et
1143 3402 1309 3493 deinceps
1321 3402 1410 3470 illud
1424 3403 1581 3470 attribuit
1591 3403 1697 3471 alicui
1711 3427 1757 3479 er
1844 3399 1907 3477 3⁴⁴1*

424 3506 498 3573 eius
518 3507 693 3598 discipulis
713 3509 757 3598 (c.
780 3530 837 3576 an.
865 3512 956 3594 100);
970 3509 1131 3576 similiter
1150 3510 1228 3576 Carl
1255 3515 1358 3592 llase,
1382 3511 1443 3599 qui
1461 3530 1546 3599 opus
1570 3508 1687 3578 decem
1703 3509 1757 3578 vel

424 3613 584 3702 pluribus
607 3616 706 3681 annis
724 3619 801 3704 post
827 3621 969 3682 mortem
988 3617 1138 3704 apostoli
1162 3615 1353 3683 secundum
1379 3615 1598 3683 traditionem
1624 3617 1757 3684 loannis
1821 3694 1842 3709 ,p
1861 3648 1876 3689 1

424 3719 587 3809 seriptum
602 3743 674 3787 esse
690 3720 778 3800 vult;
796 3720 880 3788 item
901 3721 1113 3788 Weizsaeker
1127 3721 1256 3789 librum
1276 3745 1348 3789 esse
1361 3729 1475 3789 ortum
1491 3744 1569 3789 mox
1584 3727 1659 3812 post
1671 3745 1756 3814 apo·
1836 3805 1841 3813 ⁷

424 3827 502 3892 stoli
517 3832 661 3894 mortem
678 3850 716 3894 er
731 3827 848 3893 schola
863 3828 1043 3918 ephesina,
1056 3835 1090 3895 et
1106 3829 1264 3896 llarnaek
1280 3828 1419 3895 demum
1434 3829 1479 3896 ad
1494 3828 1529 3894 id
1545 3829 1700 3912 inclinat,
1719 3834 1756 3896 ut
1871 3828 1904 3924 ’ἦ

340 3942 343 3952 “
424 3925 641 4019 evangelium
663 3934 727 4000 hoc
751 3933 986 4000 consideretur
1011 3963 1026 3995 «
1054 3936 1273 4022 evangelium
1298 3936 1434 4001 loannis
1460 3935 1678 4023 (presbyteri)
1702 3956 1754 4002 se·
1862 3924 1924 3969 ⁸

423 4037 574 4106 cundum
598 4043 760 4106 loannem
788 4040 912 4128 (lilium
932 4040 1115 4112 Zebedaeil
1144 4063 1179 4124 »3
1196 4062 1317 4107 verum
1338 4041 1468 4129 quidet
1480 4048 1645 4130 quantum
1661 4039 1705 4107 sit
1717 4040 1755 4107 in
1817 4093 1821 4098 .
1855 4064 1901 4103 s

423 4144 603 4232 evangelio
637 4147 827 4213 sectandum
861 4151 1021 4214 loannem
1053 4147 1155 4236 plane
1182 4169 1254 4214 esse
1283 4147 1453 4213 incertum
1482 4146 1755 4234 (Chronologiel
1829 4144 1888 4245 ,ζῇ

423 4274 457 4342 p.
476 4251 567 4340 677).

658 4471 716 4520 111.
737 4472 860 4533 -Quo
881 4469 1022 4523 consilio
1041 4470 1258 4535 evangellum
1278 4469 1443 4533 seriptum
1462 4469 1517 4520 sit.

1851 4655 1853 4659 ,
1870 4638 1903 4661 .-.
1921 4651 1924 4663 .

468 4687 513 4748 De
535 4681 673 4747 consilio
695 4679 880 4748 edocemur
900 4689 999 4766 20,31
1033 4683 1148 4749 :haee
1166 4681 1293 4770 scripta
1316 4685 1411 4762 sunt,
1434 4683 1470 4745 ut
1492 4680 1653 4763 credatis,
1672 4679 1752 4769 quia
1866 4672 1924 4715 ²

425 4791 516 4855 lesus
534 4793 585 4855 est
602 4789 755 4856 Christus
774 4787 876 4854 Filius
895 4789 953 4856 Dei
970 4795 1003 4855 et
1023 4795 1061 4857 ut
1078 4787 1258 4854 eredentes
1273 4787 1378 4854 vitam
1394 4784 1550 4854 habeatis
1564 4786 1601 4854 in
1613 4787 1751 4854 nomine
1854 4790 1924 4893 ‚ssfjp

423 4895 507 4962 eius.
526 4895 566 4962 lis
580 4893 696 4983 itaque
712 4917 800 4985 (puae
819 4895 1016 4963 referuntur
1033 4895 1071 4962 id
1089 4894 1247 4962 obtinere
1264 4894 1334 4961 vult
1351 4893 1577 4980 evangelista,
1594 4899 1631 4960 ut
1648 4897 1749 4975 lesus,
