4050 5648
198 670 215 683 ·’
302 694 308 700 ·’
359 659 413 730 bis
435 664 605 736 indicatur
624 689 631 730 :
648 663 767 730 videns
785 665 877 734 enim
896 690 1013 736 omnes
1034 667 1206 755 plorantes
1228 689 1300 735 sese
1318 671 1521 752 commovit,
1542 672 1576 737 et
1591 665 1681 734 hanc

198 782 201 791 '
361 770 630 842 misericordiam
645 777 678 835 et
697 775 964 863 compassionem
985 770 1100 839 statim
1117 770 1190 862 ipse
1208 772 1360 842 lacrimis
1379 777 1519 843 testatus
1536 780 1597 845 est.
1615 775 1682 841 llu-

360 901 498 948 manam
513 879 604 944 enim
618 875 755 947 exhibet
769 886 945 956 naturam;
960 878 1048 944 solet
1062 877 1192 971 quippe
1205 883 1338 948 luctum
1357 880 1530 948 humanus
1540 883 1682 950 affectus

360 987 505 1054 excitare
528 980 619 1067 (Chr.
627 1003 642 1067 ,·
661 985 703 1051 oi.
727 982 812 1054 Bdn.
834 985 908 1052 Alb.
936 982 1053 1074 cort).
1086 987 1152 1055 Sed
1170 988 1215 1054 ad
1237 986 1567 1055 commiserationem
1591 986 1684 1057 trahi

360 1091 500 1182 quidem
515 1094 626 1176 potest
636 1092 780 1160 verbum
791 1091 937 1157 alterum
954 1110 962 1156 :
976 1091 1144 1177 turbavit,
1162 1093 1217 1160 vel
1232 1094 1419 1161 commovit
1433 1115 1486 1176 se;
1509 1091 1685 1162 difficilius

360 1202 474 1264 autem
493 1195 606 1285 prius,
625 1197 812 1266 dummodo
828 1196 922 1263 notio
936 1200 1075 1289 propria
1093 1199 1292 1267 retineatur.
1312 1200 1435 1278 Quaeri
1456 1221 1541 1287 ergo
1562 1200 1682 1281 debet,

360 1324 422 1369 cur
442 1307 533 1370 lesus
562 1304 761 1392 indignatus
778 1303 822 1369 sit
840 1303 933 1392 apud
953 1327 989 1372 se
1012 1305 1131 1373 videns
1152 1305 1310 1374 lacrimas
1331 1306 1491 1374 aliorum.
1515 1305 1612 1373 Varie
1633 1328 1685 1374 re·

359 1407 530 1498 spondent
541 1435 549 1477 :
560 1411 680 1478 videns
691 1431 794 1499 qnam
806 1408 978 1478 miseriam
991 1417 1026 1478 et
1037 1413 1174 1480 ruinam
1187 1435 1278 1482 mors
1287 1413 1427 1498 efficiat,
1436 1412 1685 1500 indignaturin

202 1594 206 1602 Ι
301 1585 307 1602 ,
361 1521 523 1600 mortem,
534 1519 571 1584 in
587 1514 764 1585 diabolum
772 1515 832 1604 qui
843 1516 1043 1586 seductione
1056 1540 1118 1586 sua
1128 1525 1273 1588 mortem
1285 1521 1430 1603 invexit,
1444 1522 1490 1589 ob
1504 1519 1686 1588 hominum

362 1629 517 1712 peccata,
536 1624 661 1713 quibus
674 1622 776 1690 mo1ti
789 1630 868 1690 sunt
878 1623 1016 1692 obnoxii
1031 1625 1086 1714 (ci.
1105 1629 1194 1715 Auq.
1210 1625 1294 1693 Bed.
1312 1625 1428 1694 Tlrom.
1447 1625 1557 1695 Salm.
1569 1624 1684 1715 Bar.);

361 1729 566 1818 indignatur
585 1755 602 1790 o
617 1735 737 1797 contra
751 1729 992 1799 infidelitatem
1011 1731 1231 1813 ludaeorum,
1255 1739 1398 1824 propter
1417 1755 1523 1824 quam
1542 1737 1687 1800 Lazarus

363 1844 518 1904 mortuus
535 1841 569 1902 et
584 1834 759 1904 sororibus
777 1835 969 1904 afflictionis
989 1837 1266 1921 causa·dataest;
1290 1860 1373 1906 nam
1393 1861 1484 1906 mors
1498 1840 1583 1906 haee
1596 1835 1687 1914 acci·

362 1942 475 2024 derat,
494 1949 532 2009 ut
550 1941 641 2009 lilius
659 1942 718 2009 llei
738 1942 1025 2026 manifestaretur,
1051 1966 1141 2033 quae
1160 1945 1391 2013 manifestatio
1412 1946 1603 2012 necessaria
1616 1963 1687 2010 non

362 2056 452 2133 erat,
467 2050 496 2117 si
506 2048 622 2116 ludaei
635 2054 685 2116 tot
697 2049 765 2116 iam
779 2048 887 2137 signis
903 2056 937 2116 et
949 2049 1123 2118 miraculis
1131 2052 1285 2119 conversi
1300 2051 1458 2134 fuissent,
1471 2072 1535 2118 nec
1545 2055 1689 2118 Lazarus

363 2162 518 2224 mortuus
532 2162 633 2238 esset,
651 2156 680 2222 si
698 2155 751 2223 illi
765 2156 835 2223 iam
857 2155 1079 2224 credidissent
1098 2185 1113 2218 a
1135 2157 1254 2247 (Tol.);
1272 2158 1476 2245 indignatur
1491 2165 1633 2248 propter
1649 2155 1689 2223 id

201 2264 211 2303 ·’
290 2349 292 2352 Α
363 2262 458 2353 quod
472 2268 548 2352 post
570 2261 775 2329 miraculum
790 2262 945 2330 futurum
964 2285 1035 2330 esse
1059 2264 1249 2353 praevidit;
1266 2287 1307 2332 ex
1327 2264 1394 2332 hoo
1413 2265 1504 2332 enim
1523 2263 1689 2330 miraculo

364 2371 538 2460 accepturi
556 2374 635 2436 sunt
648 2368 859 2437 occasionem
875 2374 913 2435 ut
926 2390 1004 2436 eum
1018 2371 1055 2436 in
1067 2391 1203 2438 erucem
1219 2378 1365 2458 agerent
1381 2370 1483 2462 (Καρ.
1503 2373 1588 2462 Lep.
1606 2373 1689 2437 Bar.

365 2476 500 2566 Schpl.
518 2480 591 2543 Non
608 2478 674 2542 erit
695 2475 758 2543 abs
780 2497 817 2543 re
840 2497 953 2565 neque
977 2475 1165 2545 alienuma
1185 2482 1259 2545 lesu
1276 2476 1444 2565 dignitate
1464 2476 1691 2567 multiplicem

368 2605 506 2650 causam
525 2582 774 2671 indignationis
799 2604 989 2664 assumere,
1016 2605 1104 2673 quae
1125 2590 1307 2674 conspecta
1329 2587 1433 2652 ruina
1463 2584 1598 2668 mortis,
1618 2582 1691 2650 viso

367 2691 504 2773 dolore,
529 2689 740 2780 praevisione
761 2689 880 2757 habita
903 2688 1057 2756 malitiae
1080 2690 1286 2759 ludaeorum
1305 2691 1553 2759 obversabatur
1575 2691 1692 2758 animo

366 2820 452 2866 erus.

411 2904 499 2971 audi
515 2909 628 2993 potest
641 2923 718 2970 cum
733 2905 824 2970 [aas.
843 2904 1011 2982 Christum
1026 2926 1063 2971 se
1077 2903 1273 2971 huiusmodi
1284 2903 1524 2972 allectionibus
1541 2905 1694 2969 humano

368 3034 462 3079 more
483 3010 589 3078 veluti
603 3010 765 3076 excitasse
786 3009 830 3076 ad
852 3009 1131 3097 aggrediendum
1151 3009 1299 3078 arduum
1321 3032 1417 3100 opus,
1434 3010 1480 3077 ad
1497 3029 1695 3098 expugnan-

366 3120 447 3186 dam
462 3123 607 3184 mortem
621 3123 655 3183 et
676 3115 795 3183 mortis
807 3115 1069 3206 imperatorem,
1087 3116 1280 3195 diabolum,
1302 3115 1595 3206 quemadmodum
1611 3114 1696 3181 ami-

315 3215 320 3223 *
367 3248 425 3292 cus
437 3224 562 3314 aliquis
583 3222 701 3290 videns
723 3222 877 3289 dolorem
897 3223 1000 3290 amici
1020 3229 1254 3291 commovetur
1273 3222 1513 3309 indignatione
1526 3244 1566 3289 ac
1581 3220 1696 3289 fremit

369 3339 486 3400 contra
504 3352 584 3399 eum
608 3331 668 3419 qui
688 3328 885 3397 huiusmodi
908 3334 958 3396 est
980 3335 1101 3397 auctor
1120 3329 1247 3397 doloris
1268 3335 1302 3396 et
1324 3329 1561 3417 indignatione
1583 3327 1644 3395 teli
1663 3331 1697 3392 et

368 3438 506 3505 fremitu
526 3436 692 3504 excitatur
703 3443 737 3502 et
756 3442 910 3503 armatur
928 3443 1050 3503 contra
1067 3436 1187 3518 illum,
1204 3435 1379 3504 vindicare
1395 3435 1493 3504 illum
1509 3434 1650 3501 studens
1664 3437 1698 3499 et

369 3543 498 3611 doloris
528 3544 740 3610 occasionem
767 3543 912 3609 auferre.
937 3543 1022 3609 lluic
1041 3541 1314 3630 intelligentiae,
1340 3542 1455 3631 inquit
1477 3543 1583 3621 lam,
1609 3541 1697 3608 bene

370 3650 533 3718 convenit
545 3649 636 3739 quod
651 3648 813 3716 Dominus
826 3649 1003 3716 fremendo
1022 3653 1056 3715 et
1069 3648 1242 3716 turbando
1256 3649 1421 3738 seipsum,
1438 3648 1544 3715 veluti
1558 3647 1629 3714 iam
1643 3668 1699 3714 ao-

371 3778 491 3824 census
501 3762 536 3822 et
546 3756 679 3822 fervens
692 3753 738 3822 ad
751 3754 1044 3822 resuscitationem
1056 3778 1090 3822 v.
1112 3759 1155 3822 310
1173 3754 1308 3822 etdirit
1318 3776 1332 3819 .·
1347 3755 1406 3822 ubi
1417 3754 1584 3844 posuistis
1598 3756 1699 3822 eum?

370 3885 438 3930 non
455 3861 656 3949 ignorabat,
677 3861 736 3928 ubi
750 3869 851 3943 esset,
868 3863 928 3951 qui
947 3861 1072 3929 absens
1091 3868 1269 3929 mortuum
1289 3884 1361 3929 esse
1376 3863 1473 3928 novit
1487 3863 1528 3950 (Τ
1526 3860 1625 3928 deod.
1646 3863 1696 3928 M.

373 3973 454 4059 Cpr,
478 3968 547 4035 Tol.
564 3971 659 4052 etc.);
681 3968 831 4057 quaerit,
846 3974 882 4035 ut
898 3975 1093 4057 praesentes
1111 3989 1233 4035 omnes
1248 3968 1359 4056 magis
1377 3974 1524 4035 attentos
1537 3967 1642 4035 faciat
1654 3967 1700 4034 ad

263 4069 266 4078 ’
371 4077 407 4144 id
422 4075 517 4166 qnod
531 4082 669 4142 acturus
689 4080 739 4141 est
760 4074 879 4164 (liup.)
897 4080 930 4140 et
953 4081 990 4141 ut
1003 4075 1182 4142 occasione
1205 4075 1272 4142 loci
1287 4074 1494 4143 ostendendi
1510 4073 1611 4141 multi
1625 4095 1699 4141 mo-

372 4190 516 4251 veantur
529 4183 576 4250 ad
590 4179 841 4259 comitandum,
861 4203 929 4269 quo
948 4182 1153 4250 miraculum
1170 4181 1323 4271 plurium
1349 4181 1542 4248 testimonio
1564 4180 1701 4248 innote-

370 4297 481 4359 sceret
501 4291 672 4377 (Ammon.
699 4288 816 4375 Gya),
834 4285 954 4353 dicarat
972 4288 1004 4355 ai
1026 4311 1039 4355 .·
1054 4289 1210 4370 Domina,
1227 4289 1307 4355 ueni
1320 4301 1353 4354 et
1372 4287 1460 4354 cide.
1485 4292 1571 4354 llum
1591 4286 1635 4354 ad
1649 4286 1700 4354 lo-

373 4421 450 4466 cum
466 4396 615 4487 sepulcri
635 4400 799 4484 pergunt,
818 4398 905 4462 lesus
921 4396 1228 4463 commiserationis
1242 4395 1404 4462 affectum
1419 4393 1540 4484 pandit
1561 4416 1592 4461 v.
1611 4401 1653 4462 35
1669 4406 1701 4461 et

373 4505 574 4572 lacrimatus
589 4516 637 4570 est
650 4505 759 4581 lesos,
776 4509 912 4588 δακρύειν
928 4501 1087 4569 lacrimas
1101 4501 1243 4568 fundere
1258 4503 1295 4568 in
1313 4501 1468 4582 silentio,
1486 4501 1568 4567 dum
1587 4503 1700 4569 alateo

300 4637 302 4641 ⁷
375 4612 486 4700 potins
502 4611 545 4677 de
568 4611 703 4700 ploratu
722 4628 800 4675 oum
822 4607 973 4676 clamore
991 4614 1025 4674 et
1045 4608 1174 4675 eiulatu
1190 4608 1374 4675 coniuncto
1394 4607 1531 4675 dicitur.
1549 4606 1702 4674 Aliorum

376 4719 495 4785 dolore
516 4724 697 4808 conspecto
717 4717 789 4805 ipse
811 4735 949 4804 quoque
974 4715 1071 4803 luget
1092 4715 1248 4781 animum
1271 4715 1453 4782 ostendens
1475 4715 1536 4803 qui
1555 4713 1702 4782 aliorum

379 4824 516 4891 misema
530 4832 564 4891 et
582 4826 674 4892 luctu
697 4825 953 4889 commoveatur
970 4822 1190 4890 vehementer
1204 4828 1239 4888 et
1254 4843 1381 4909 magno
1396 4821 1517 4889 dolore
1532 4843 1639 4912 usque
1658 4821 1704 4887 ad

377 4931 536 4997 lacrimas
558 4931 774 5021 corripiatur.
807 4927 975 4996 Lacrimas
997 4927 1111 4998 fundit
1136 4928 1348 5019 conspicatus
1371 4928 1550 4996 hominem
1578 4927 1622 4995 ad
1647 4927 1703 4994 uei
