4050 5648
799 434 1021 553 tunultu-7.

106 596 183 719 [jis
254 617 356 689 ludae
370 625 573 716 permiserit.
595 620 790 710 Respondet
809 625 888 695 Cirr.
909 654 925 687 «
946 643 1018 691 rem
1034 643 1195 709 urcanam
1211 643 1316 689 unum
1335 649 1433 696 nosse
1449 630 1570 703 [teum3

103 724 156 827 5:35⁷
253 729 347 817 quod
370 731 399 799 si
422 728 598 823 quidpiam
617 726 660 793 sit
677 730 897 800 coniectando
916 726 1124 799 dicendum:
1144 737 1182 797 ut
1196 751 1333 796 omnem
1351 736 1502 803 auferret
1515 752 1573 797 ex-

95 840 116 929 c,
254 839 436 907 cusationis
450 853 602 913 causam,
623 856 689 903 non
712 839 804 906 euim
825 839 939 907 dicere
960 839 1092 925 poterat
1109 859 1145 905 se
1164 859 1204 905 ex
1217 838 1443 928 pecuniarum
1456 859 1573 909 umore

82 932 122 1025 ’ἑῖῘῇ
135 944 161 1037 ,Ἰ
251 941 291 1012 id
299 945 415 1012 iecisse
431 937 518 1028 (scil.
535 941 764 1029 proditionem
779 942 1011 1030 commisisse),
1029 964 1107 1010 cum
1122 951 1235 1035 posset
1245 941 1426 1034 cupiditati
1440 969 1522 1014 suae
1534 967 1574 1012 ex

31 1098 39 1111 .
80 1054 84 1061 ’
159 1044 173 1062 ”
250 1048 374 1119 loculis
388 1047 502 1113 lucere
516 1048 613 1133 satis,
628 1050 687 1117 sed
706 1072 744 1116 ex
769 1050 876 1117 multu
894 1047 1062 1136 nequitia,
1075 1072 1180 1140 quam
1197 1051 1304 1118 voluit
1316 1050 1468 1119 Christus
1479 1051 1575 1120 cohi-

31 1158 38 1189 *
253 1155 353 1237 bere,
368 1151 584 1241 indulgentia
600 1178 684 1243 erga
703 1156 799 1222 illum
818 1153 926 1220 multu
947 1176 1027 1222 usus
1056 1180 1091 1237 »;
1107 1157 1183 1224 sim.
1203 1156 1316 1224 Thom.
1334 1179 1346 1223 :
1362 1160 1401 1223 ut
1415 1157 1577 1244 perditio

71 1252 186 1359 {uf-*³²:³⁵
256 1259 311 1329 nis
329 1261 538 1329 occasionem
554 1262 720 1343 auferret,
737 1282 814 1328 oum
834 1260 977 1328 haberet
996 1286 1035 1330 ex
1058 1262 1179 1331 loculis
1195 1262 1490 1353 concupiscentiae
1513 1265 1577 1330 mi-

36 1360 42 1409 '·
74 1346 104 1449 ‘'f‘'
175 1394 196 1458 s
255 1365 473 1453 ligationem,
500 1376 534 1435 et
567 1371 651 1435 Bon.
686 1372 724 1434 ut
753 1389 823 1433 non
852 1367 994 1437 haberet
1021 1369 1270 1436 excusationem
1299 1370 1392 1458 quod
1417 1369 1577 1461 proderet

93 1540 124 1563 ’,Γ
254 1472 434 1542 Dominum
453 1481 595 1567 propter
610 1473 778 1564 inopiam,
801 1480 836 1540 et
854 1474 936 1543 Bed.
954 1483 991 1542 ut
1010 1477 1063 1542 vel
1078 1475 1196 1542 collati
1210 1477 1351 1543 honoris
1370 1479 1422 1545 vel
1438 1475 1577 1544 habitae

39 1604 61 1667 χχ
78 1574 180 1691 'de
257 1581 423 1650 memoria
448 1582 616 1672 pecuniae
637 1585 788 1647 mentem
811 1581 855 1648 ab
878 1581 984 1672 ipsius
1009 1582 1204 1649 venditione
1224 1589 1412 1650 revocaret.
1439 1582 1578 1649 Addunt
1615 1571 1623 1586 '

260 1708 398 1779 quoque
420 1691 509 1778 Auq.
542 1688 671 1772 Tltom„
702 1697 740 1752 ut
765 1686 928 1755 doceatur
960 1688 1106 1755 Ecclesia
1133 1688 1240 1755 malos
1267 1710 1337 1755 esse
1368 1688 1574 1756 tolerandos.

36 1853 40 1861 .
254 1795 521 1862 Committuntur
535 1794 630 1862 varia
648 1815 790 1861 munera
812 1798 847 1860 et
867 1792 981 1861 officia
999 1793 1090 1860 inter
1103 1794 1259 1861 homines
1279 1795 1466 1863 secundum
1481 1794 1578 1862 indo·

63 1889 159 1999 ι
186 1922 189 1927 ·
255 1899 325 1968 lem
349 1906 380 1968 et
402 1899 631 1989 aptitudinem
649 1899 841 1967 naturalem
860 1906 893 1966 et
912 1900 1182 1968 inclinationem.
1206 1904 1301 1968 Certe
1319 1924 1390 1969 non
1410 1906 1498 1984 erat,
1518 1922 1579 1968 cur

254 2005 406 2073 Christus
426 2005 626 2095 prohiberet
645 2027 688 2073 ue
705 2005 849 2096 apostoli
864 2005 983 2073 eadem
1001 2006 1134 2074 ratione
1148 2008 1236 2075 inter
1254 2030 1290 2074 se
1306 2029 1450 2075 munera
1464 2007 1578 2074 distri·

254 2112 412 2200 bucrent.
430 2110 534 2180 ludae
553 2133 622 2180 non
647 2111 790 2181 deerant
811 2111 942 2200 gratiae
961 2113 1087 2202 quibus
1106 2115 1237 2203 potuit,
1258 2115 1287 2181 si
1302 2113 1476 2197 voluisset,
1497 2135 1578 2180 con·

42 2216 67 2281 ’·;
89 2254 166 2317 ,,,;-.
257 2218 486 2311 cupiscentiae
520 2219 674 2286 resistere
700 2240 845 2309 eamque
872 2218 1023 2288 domare.
1054 2223 1210 2288 Ceterum
1234 2221 1311 2288 vide
1339 2243 1428 2311 quae
1453 2219 1522 2286 dixi
1543 2219 1580 2285 in

256 2330 444 2394 comment.
459 2325 573 2393 llatth.
589 2330 614 2392 ιι
630 2349 664 2416 p.
681 2332 758 2394 ass.

53 2422 80 2453 ”³
300 2436 440 2501 Goeroet
460 2432 610 2500 Christus
633 2434 705 2499 eius
727 2432 1020 2523 importunitatem
1045 2457 1076 2500 v.
1100 2442 1120 2499 '1
1143 2434 1261 2520 sinite,
1286 2443 1357 2520 ἄφες
1383 2434 1457 2500 δί’ῑθ
1477 2431 1581 2523 (00ᾶά

48 2538 94 2637 [ᾗ
117 2562 120 2569 ·
144 2580 169 2619 .·
193 2603 196 2614 ,
255 2539 334 2631 pler
343 2538 441 2631 vulg)
457 2539 572 2627 illam,
586 2551 622 2606 ut
635 2539 673 2605 ic
686 2537 777 2607 diem
791 2538 986 2629 sepulturae
998 2563 1092 2608 eneae
1106 2553 1212 2608 seruet
1228 2540 1318 2607 illud
1321 2563 1337 2627 ‚·
1347 2546 1490 2631 propter
1502 2562 1578 2607 sen-

90 2652 157 2680 *
257 2648 401 2716 tentiam
417 2645 590 2737 ¹adiectam
608 2651 655 2714 ἵνα
673 2645 909 2737 explicandum
924 2648 990 2715 erit
1005 2669 1083 2715 cum
1098 2650 1124 2714 T
1123 2647 1169 2715 ol.
1187 2670 1199 2712 .·
1214 2676 1231 2710 «
1246 2648 1337 2730 sinc,
1355 2646 1515 2738 permitte
1528 2646 1579 2713 la-

50 2736 144 2818 '¹
158 2790 172 2802 -
199 2818 202 2823 .
235 2824 240 2832 ,
261 2776 338 2824 cere
361 2753 454 2844 quod
475 2752 574 2835 sacit;
599 2752 739 2843 quando
760 2754 853 2820 enim
877 2755 962 2821 haec
985 2754 1089 2821 verba
1113 2754 1262 2823 Christus
1287 2754 1440 2834 dicebat,
1467 2751 1581 2819 adhuc

43 2856 56 2943 ‚³
258 2860 362 2931 ituria
391 2859 558 2948 ungebat;
585 2859 685 2926 ludas
711 2859 803 2926 enim
827 2866 906 2927 ente
929 2859 1031 2927 linem
1051 2861 1220 2928 unctionis
1244 2882 1461 2928 murmurare
1487 2861 1580 2952 ince-

54 2947 111 3053 -ἒξῗι
123 2950 137 3059 ς’
172 2994 175 2998 “
257 2973 372 3062 peret,
389 2972 427 3034 ut
448 2965 654 3056 apmposito
668 2965 855 3032 deterreret
871 2995 885 3024 υ
905 2966 992 3055 (sim.
1015 2967 1117 3056 Scqu.
1135 2967 1265 3050 Sctz.);
1290 2966 1371 3033 dein
1393 2972 1440 3034 ἵνα
1464 2976 1579 3054 τηρήσῃ

167 3071 169 3075 ’
255 3075 387 3167 explica
403 3096 411 3142 :
428 3079 467 3141 ut
485 3071 669 3140 servaverit
687 3071 786 3152 illud;
805 3073 903 3162 proin
919 3095 973 3139 me
987 3080 1095 3160 ungat
1117 3080 1150 3139 et
1172 3074 1237 3140 hoc
1256 3095 1321 3160 ego
1337 3072 1436 3149 volo,
1457 3079 1494 3138 ut
1516 3094 1580 3139 un·

256 3189 425 3274 guentum
445 3182 512 3248 hoo
528 3180 573 3248 sit
590 3181 654 3247 hac
668 3180 828 3247 unctione
843 3182 940 3270 quasi
957 3181 1201 3270 anticipatione
1215 3187 1387 3246 servatum
1403 3185 1434 3246 et
1450 3179 1581 3269 impen-

52 3262 165 3349 1³?
259 3312 335 3361 enm
357 3291 394 3357 in
413 3288 504 3356 diem
529 3287 733 3378 sepulturae.
758 3291 844 3353 llaec
867 3287 983 3376 itaque
1007 3288 1123 3354 unctio
1146 3285 1414 3354 consideratura
1429 3285 1579 3363 Christo,

256 3397 344 3467 sicut
364 3395 479 3464 llatth.
512 3393 779 3476 tamdictum
801 3392 847 3460 ad
864 3393 1097 3482 sepeliendum
1124 3415 1179 3461 me
1202 3392 1298 3475 iccit;
1320 3391 1392 3459 dies
1411 3391 1581 3459 unctionis

56 3480 69 3587 ,Ι
119 3574 122 3581 ,
161 3506 164 3514 ’
259 3501 496 3573 consideratur
507 3507 545 3568 ut
557 3500 630 3567 dies
647 3499 853 3591 sepulturae.
867 3499 979 3566 llodus
993 3498 1158 3590 loquendi
1176 3504 1226 3566 est
1239 3499 1310 3566 sere
1328 3520 1368 3564 ac
1382 3500 1410 3564 si
1425 3498 1578 3564 diceret:

50 3640 124 3683 ι
198 3637 200 3641 ’
257 3610 331 3679 sinc
344 3609 459 3689 illam;
480 3629 560 3674 nam
572 3607 609 3673 in
628 3605 719 3672 diem
733 3607 928 3694 sepulturae
944 3606 1009 3672 hoc
1027 3611 1242 3693 unguentum
1258 3605 1327 3671 iam
1343 3604 1581 3695 nuncimpen-

254 3715 325 3800 dit;
345 3716 395 3782 ita
408 3713 481 3782 scil.
501 3714 538 3780 in
549 3713 745 3803 acceptione
761 3718 849 3793 lesu;
870 3714 943 3802 ipsa
954 3712 1045 3779 euim
1057 3714 1168 3793 Maria,
1184 3718 1222 3777 ut
1237 3710 1349 3777 Thone.
1367 3709 1466 3791 dicit,
1483 3738 1499 3771 o
1512 3733 1581 3777 nou

53 3780 124 3899 ξω
142 3784 159 3876 ἰ
254 3820 441 3913 praescivit
463 3825 607 3886 mortem
630 3819 766 3900 Christi,
789 3841 859 3885 non
878 3819 1093 3906 intelligebat
1122 3816 1214 3908 quod
1234 3818 1328 3898 lecit,
1350 3817 1411 3883 sed
1430 3817 1581 3906 quodam

253 3929 422 3998 instinctu
436 3927 599 3993 interiore
614 3932 704 3992 mota
719 3933 767 3992 est
779 3928 824 3993 cd
839 3926 904 3991 hoc
918 3925 1112 3992 iaciendum
1126 3953 1156 3990 ιι.
1175 3930 1243 3991 Hoc
1254 3930 1473 4012 unguentum
1490 3945 1583 3990 nuuc

256 4032 466 4103 effundendo
484 4031 589 4099 veluti
608 4038 719 4099 servat
738 4033 774 4098 in
794 4032 893 4099 illum
912 4031 1020 4112 diem,
1041 4054 1132 4098 nunc
1147 4031 1240 4098 enim
1255 4030 1337 4097 lacit
1354 4029 1448 4120 quod
1465 4034 1583 4119 postea

151 4201 162 4211 ,,
257 4141 333 4208 vult
345 4142 458 4208 iacere
474 4159 586 4229 neque
601 4144 715 4205 tamen
739 4140 866 4228 poterit
884 4138 940 4228 (cl.
957 4142 1035 4204 liar.
1057 4140 1146 4205 iuter
1160 4137 1258 4227 alia);
1276 4144 1309 4204 et
1327 4138 1404 4226 Cyr.
1424 4157 1436 4200 .·
1455 4135 1498 4203 de
1519 4158 1581 4202 un-

56 4242 61 4277 ²
77 4246 123 4333 {⁴2}
133 4266 152 4277 ··
257 4247 379 4337 guenti
392 4244 588 4337 pertusione
600 4243 767 4311 rationem
782 4245 911 4325 reddit,
926 4244 1018 4336 quod
1027 4267 1095 4311 uon
1110 4244 1155 4312 ad
1167 4245 1299 4324 luxum,
1317 4243 1377 4309 sed
1396 4242 1441 4309 ad
1456 4247 1582 4328 myste-

257 4354 348 4422 rium
372 4351 546 4444 quoddam
572 4356 700 4441 spectat
722 4352 812 4418 circa
835 4353 909 4419 cius
931 4352 1159 4441 sepulturam,
1181 4351 1243 4417 etsi
1267 4370 1355 4439 quae
1380 4348 1416 4414 id
1436 4348 1583 4415 iaciebat

131 4443 156 4457 ”
258 4461 437 4549 ignoraret
456 4457 606 4547 mysterii
631 4457 810 4527 rationem.
836 4463 955 4526 Censet
972 4457 1069 4526 scta.
1089 4463 1136 4525 ἵνα
1158 4467 1271 4545 τηρήσῃ
1299 4455 1386 4521 verti
1409 4477 1523 4545 posse,
1547 4461 1584 4520 ut

264 4565 510 4662 (anticipando)
537 4565 682 4630 observet
710 4563 806 4632 illud.
832 4566 941 4632 Lectio
968 4576 1130 4652 τετήρηκεν
1153 4563 1300 4629 seruauit
1330 4560 1433 4649 (Tol.)
1460 4561 1583 4628 eodem

263 4672 367 4741 modo
387 4671 601 4762 explananda
622 4675 695 4737 est:
717 4672 830 4737 unctio
859 4673 942 4738 haec
965 4672 1054 4737 lacte
1076 4677 1125 4737 est
1148 4670 1183 4734 in
1211 4668 1363 4735 officium
1386 4666 1582 4756 sepulturae

70 4784 105 4881 ’ζ’
260 4800 374 4862 meee;
393 4779 490 4846 unxit
503 4777 593 4844 enim
617 4798 670 4843 me
685 4776 771 4843 sicut
792 4799 913 4867 corpus
929 4786 1101 4844 mortuum
1117 4776 1161 4842 ad
1178 4773 1414 4864 sepeliendum
1433 4773 1518 4861 ungi
1530 4796 1582 4840 so·

254 4885 302 4952 let
315 4884 428 4974 (Tot).
