4116 5648
239 663 308 729 lam
324 664 457 747 lignum
486 658 587 737 illud,
609 668 645 728 ut
668 663 717 728 ait
741 667 847 753 Auq„
873 660 932 725 ubi
951 668 1048 729 erant
1069 662 1132 726 fixa
1151 659 1304 727 membra
1325 665 1518 750 morientis,

194 767 297 836 etiam
323 765 487 834 cathedra
516 767 581 834 luit
607 768 764 854 magistri
783 768 937 835 docentis
953 791 984 834 v.
1007 775 1049 833 2ss
1071 790 1147 833 cum
1168 767 1305 834 uidisset
1323 789 1401 856 erpo
1428 772 1520 837 lesus

192 887 337 941 matrem
357 883 389 937 et
402 870 611 965 discipulum
628 885 775 952 stantem
787 895 888 965 quem
901 873 1084 963 diliqebat,
1108 873 1194 937 dicit
1207 875 1313 939 neutri
1324 897 1407 941 suae
1421 897 1432 940 .·
1448 898 1521 941 nru-

194 980 268 1062 lier‚
286 999 362 1044 eece
377 979 473 1067 silius
494 993 594 1061 tures,·
612 979 739 1045 mulier
760 980 978 1068 compellatio
994 987 1044 1047 est
1063 979 1266 1059 honorifica3
1289 981 1365 1048 vide
1381 982 1423 1048 ad
1440 988 1515 1064 2,t;

192 1084 340 1152 noluisse
356 1094 501 1154 matrem
518 1086 649 1167 dicere,
667 1108 711 1153 ne
726 1087 799 1153 eius
819 1093 961 1171 augeret
982 1086 1153 1163 dolorem,
1176 1087 1385 1175 quandoque
1399 1088 1518 1156 dicunt

193 1192 249 1282 (cl.
263 1193 355 1260 lons,
369 1196 452 1283 lap.
465 1191 526 1281 qui
535 1191 619 1258 alias
632 1214 770 1282 quoque
787 1193 935 1259 rationes
948 1193 1108 1278 allerunt)
1124 1214 1131 1258 :
1145 1214 1219 1257 ecce
1231 1191 1327 1279 filius
1337 1204 1426 1278 tuuc,
1440 1219 1516 1263 ecce

192 1298 252 1389 qui
263 1299 341 1366 loco
353 1299 415 1365 filii
431 1297 495 1365 tibi
509 1296 633 1365 debeat
648 1298 814 1388 obsequi,
829 1305 920 1365 tuam
935 1321 1056 1385 gerere
1071 1319 1203 1380 curam,
1217 1299 1271 1364 cui
1287 1306 1321 1365 tu
1343 1307 1518 1390 tamquam

88 1445 90 1448 >
192 1405 444 1486 filioconlidas;
470 1432 486 1467 u
510 1405 583 1494 ipse
608 1427 690 1472 vero
711 1406 891 1473 crucifixus
910 1413 1054 1472 matrem
1079 1427 1175 1472 suam
1196 1405 1266 1472 filio
1281 1407 1516 1489 commendat,

193 1518 231 1579 ut
248 1535 309 1580 nos
328 1511 449 1578 doceat
469 1511 513 1578 ad
531 1516 720 1579 extremum
744 1533 853 1601 usque
876 1511 1022 1579 halitum
1047 1520 1230 1600 parentum
1252 1535 1369 1580 euram
1385 1516 1520 1604 praeci·

191 1640 297 1710 puam
312 1639 382 1684 esse
395 1617 582 1705 gerendam
601 1644 617 1678 »
631 1618 755 1703 (Cin),
772 1625 806 1685 et
820 1622 907 1708 Aup.
926 1641 937 1684 :
953 1646 969 1679 u
984 1641 1024 1685 ex
1042 1619 1107 1685 hae
1120 1641 1201 1684 saue
1217 1620 1372 1687 doctrina
1389 1621 1519 1690 didice-

191 1731 246 1792 rat
269 1726 395 1792 Paulus
419 1725 595 1814 apostolus
614 1725 708 1814 quod
735 1724 883 1792 docebat
905 1748 913 1793 :
940 1728 966 1790 si
987 1726 1064 1814 quis
1088 1733 1202 1791 autem
1229 1727 1297 1792 suis
1320 1733 1353 1792 et
1372 1728 1518 1796 maxime

191 1831 384 1898 domesticis
399 1853 467 1898 non
484 1831 654 1923 providet.
674 1831 780 1898 tidem
798 1832 940 1917 negavit
952 1840 986 1898 et
1000 1838 1050 1897 est
1065 1830 1196 1897 infideli
1212 1832 1364 1899 deterior
1383 1835 1414 1921 (1
1431 1835 1516 1902 Tim.

192 1937 276 2025 5,8).
300 1937 405 2005 lluius
422 1938 539 2027 itaque
564 1936 779 2005 saluberrimi
800 1938 976 2027 praecepti
995 1938 1068 2028 ipse
1090 1938 1253 2024 magister
1267 1947 1460 2007 sanctorum
1477 1942 1518 2009 dc

190 2065 226 2112 se
250 2045 325 2134 ipso
346 2045 571 2113 constituebat
590 2046 807 2135 exemplum,
830 2045 969 2134 quando
996 2068 1063 2112 non
1085 2053 1122 2111 ut
1143 2046 1291 2113 famulae
1312 2051 1397 2114 [teus
1413 2071 1518 2137 quarn

191 2158 368 2219 creaverat
390 2159 424 2218 ot
444 2152 608 2239 regebat,
631 2150 690 2218 sed
715 2158 753 2217 ut
779 2153 880 2218 matri
903 2152 1007 2218 homo
1034 2152 1077 2217 de
1099 2174 1168 2239 qua
1194 2160 1330 2218 creatus
1350 2154 1461 2221 luerat
1486 2162 1519 2222 et

192 2280 296 2347 quam
325 2258 542 2349 relinquebat
565 2259 712 2326 alterum
738 2281 801 2348 pro
821 2281 855 2323 se
880 2258 1138 2348 quodammodo
1166 2257 1272 2323 filium
1300 2260 1515 2348 providebat.

192 2368 275 2432 Nam
299 2388 360 2433 eur
381 2364 447 2433 hoc
468 2367 588 2432 lecerit
611 2364 704 2453 quod
725 2364 880 2454 sequitur
900 2365 1045 2445 indicat;
1062 2365 1110 2430 ait
1123 2367 1214 2431 enim
1232 2366 1443 2453 evangelista
1460 2390 1467 2436 :
1486 2375 1518 2436 et

191 2493 232 2538 ex
246 2471 308 2538 illa
322 2474 407 2539 hora
418 2474 550 2562 accepit
568 2494 644 2538 eam
658 2471 849 2562 discipulus
864 2472 899 2537 in
915 2494 978 2538 sua
995 2500 1024 2538 o,
1046 2472 1129 2550 Quia
1152 2473 1259 2559 igitur
1277 2473 1349 2562 ipse
1362 2475 1429 2540 iam
1450 2481 1517 2541 ter-

191 2599 264 2644 ram
285 2580 377 2646 hane
395 2578 577 2646 relicturus
591 2584 681 2658 erat,
699 2577 807 2644 fitium
828 2578 859 2644 ei
879 2579 1024 2645 alterum
1043 2578 1199 2666 providet
1215 2579 1271 2666 qui
1293 2579 1385 2646 illius
1401 2602 1516 2647 curam

191 2689 273 2772 agat
286 2684 597 2772 diligentissimam.
618 2686 777 2752 Ostendit
796 2687 911 2773 itaque
934 2690 1022 2750 lesus
1041 2684 1221 2749 sollicitam
1236 2684 1451 2771 diligentiam
1474 2687 1516 2753 de

191 2798 317 2875 matre,
338 2793 387 2859 'uti
416 2792 530 2860 Thom.
560 2792 727 2882 loquitur,
747 2791 808 2881 qui
828 2790 969 2857 verbum
992 2789 1078 2856 illud
1102 2791 1264 2879 exponit:
1288 2794 1516 2880 usquemodo

190 2920 309 2965 curam
328 2898 379 2966 tui
393 2898 500 2965 habui
519 2905 553 2964 et
568 2898 618 2964 lui
632 2920 763 2964 memor
776 2897 842 2978 lui3
862 2897 922 2962 tibi
940 2897 1040 2963 istum
1062 2896 1276 2985 derelinquo.
1296 2903 1430 2966 llatrem
1450 2900 1516 2966 ita-

191 3027 258 3094 que
278 3005 407 3072 solutur
430 3005 462 3072 ei
487 3004 671 3096 providens
693 3005 799 3070 filium
815 3003 876 3093 qui
896 3003 969 3070 eius
989 3003 1114 3069 babeat
1129 3025 1245 3069 curam
1264 3005 1318 3092 (el.
1337 3005 1412 3071 Alb.
1432 3009 1513 3074 Bou.

194 3111 267 3180 Gai.
294 3114 384 3179 lons.
410 3112 518 3179 Satur.
536 3113 605 3198 Sa,
630 3111 764 3194 Estios,
786 3114 869 3198 Lep.
895 3110 1046 3192 Tirinus,
1065 3113 1147 3175 Ναί.
1167 3110 1275 3177 Calui.
1304 3112 1392 3178 Corl.
1411 3113 1512 3202 Srqu.

190 3218 288 3286 Schz.
307 3218 403 3308 Fit).
422 3219 539 3286 loanni
553 3218 773 3285 commendat
788 3222 944 3291 matrem,
961 3217 1041 3304 quia
1054 3216 1108 3282 hic
1121 3224 1194 3282 erat
1208 3217 1394 3306 discipulus
1413 3241 1515 3309 quem

189 3317 361 3412 diligebat
380 3329 480 3407 lesus,
498 3327 552 3392 cui
565 3325 646 3391 ideo
661 3331 804 3416 matrem
821 3346 916 3390 suam
929 3329 1105 3412 tamquam
1124 3323 1407 3411 pretiosissimum
1419 3348 1514 3392 amo-

192 3433 238 3499 ris
251 3431 533 3522 pignusdonavit
549 3430 685 3519 (Cori).

236 3540 288 3607 Uti
303 3541 406 3606 matri
424 3540 569 3620 indicat,
592 3538 653 3627 qui
671 3538 741 3615 iam
765 3538 837 3603 loco
858 3537 919 3601 lilii
938 3536 1102 3625 obsequia
1123 3545 1294 3625 praestare
1311 3538 1449 3619 debeat,
1468 3541 1514 3608 ita

172 3715 173 3718 ,
191 3647 309 3715 loanni
326 3668 464 3736 quoque
484 3645 651 3734 explicite
670 3643 940 3720 commendatur,
963 3651 999 3708 ut
1015 3665 1089 3708 eam
1112 3649 1285 3733 tamquam
1308 3653 1451 3712 matrem
1467 3648 1515 3714 lo-

192 3758 284 3833 veat,
308 3752 474 3820 custodiat
489 3774 520 3819 v.
538 3758 580 3817 27
596 3749 720 3817 deinde
735 3750 818 3816 dicit
838 3749 1008 3838 discipulo
1024 3772 1036 3815 .·
1058 3773 1132 3816 ecre
1153 3763 1261 3816 irroret·
1276 3764 1351 3832 tua,
1369 3753 1422 3819 cui
1438 3753 1511 3821 scil.

192 3861 417 3929 reverentiam
434 3867 467 3925 et
487 3859 655 3947 obsequia
669 3856 830 3923 exhibere
849 3856 968 3927 debes.
992 3864 1025 3922 et
1046 3858 1163 3923 omnia
1178 3859 1311 3947 pietatis
1330 3859 1442 3926 filialis
1462 3861 1513 3926 of-

191 3967 268 4035 ficia
283 3972 472 4056 praestare,
494 3964 549 4032 cui
564 3966 691 4031 servias
704 3970 741 4029 ut
760 3963 850 4029 lilius
868 3954 968 4028 nentri
992 3964 1047 4049 (el.
1073 3963 1146 4028 Alo.
1171 3965 1282 4030 l'lom.
1310 3968 1390 4031 Bon.
1415 3969 1510 4049 etc).

192 4079 348 4162 llagnum
372 4073 538 4139 bonorem
560 4071 732 4161 discipulo
760 4093 829 4136 esse
854 4069 1016 4136 collatum
1039 4069 1115 4135 Clu.
1139 4072 1245 4136 etlerl.
1272 4072 1386 4137 llerito
1409 4073 1512 4140 etiam

192 4180 402 4250 concludunt
415 4203 453 4247 ex
470 4187 613 4268 utraque
630 4180 694 4243 bac
710 4177 1007 4243 commendatione
1025 4179 1205 4266 loseplurm
1222 4178 1321 4245 luisse
1341 4178 1409 4245 iam
1424 4203 1514 4247 mor·

192 4286 367 4374 tuum(uti
390 4286 620 4377 Epiphanius,
640 4285 736 4350 haer.
761 4289 857 4360 78‚o;
876 4286 921 4349 ll.
947 4288 1085 4360 tarra
1108 4283 1216 4351 Sirim.
1240 4285 1307 4349 Tol.
1325 4288 1402 4351 Bar.
1428 4289 1510 4374 Lep.

195 4394 305 4485 Colm.
328 4395 444 4482 Not.);
463 4393 593 4482 pariter
607 4392 755 4457 infertur
770 4412 826 4455 cos
841 4391 899 4478 qui
917 4391 1037 4455 iratres
1053 4395 1124 4455 lesu
1138 4391 1310 4469 dicuntur,
1328 4413 1397 4457 non
1415 4392 1512 4457 luisse

193 4501 282 4570 lilios
295 4504 414 4569 llariae
431 4500 487 4588 (cf.
504 4499 676 4588 Epiphon.
700 4498 722 4563 l.
741 4519 770 4563 c.
788 4497 887 4584 ete.):
904 4497 985 4585 <prtia
1005 4498 1031 4561 si
1052 4497 1114 4561 lilii
1128 4497 1343 4577 exstitissent,
1368 4498 1514 4564 maxima

193 4609 310 4676 luisset
325 4607 514 4696 ignominia
528 4606 597 4672 illis
614 4606 724 4684 illata,
742 4604 771 4671 si
786 4613 894 4670 mater
908 4605 1020 4669 alieno
1037 4602 1218 4669 nutrienda
1240 4611 1272 4670 et
1285 4605 1429 4671 fovenda
1445 4611 1513 4670 tra-

193 4716 343 4783 deretur.
368 4722 441 4783 lure
465 4735 601 4803 quoque
624 4712 806 4778 advertunt
834 4719 979 4776 matrem
1004 4711 1172 4796 virginem
1197 4712 1321 4797 virgini
1346 4711 1514 4801 discipulo

193 4844 264 4892 esse
293 4822 566 4890 commendatam
595 4819 858 4909 (Hieronymus,
887 4818 928 4883 de
959 4819 1020 4882 vir.
1051 4818 1099 4883 ill.
1137 4818 1261 4907 Epiplz.
1290 4817 1391 4884 Eruli.
1417 4823 1511 4906 etc).

193 4928 446 5020 Promptissime
460 4927 591 4996 Domini
608 4925 805 4993 mandatum
818 4925 1014 5014 exsequitur
1027 4924 1213 5014 discipulus
1231 4948 1238 4992 :
1254 4938 1286 4992 rt
1299 4947 1340 4991 eur
1354 4924 1416 4992 illu
1431 4925 1514 4992 lroro

656 5054 835 5091 rusnexnrren
854 5054 878 5090 rx
896 5054 964 5090 roxx.
984 5068 1014 5077 -
1031 5045 1061 5090 ³5
