4116 5648
1018 537 1103 581 totu.
1128 474 1306 592 ital-ms

484 678 556 747 sine
568 692 695 758 magna
708 673 815 742 animi
833 671 1066 738 commotione
1087 691 1118 734 v.
1136 675 1178 737 21
1200 692 1277 738 cum
1295 668 1379 738 tace
1397 669 1539 739 dixisset
1553 671 1645 737 lesus
1659 673 1816 742 turbatus
1874 709 1876 713 .
1903 674 1906 679 ’

485 796 533 852 est
549 779 692 870 spir-itm
713 782 756 850 cl.
785 781 886 857 Μ
904 789 937 842 et
949 787 1161 868 protestatus
1179 789 1228 844 est
1250 786 1453 863 ἐμαρτύρησεν
1469 777 1567 866 quasi
1582 776 1816 848 testimonium

486 887 649 956 sollemne
663 887 788 967 edidit,
813 880 1029 953 sollemniter
1046 888 1190 949 testatus
1207 888 1256 950 est
1276 893 1309 948 et
1328 880 1418 948 dt'scit
1440 904 1453 949 .·
1474 905 1594 968 amen,
1619 905 1721 952 amca
1743 882 1818 952 dico
1922 922 1926 927 -

484 992 594 1073 uobis,
608 995 693 1083 qaia
706 1011 793 1060 ttntts
806 1011 848 1055 ea
862 991 957 1058 uotis
976 987 1088 1058 tradet
1110 1011 1185 1074 me;
1200 988 1310 1055 multa
1325 995 1553 1073 concurrunt,
1572 999 1715 1081 propter
1729 1012 1818 1081 quae
1915 1013 1918 1018 ·
1954 1002 1966 1073 ᾗ

484 1098 634 1169 Christus
657 1101 772 1168 animo
791 1099 1001 1164 commoveri
1021 1118 1061 1163 ec
1080 1099 1214 1163 concuti
1243 1095 1400 1162 voluerit.
1423 1093 1561 1163 Dixerat
1583 1095 1645 1185 qui
1660 1119 1714 1164 me
1728 1097 1822 1164 acci·
1882 1114 1887 1125 ’

480 1204 535 1296 pit
547 1212 626 1290 eta,
640 1203 733 1273 unde
748 1204 955 1272 econtrario
976 1203 1120 1269 horrore
1134 1201 1319 1291 corripitur
1332 1201 1539 1269 enormitate
1553 1200 1687 1270 sceleris
1699 1203 1821 1293 prodi-

483 1313 586 1382 tionis
601 1312 644 1381 ab
654 1332 725 1378 uno
737 1332 776 1377 ex
790 1308 954 1400 apostolis
968 1309 1190 1386 commissae;
1207 1310 1245 1374 in
1257 1307 1605 1398 hacipsaproditione
1619 1309 1728 1376 cernit
1741 1331 1819 1400 pas·

483 1421 612 1488 sionem
635 1422 668 1485 et
689 1423 834 1483 mortem
854 1413 1111 1493 imminentem,
1132 1436 1153 1480 a
1172 1435 1242 1502 qua
1256 1413 1396 1480 affectus
1414 1413 1587 1482 humanus
1602 1435 1681 1481 cum
1695 1414 1817 1484 timore

483 1548 524 1594 ac
548 1531 697 1592 tremore
719 1522 845 1602 resilit;
885 1550 900 1582 «ι
926 1520 1081 1587 turbavit
1107 1541 1187 1587 eum
1210 1520 1394 1587 imminens
1424 1519 1537 1610 passio
1565 1526 1600 1588 et
1622 1520 1816 1612 periculum

483 1630 678 1723 proximum
699 1637 733 1697 et
752 1626 928 1696 traditoris
952 1626 1156 1718 impendens
1181 1648 1318 1709 manus,
1339 1628 1436 1694 cuius
1451 1627 1563 1695 iuerat
1577 1627 1817 1719 praecognitus

483 1733 637 1818 animus}
650 1734 860 1825 talequippe
875 1735 943 1801 hoc
953 1740 1004 1801 est
1018 1733 1108 1823 quod
1125 1732 1380 1802 lesusturbatus
1389 1733 1583 1824 estspiritu,
1596 1734 1699 1825 quale
1711 1734 1816 1803 etiam

483 1842 569 1911 illud
583 1841 675 1932 quod
693 1843 741 1910 ait
762 1846 882 1922 tuum
901 1839 989 1907 siem
1007 1862 1091 1927 ergo
1108 1846 1190 1906 tunc
1202 1841 1319 1907 anima
1332 1839 1405 1907 cius
1420 1840 1559 1910 turbata
1572 1844 1624 1908 est
1640 1841 1725 1910 hora
1737 1863 1818 1932 pro·
1924 1869 1939 1911 .·
1959 1890 1962 1897 -

485 1950 672 2041 pinquante
696 1947 877 2038 passionis,
904 1948 951 2014 ita
974 1947 1079 2013 etiam
1100 1968 1195 2013 nunc
1222 1945 1353 2013 exituro
1378 1946 1463 2014 luda
1484 1952 1587 2038 atque
1615 1955 1760 2015 venturo
1784 1956 1819 2017 et
1916 2008 1920 2017 .
1949 1954 1960 1977 ’“

485 2055 737 2147 propinquante
752 2061 847 2121 tanto
862 2053 990 2121 scelere
1006 2051 1180 2119 traditoris
1196 2081 1211 2112 ι»
1231 2053 1333 2143 (Aua.
1348 2053 1425 2120 sim.
1445 2057 1532 2144 liup.
1557 2053 1672 2122 Ttom.
1694 2055 1816 2144 Bon.);
1850 2092 1852 2097 .
1879 2077 1880 2081 ¹
1915 2136 1921 2144 ι
1953 2094 1963 2121 ι.

485 2163 661 2232 exhorruit
669 2167 801 2228 tantum
811 2159 1001 2250 proditoris
1014 2160 1124 2226 scelus
1134 2160 1231 2249 ruys.
1248 2158 1333 2249 Fit.)
1343 2165 1377 2227 et
1388 2160 1448 2250 qui
1459 2181 1587 2249 magno
1607 2182 1684 2228 cum
1699 2160 1819 2231 dolore
1905 2158 1908 2163 ’
1941 2122 1945 2127 ¹
1963 2150 1966 2173 ³

484 2269 526 2336 dc
539 2268 778 2337 obcaecatione
799 2267 982 2335 Ierusalem
1006 2265 1167 2332 lacrimas
1186 2266 1291 2346 ludit,
1312 2266 1361 2347 ei,
1377 2271 1495 2356 utpote
1511 2267 1675 2354 magistro
1692 2266 1821 2336 dulcis·
1945 2260 1959 2311 -'

482 2376 585 2459 simo,
606 2374 723 2442 flebile
747 2396 886 2464 quoque
906 2379 981 2440 erat
1001 2395 1109 2439 unum
1131 2395 1172 2439 ex
1196 2370 1373 2462 discipulis
1396 2378 1466 2439 mm
1486 2372 1730 2442 miserabiliter
1747 2373 1819 2443 labi

484 2481 567 2549 etin
585 2480 825 2571 praecipitium
850 2480 971 2546 mortis
993 2485 1153 2546 aeternae
1176 2477 1317 2569 propria
1341 2478 1471 2546 malitia
1489 2501 1589 2547 ruere
1613 2501 1727 2569 neque
1743 2480 1815 2548 ulla
1915 2501 1918 2507 ¹
1960 2482 1966 2541 ζ

484 2587 700 2679 persuasione
715 2585 803 2654 velle
819 2585 974 2653 revocari
990 2585 1075 2675 (Tol.
1097 2585 1175 2652 sim.
1202 2583 1316 2652 Thom.
1334 2588 1418 2675 cap.
1435 2588 1518 2653 Bar.
1535 2586 1670 2677 Sata).
1688 2592 1817 2677 Exque

483 2694 590 2763 animi
614 2693 842 2762 commotione
875 2692 981 2760 etiam
1009 2691 1220 2779 intelligitur
1247 2696 1358 2759 lesum
1386 2714 1456 2758 non
1484 2693 1596 2759 solum
1621 2693 1685 2760 hoc
1707 2716 1815 2762 unum

483 2801 605 2869 dixisse
620 2801 710 2890 quod
724 2806 870 2868 loannes
885 2801 1005 2880 refert,
1021 2797 1080 2866 sed
1094 2799 1163 2865 alia
1183 2797 1282 2888 plura
1297 2820 1385 2889 quac
1399 2799 1568 2888 synoptici
1587 2799 1812 2869 tradiderunt.
1916 2798 1923 2815 ‘

485 2909 570 2986 Quia
586 2908 642 2975 isti
659 2908 787 2999 pariter
810 2908 880 2974 iam
898 2905 940 2973 de
966 2905 1222 2996 quaestionibus
1242 2904 1491 2995 discipulorum
1504 2907 1586 2973 satis
1598 2906 1814 2997 scripserint,

484 3017 556 3105 ipse
571 3016 680 3082 solum
694 3015 887 3102 generatim
903 3015 1007 3080 refert
1027 3036 1057 3079 v.
1083 3018 1126 3078 22
1147 3011 1359 3100 aspiciebant
1378 3034 1458 3100 erpo
1483 3011 1532 3078 ad
1549 3013 1697 3081 invicem
1713 3012 1816 3082 disci-

483 3122 577 3213 pali,
602 3122 824 3204 haesitantes,
846 3124 1045 3208 ἀπορούμενοι
1071 3118 1212 3199 incerti,
1239 3117 1282 3184 de
1308 3141 1375 3208 qao
1402 3118 1551 3204 diceret,·
1571 3125 1693 3211 stupor
1714 3122 1816 3189 simul

485 3250 524 3296 ac
540 3229 644 3295 timor
665 3228 799 3296 invadit
822 3248 880 3293 cos
905 3226 1040 3315 (Cpr.);
1064 3253 1080 3284 α
1107 3230 1190 3292 nota
1213 3223 1353 3315 quidem
1370 3225 1436 3292 sibi
1457 3232 1531 3293 erat
1549 3226 1717 3318 cuiusque
1735 3251 1818 3296 oon-

483 3335 639 3413 scientia;
655 3340 892 3402 verumtamen
909 3332 992 3421 quia
1008 3332 1157 3422 proximi
1177 3337 1251 3398 erat
1266 3331 1406 3418 ignota,
1423 3332 1472 3400 ita
1494 3332 1562 3400 sibi
1586 3335 1818 3426 uuusquisque

485 3447 695 3521 amisarius,
713 3447 751 3508 ut
765 3439 888 3507 incerti
909 3446 1020 3505 essent
1034 3446 1068 3504 et
1086 3438 1122 3505 in
1137 3438 1257 3505 ceteris
1274 3439 1403 3525 singuli
1418 3441 1498 3506 etin
1514 3440 1662 3528 siugulis
1674 3441 1780 3509 ceteri
1800 3471 1815 3504 s

487 3548 591 3638 (Acta.
617 3546 729 3635 Bed.).
750 3546 817 3613 Sed
833 3567 912 3613 cum
936 3544 1045 3612 sciant
1070 3544 1259 3611 Servatoris
1276 3566 1470 3612 sermonem
1492 3545 1630 3614 irritum
1652 3569 1722 3615 esse
1746 3570 1818 3618 non

485 3676 599 3744 posse,
624 3653 667 3721 de
689 3677 723 3720 se
749 3653 853 3720 etiam
878 3650 1024 3741 quisque
1049 3657 1123 3718 erat
1145 3650 1326 3732 sollicitus,
1349 3651 1440 3718 unde
1460 3652 1694 3741 interrogant,
1716 3655 1818 3722 siculi

484 3760 652 3850 synoptici
667 3768 818 3827 narrant.
1512 3822 1513 3826 ,

530 3871 610 3935 Cum
633 3890 715 3934 vero
740 3889 851 3955 neque
876 3872 997 3932 mutua
1015 3866 1104 3931 inter
1125 3887 1160 3931 se
1183 3864 1421 3954 disquisitione
1442 3867 1533 3954 (Luc.
1561 3868 1677 3957 Ἠῶ)
1703 3891 1814 3960 neque

485 3974 740 4064 quaestionibus
763 3973 907 4040 Domino
930 3972 1050 4061 positis
1078 3972 1191 4060 (Marc.
1221 3977 1338 4054 tt,19;
1364 3972 1408 4038 cl.
1430 3971 1545 4040 llatth.
1569 3977 1681 4061 2635)
1698 3975 1816 4066 depre-

485 4080 692 4148 henderetur
710 4079 881 4170 proditor,
900 4084 976 4145 tum
995 4079 1135 4145 demum
1162 4077 1287 4145 accidit
1303 4078 1395 4166 quod
1423 4083 1565 4146 loannes
1589 4087 1721 4162 narrat,
1737 4083 1818 4174 quia

485 4192 602 4255 Petrus
619 4209 686 4275 quo
699 4192 774 4253 erat
786 4186 922 4252 fervore
934 4184 1076 4251 omnino
1093 4191 1185 4251 certo
1201 4185 1287 4250 scire
1296 4184 1513 4252 desiderabat
1526 4186 1602 4275 quis
1613 4194 1713 4266 esset;
1731 4211 1762 4256 v.
1776 4196 1818 4257 23

485 4306 559 4361 erat
576 4315 655 4382 erqo
671 4292 868 4359 recuacbeas
890 4313 980 4358 unus
1000 4313 1042 4357 ce
1056 4289 1237 4378 discipulis
1254 4290 1328 4356 eius
1343 4290 1379 4356 ia
1395 4292 1474 4357 siaa
1490 4293 1564 4358 lesu
1583 4314 1684 4382 quem
1698 4293 1821 4385 attiae-

487 4402 542 4467 aas
554 4403 661 4483 Iesus,
676 4399 748 4488 ipse
763 4400 836 4466 scil.
863 4405 1005 4465 loannes
1021 4397 1082 4486 qui
1104 4396 1153 4462 ita
1170 4396 1213 4462 de
1236 4419 1272 4462 se
1289 4405 1406 4464 narrat
1421 4397 1478 4487 (cl.
1505 4403 1621 4482 18,15;
1638 4407 1729 4482 ila.
1748 4404 1817 4492 20).

487 4507 536 4573 ad
552 4527 703 4574 mensam
718 4508 811 4571 enim
828 4505 1031 4572 accumbere
1046 4502 1206 4570 solebant
1218 4503 1282 4583 ita,
1302 4509 1340 4569 ut
1355 4504 1520 4571 reclinata
1534 4506 1710 4595 superiore
1723 4515 1819 4597 parte

486 4615 638 4703 corporis
658 4615 693 4679 in
721 4612 876 4678 cubitum
901 4613 1094 4690 sinistrum,
1113 4609 1278 4676 inferiore
1299 4610 1337 4676 in
1356 4611 1500 4698 longum
1521 4619 1693 4701 porrecta,
1708 4615 1819 4706 capite

486 4718 604 4787 leviter
614 4726 724 4787 erecto
738 4721 904 4798 iacerent3
922 4725 1063 4785 loannes
1074 4717 1191 4807 itaque
1212 4716 1345 4784 iacebat
1359 4717 1397 4783 in
1411 4716 1536 4783 lectulo
1552 4722 1631 4785 ante
1646 4723 1756 4789 lesum
1772 4721 1816 4790 ad

407 4880 410 4884 .
486 4825 558 4892 eius
574 4826 662 4893 latus
680 4826 875 4906 dexterum,
896 4826 1014 4892 cubito
1036 4823 1135 4890 nixus
1153 4824 1309 4904 sinistro,
1336 4823 1383 4890 ita
1403 4830 1441 4889 ut
1461 4830 1564 4913 caput
1584 4824 1727 4895 haberet
1744 4829 1816 4896 iere

487 4954 600 5000 coram
623 4940 757 5022 pectore
779 4939 869 5015 lesu3
896 4932 1030 5001 iacebat
1049 4952 1132 5018 ergo
1150 4952 1172 4997 a
1191 4929 1284 5011 sinu,
1308 4929 1361 4997 vel
1381 4929 1420 4996 in
1440 4930 1520 4998 sinu
1538 4935 1610 4999 lesu
1627 4933 1683 5022 (ci.
1700 4933 1817 5024 atati-
