4116 5648
507 510 556 566 est
569 518 606 562 er
618 517 723 567 errore
738 512 847 569 contra
862 520 960 580 quern
975 507 1028 571 ille
1043 526 1145 571 canon
1161 510 1210 567 est
1224 507 1343 572 editus.
1359 512 1455 571 Error
1467 513 1575 570 autem
1587 508 1637 568 est
1650 505 1718 575 bic,
1733 524 1830 584 quem
1924 490 1958 583 ’ἒὶ

509 598 728 666 Melancbtbon
742 601 910 683 proposuit
929 604 963 666 in
982 608 1061 668 locis
1078 607 1307 669 communibus
1326 625 1333 666 :
1350 630 1365 660 «
1382 622 1498 686 nempe
1516 622 1586 668 esse
1607 601 1745 666 eandem
1764 603 1831 664 vim
1922 586 1966 685 23,

507 697 654 774 baptismi
676 700 800 762 loannis
819 704 850 759 at
866 705 1099 780 apostolorum,
1123 703 1258 765 loannes
1279 705 1319 767 de
1333 720 1468 783 passuro
1487 704 1626 777 Christo,
1640 698 1776 781 apostoli
1793 696 1832 759 de
1915 688 1965 783 ᾖξ’

508 812 599 873 passo
614 807 645 860 et
659 797 850 860 resuscitato
869 801 1072 879 praedicant3
1090 803 1198 863 tamen
1214 800 1433 862 ministerium
1449 800 1509 862 luit
1523 799 1608 862 idem
1629 805 1661 861 et
1685 798 1833 860 effectam
1896 790 1945 873 '1'13

508 896 643 957 eundem
665 893 775 957 babuit
796 895 829 955 in
853 897 1058 959 credentibus
1085 921 1099 951 »
1126 897 1177 978 (ct.
1202 897 1343 973 Tbeiner,
1366 898 1443 958 Acta
1463 898 1557 958 Conc.
1579 895 1652 956 trid.
1674 896 1688 955 l
1712 913 1745 974 p.
1762 895 1832 966 384,
1916 924 1939 939 ν

508 1009 595 1055 error
607 997 665 1071 lx).

547 1093 611 1153 Hoc
633 1091 735 1151 solum
755 1091 824 1153 loco
846 1092 967 1154 mentio
992 1092 1028 1151 nt
1051 1092 1224 1174 discipulos
1246 1096 1316 1155 lesu
1342 1093 1534 1172 baptizasse;
1557 1090 1643 1152 unde
1665 1088 1772 1150 solum
1795 1072 1834 1150 eo
1894 1094 1950 1171 ῤ’·

506 1193 648 1268 tempore
664 1190 925 1252 commorationis
948 1189 980 1248 in
1000 1191 1132 1269 regione
1153 1190 1296 1262 iudaice,
1313 1190 1393 1253 dum
1413 1190 1549 1268 baptista
1572 1193 1639 1250 erat
1657 1189 1832 1265 superstes,
1914 1204 1918 1211 ·

507 1287 678 1366 baptizasse
694 1285 818 1348 dicendi
834 1292 917 1348 sunt.
933 1288 1011 1347 Nam
1026 1289 1112 1367 apud
1129 1289 1313 1367 synopticos
1328 1289 1401 1349 talis
1417 1287 1591 1367 baptismus
1605 1302 1671 1347 non
1688 1299 1836 1345 comme·

508 1389 648 1445 moratur
662 1400 765 1462 neque
785 1386 819 1445 in
839 1384 904 1444 ulla
925 1386 1108 1447 narratione
1129 1385 1168 1447 de
1183 1387 1434 1448 commoratione
1454 1385 1487 1445 in
1508 1383 1647 1446 Galilaea
1660 1381 1834 1460 vestigium

507 1480 654 1560 baptismi
673 1484 824 1543 cernitur.
840 1481 875 1542 ld
890 1481 955 1544 iam
970 1484 1051 1545 mibi
1067 1483 1196 1545 videtur
1215 1483 1378 1545 suldciens
1393 1481 1566 1554 indicium,
1579 1484 1615 1542 ut
1629 1494 1781 1542 censeam
1796 1494 1835 1538 eo
1896 1520 1904 1526 --
1925 1480 1928 1485 '

507 1578 666 1657 baptismo
681 1597 746 1641 non
768 1596 837 1641 esse
856 1579 1005 1641 collatam
1019 1581 1245 1643 remissionem
1261 1585 1474 1660 peccatorum.
1491 1578 1524 1641 Si
1545 1577 1631 1640 anim
1650 1576 1715 1638 tale
1737 1574 1836 1637 bene·
1914 1590 1939 1603 ’·

507 1676 613 1736 licium
635 1681 704 1738 tum
724 1678 813 1737 lesus
835 1676 989 1740 voluisset
1011 1678 1176 1752 conterre,
1195 1696 1250 1740 cur
1272 1678 1306 1739 id
1328 1678 1368 1740 ad
1392 1680 1487 1741 breve
1508 1682 1635 1755 tempos
1655 1675 1688 1736 in
1707 1673 1837 1753 regione
1918 1690 1947 1725 .·

508 1774 633 1834 iudaice
648 1774 885 1835 restrinxisset?
902 1777 952 1837 Uti
967 1776 1065 1856 igitur
1079 1777 1134 1837 illa
1155 1776 1265 1838 unctio
1280 1781 1497 1856 aegrotorum,
1513 1774 1553 1836 de
1567 1791 1632 1852 qua
1645 1774 1738 1834 llarc.
1753 1770 1837 1846 6,13,

508 1890 571 1932 non
591 1878 658 1933 erat
677 1880 911 1934 sacramentum
932 1874 1108 1945 unctionis,
1123 1873 1179 1935 sed
1199 1874 1424 1954 praefiguratio
1446 1871 1604 1951 quaedam
1623 1888 1661 1932 ac
1678 1868 1838 1949 prolusio,

508 1971 552 2030 ita
570 1970 746 2048 baptismus
767 1970 821 2030 ille
840 1972 958 2049 pariter
976 1971 1156 2033 censendus
1174 1973 1236 2033 erit
1255 1971 1411 2033 aratione
1431 1968 1619 2032 sacramenti
1637 1983 1741 2028 novae
1759 1963 1839 2046 legis
1912 2018 1915 2023 .
1937 2004 1944 2017 -

508 2069 640 2128 alienus.

1930 1020 1983 1221 Q*
1929 892 1983 1073 αξξ-ε·

1931 1264 1971 1369 -·,μ·ἷ·““
1933 1228 1959 1253 '3'

1927 2206 1941 2221 ‘-
1920 2039 1946 2147 .'‡·
1931 1926 1940 1981 ι·
1923 1730 1946 1779 “·’.
1927 1544 1948 1675 ..·-·.=
1924 1408 1948 1483 ul*

1954 2264 1966 2271 ;
1953 2186 1970 2233 ,ϋ-
1956 2158 1959 2167 -
1947 2046 1971 2129 *e·..·‘¹'’
1946 2000 1960 2029 t·
1952 1882 1969 1987 -,-.-;
1952 1822 1971 1863 1..-
1955 1804 1958 1809 .
1951 1748 1954 1753 -
1947 1680 1958 1727 -·
1954 1630 1959 1641 -
1947 1372 1970 1473 -·-·--·

1972 2212 1983 2293 μη...
1972 2166 1983 2202 ,.-
1971 2092 1983 2155 -Α
1960 1818 1983 2083 maz-..ah-
1947 1510 1983 1815 ,m-

552 2299 734 2388 Baptistam
749 2321 820 2367 non
830 2300 941 2368 solum
955 2301 991 2367 in
1006 2304 1150 2389 regione
1173 2300 1325 2368 Iordanis
1340 2298 1552 2389 praedicasse
1569 2337 1613 2348 -
1631 2295 1667 2363 id
1685 2293 1779 2385 quod
1795 2315 1837 2361 ex
1941 2302 1983 2377 j

508 2405 693 2495 synopticis
703 2406 813 2472 videri
825 2412 939 2495 posset
952 2446 998 2456 —
1013 2407 1177 2475 discimus
1189 2430 1229 2474 ex
1242 2430 1273 2474 v.
1286 2413 1327 2474 23
1341 2418 1415 2473 erat
1426 2417 1541 2472 autem
1553 2415 1586 2470 et
1597 2404 1742 2470 loannes
1753 2401 1837 2490 bap-
1937 2450 1939 2454 Α

509 2512 620 2579 tizons
640 2512 677 2578 in
698 2514 842 2580 Aaronom
861 2513 961 2580 iuxta
976 2511 1107 2601 Salim,
1126 2514 1211 2605 quio
1229 2536 1343 2604 oquae
1362 2512 1491 2579 multoe
1509 2521 1608 2579 erant
1627 2507 1717 2593 illic,
1734 2519 1766 2574 et
1779 2529 1836 2575 ve·
1902 2523 1905 2529 '
1953 2496 1988 2563 ἶ·

508 2619 648 2686 aiebant
661 2631 693 2686 et
708 2618 976 2710 baptizabantur
979 2641 996 2707 ‚·
1003 2620 1065 2688 sed
1078 2643 1141 2688 cur
1150 2620 1330 2689 continuat
1338 2618 1488 2709 baptista
1497 2640 1558 2686 suo
1569 2616 1668 2704 iungi
1681 2635 1834 2693 munere,
1946 2656 1951 2667 ·
1977 2636 1982 2645 ·

394 2771 401 2779 -
509 2727 664 2815 quamvis
681 2730 773 2795 lesus
786 2728 855 2794 iam
872 2728 1058 2817 incepisset
1074 2729 1182 2796 vitam
1202 2727 1401 2818 publicam?
1414 2727 1527 2793 llissus
1544 2728 1617 2790 crat
1631 2728 1670 2791 ut
1682 2720 1837 2811 baptiza·

509 2838 560 2898 ret
579 2835 615 2899 in
633 2855 723 2923 aqua
738 2834 843 2923 (1‚33)
865 2840 899 2900 et
918 2840 957 2901 ut
982 2835 1115 2903 Christo
1137 2835 1309 2925 populum
1323 2837 1483 2924 pararet;
1506 2830 1597 2899 unde
1622 2829 1710 2896 sicut
1727 2829 1838 2896 iussus

509 2945 581 3004 erat
604 2960 626 3004 a
646 2944 712 3005 Deo
731 2940 851 3026 egredi
872 2963 890 3007 e
912 2941 1101 3010 solitudine
1122 2946 1156 3009 et
1175 2941 1333 3009 officium
1350 2961 1451 3008 suum
1465 2937 1655 3026 suscipere,
1667 2935 1718 3002 ita
1733 2933 1778 3002 ab
1792 2955 1837 3001 eo
1958 2927 1962 2934 ’

509 3047 630 3110 merito
641 3066 709 3111 non
723 3044 863 3127 desistit,
881 3047 990 3113 donec
1003 3069 1094 3114 novo
1109 3050 1169 3115 llei
1183 3048 1344 3114 mandato
1359 3047 1412 3113 vel
1427 3045 1543 3134 aliquo
1561 3048 1634 3110 lesu
1647 3047 1734 3110 nutu
1746 3040 1778 3108 ci
1792 3039 1838 3108 si·
1959 3094 1974 3119 ᾗ
1985 3092 2015 3145 ¹³.
2054 3112 2058 3140 4

509 3150 693 3238 gnificetur
706 3174 784 3219 suas
805 3158 921 3241 partes
937 3153 1008 3220 iam
1035 3176 1106 3221 csse
1129 3161 1236 3222 actas.
1261 3153 1378 3221 llerito
1395 3154 1511 3241 itaque
1530 3149 1645 3240 pergit
1657 3149 1768 3216 donec
1783 3145 1839 3214 di-

510 3258 590 3324 vina
605 3258 782 3348 dispositio
793 3259 861 3326 alia
875 3261 906 3326 ei
925 3260 1132 3342 innotescat;
1151 3283 1232 3327 nam
1250 3259 1343 3350 quod
1353 3282 1415 3326 suo
1428 3257 1572 3326 arbitrio
1584 3278 1654 3324 non
1666 3255 1837 3343 suscepit,

510 3387 573 3432 suo
588 3365 731 3432 arbitrio
745 3387 816 3432 non
834 3371 969 3455 poterat
989 3366 1242 3457 derelinquere.
1260 3366 1349 3434 lliles
1369 3365 1499 3456 quippe
1518 3386 1589 3432 non
1606 3367 1716 3453 potest
1729 3360 1842 3428 disce·
1978 3342 2016 3369 r
2051 3350 2058 3397 ⁸

511 3471 590 3538 dere
608 3472 800 3554 astatione,
817 3471 929 3540 donec
942 3479 1117 3541 avocetur.
1135 3479 1204 3541 llor
1219 3474 1250 3541 ei
1265 3471 1478 3540 indicabitur
1495 3469 1558 3538 iste
1575 3493 1597 3538 a
1610 3469 1755 3537 statione
1768 3465 1839 3534 dis·
1946 3508 1949 3512 >
1968 3504 2012 3575 3³3,
2051 3489 2058 3559 ᾗ

510 3600 635 3657 cessus,
653 3601 731 3645 cum
761 3583 827 3647 lleo
849 3579 1068 3669 permittente
1089 3603 1224 3648 carcere
1251 3581 1295 3647 ab
1318 3578 1449 3646 llerode
1474 3577 1681 3644 includetur.
1704 3579 1840 3642 lnterea
1948 3619 1968 3625 -‹
2048 3575 2058 3659 1}

512 3684 661 3773 baptizat
671 3686 706 3750 in
720 3690 874 3765 aennon,
888 3688 985 3753 Αἰνών
1007 3700 1055 3777 pst
1075 3687 1168 3765 lons;
1186 3686 1729 3781 13²3(cl.Num.1,15;2,29;7,78
1743 3679 1837 3768 aab

512 3799 637 3889 plurali
660 3822 769 3866 aram.
792 3814 869 3895 pepp
888 3801 1015 3882 lentes,
1031 3801 1127 3869 iuxta
1145 3803 1251 3869 Salim
1269 3832 1284 3863 a
1299 3800 1465 3891 oppidum
1482 3799 1576 3867 iuxta
1590 3794 1836 3886 Scyth0p01im2

511 3915 603 4005 quod
616 3937 722 4004 usque
736 3914 838 3984 hodie
850 3921 989 3985 vocatur
999 3919 1110 3984 Salem
1130 3946 1146 3978 n
1159 3917 1270 4006 (Hier.
1283 3938 1337 4005 ep.
1351 3914 1397 3983 ad
1411 3921 1539 4002 Evang.
1552 3920 1611 3996 '133
1629 3914 1678 3979 Μ.
1692 3917 1833 3994 22,680,

511 4041 614 4108 aquo
631 4020 744 4087 Salem
764 4043 882 4108 regem
897 4023 1122 4091 llelcbisedec
1139 4023 1241 4091 fuisse
1260 4022 1361 4104 dicit,
1382 4022 1433 4089 uti
1450 4021 1553 4088 etiam
1574 4018 1719 4107 Pham).
1742 4015 1838 4096 Quod
1927 4063 1933 4130 -Ι

512 4127 672 4194 Eusebius
686 4132 720 4194 et
734 4128 958 4216 Hieronymus
972 4130 1009 4197 in
1028 4133 1148 4197 Onom.
1166 4130 1303 4210 dicunt,
1326 4129 1431 4195 etiam
1451 4127 1575 4216 repetit
1589 4124 1683 4193 Beda
1701 4144 1714 4188 .·
1729 4128 1841 4190 osten·
1874 4209 1877 4213 ,
1980 4124 2021 4233 23⁴

512 4234 604 4300 ditur
614 4256 705 4301 nuno
720 4257 827 4324 usque
842 4236 936 4303 locus
950 4238 987 4304 in
998 4243 1118 4305 octavo
1138 4235 1253 4325 lapide
1266 4234 1510 4325 Scythopoleos
1522 4233 1568 4300 ad
1582 4230 1778 4312 meridiem;
1792 4228 1836 4296 si·

512 4341 638 4407 militer
654 4340 763 4410 brata.
782 4340 885 4431 Scdq.
901 4343 1000 4411 Solia.
1020 4345 1067 4431 (in
1084 4342 1225 4430 ragione
1237 4341 1330 4409 inter
1344 4340 1471 4408 lezrecl
1490 4348 1523 4407 et
1535 4337 1771 4428 Scythopolin;
1788 4335 1833 4403 ci.

513 4448 626 4515 Iudith
638 4452 694 4525 tp
710 4469 850 4534 graece;
865 4447 907 4515 de
925 4450 1098 4540 Loqarde,
1115 4435 1237 4516 Onom.
1249 4455 1352 4529 9932
1365 4453 1400 4515 et
1412 4448 1564 4535 law).
1579 4444 1842 4536 Appropinqua-

513 4557 559 4620 vit
582 4556 697 4644 itaque
720 4555 867 4645 baptista
891 4554 1015 4622 ditioni
1039 4556 1197 4635 Herodis,
1218 4558 1278 4644 qui
1310 4578 1389 4622 mox
1413 4554 1594 4621 molestum
1613 4549 1836 4619 censoramin

513 4681 683 4728 carcerem
699 4662 868 4730 coniiciet.
880 4661 946 4730 Alii
961 4662 1068 4729 Salim
1082 4670 1115 4732 et
1130 4670 1272 4730 bennon
1285 4667 1456 4751 quaerunt
1467 4660 1502 4726 in
1519 4656 1735 4726 meridionali
1745 4663 1839 4746 parte

514 4769 663 4853 regionis
684 4767 856 4850 iudaicae,
875 4770 933 4836 ubi
956 4773 1017 4835 los.
1038 4773 1139 4849 1532
1157 4769 1262 4836 Selim
1284 4776 1318 4836 et
1338 4774 1409 4834 :ten
1428 4767 1666 4844 dominantum
1683 4763 1719 4830 id
1740 4762 1831 4854 quod

2007 5114 2030 5123 ..

1985 5140 1995 5169 ,Δ
2011 5140 2047 5181 ’.111

1956 5212 1960 5221 .
1984 5204 1991 5234 ;

1963 5262 1967 5267 .

1557 5281 1920 5393 flam*
1982 5320 1994 5335 ⁶

1217 5384 1221 5391 .
1243 5385 1256 5395 ,,
1309 5374 1348 5392 ’ἦ
1359 5386 1396 5401 ιιι,
1448 5401 1538 5420 q..¹'·*·
