4050 5648
1012 373 1121 404 ’5.’Ὓτ

1046 406 1187 434 .,,Ι,

885 508 967 556 nar.
991 479 1145 569 maiar.

348 647 443 715 cuius
462 650 640 718 scientiam
663 640 795 732 iactatis
810 651 843 709 et
862 668 967 735 quam
981 640 1094 713 tamen
1114 628 1300 731 ignoratiS,
1319 635 1368 710 uti
1388 670 1481 717 nunc
1500 642 1676 715 ostenditis

350 755 406 843 (of,
426 757 568 836 Maluit,
586 749 671 840 quia
694 771 755 837 eqo
779 748 882 820 diei:
902 753 956 820 dii
978 751 1077 830 estis,
1095 749 1243 833 elohim,
1266 755 1316 818 Ps.
1335 757 1428 835 81,o‚
1450 756 1484 821 in
1508 775 1576 845 quo
1591 755 1677 818 Deus

347 863 492 931 iniustos
508 857 640 926 iudices
651 854 836 946 alloquitur
853 866 887 925 et
904 861 1076 947 increpat;
1093 855 1148 923 lex
1162 859 1279 948 itaque
1295 857 1399 924 etiam
1414 860 1481 928 hoc
1498 860 1575 926 loco
1591 855 1677 925 diei-

349 978 405 1055 tur
416 969 459 1036 de
472 964 663 1050 Scriptura,
681 964 731 1030 uti
744 972 840 1048 7,t9;
861 971 976 1044 12,3t;
1000 967 1112 1045 1525,
1130 986 1235 1053 quem
1249 965 1412 1053 loquendi
1427 988 1560 1034 morem
1575 965 1678 1032 etiam
1745 992 1749 1001 ¹

348 1074 442 1164 apud
455 1067 620 1136 rabbinos
638 1069 928 1161 deprehendimus
948 1069 1006 1156 (cl.
1031 1070 1196 1161 Comely,
1212 1069 1339 1138 lntrod.
1361 1074 1385 1137 l.
1402 1072 1489 1138 aed.
1515 1095 1550 1138 n.
1572 1071 1677 1161 153).

394 1185 464 1243 lam
476 1175 513 1241 su
528 1178 829 1264 argumentatioex
840 1181 932 1241 textu
948 1197 978 1240 v.
998 1182 1039 1242 35
1054 1174 1086 1240 si
1098 1175 1176 1245 illos
1191 1177 1284 1245 dixit
1298 1175 1399 1258 deos,
1414 1177 1559 1267 adquae
1571 1199 1679 1245 sermo

260 1341 264 1348 .
350 1283 412 1352 Dei
424 1282 541 1371 sactus
555 1296 621 1368 est,
640 1285 714 1350 scil.
730 1303 808 1350 cum
824 1280 953 1347 iudices
970 1282 1243 1368 instituerentur,
1264 1285 1318 1351 vel
1334 1283 1379 1352 ad
1395 1305 1482 1374 quos
1495 1283 1533 1348 in
1548 1278 1680 1351 Psalmo

349 1390 410 1458 illa
433 1390 471 1455 fit
495 1390 659 1458 allocutio
678 1388 737 1456 Dei
755 1411 762 1455 :
781 1408 845 1474 ego
860 1386 928 1453 dixi
945 1409 953 1455 ε
971 1387 1020 1454 dii
1045 1388 1124 1456 estis
1140 1397 1176 1458 et
1189 1390 1253 1457 filii
1268 1390 1391 1458 excelsi
1409 1409 1543 1471 omnes,
1561 1401 1594 1454 et
1613 1411 1700 1456 non·

194 1474 227 1591 ’ ι
272 1566 274 1570 ,
346 1510 456 1588 potest
470 1497 558 1565 solui
572 1496 771 1585 Scriptura,
793 1493 891 1560 irrita
910 1494 984 1561 fieri
999 1501 1032 1588 et
1046 1495 1148 1580 falsa,
1165 1507 1310 1583 λυθῆναι,
1327 1500 1391 1566 irari
1405 1513 1456 1566 τοῦ
1471 1511 1591 1578 πεσεῐν;
1608 1497 1680 1563 ἀθε-

348 1615 472 1689 τηθῆναι
488 1602 633 1694 (Barth),
649 1599 821 1681 excidere,
843 1599 955 1683 reiici,
977 1600 1126 1683 aboleri,
1142 1626 1175 1669 v.
1194 1609 1236 1670 36
1253 1626 1355 1694 quem
1370 1606 1476 1670 Pater
1488 1600 1682 1690 sanctifica-

349 1711 399 1778 vit
422 1724 454 1778 et
478 1709 572 1776 misit
595 1708 634 1774 in
657 1706 839 1791 muudum,
861 1729 917 1774 uos
939 1707 1054 1775 dicitis
1074 1729 1086 1773 .·
1106 1709 1192 1799 quia
1212 1707 1445 1800 blasphemae,
1470 1709 1556 1799 quia
1579 1706 1682 1775 dixi:

348 1816 463 1884 Filius
486 1815 550 1883 Dei
567 1815 669 1881 sum?
691 1813 728 1880 in
750 1815 881 1881 Psalmo
906 1815 1012 1881 verba
1034 1813 1095 1882 illa
1113 1814 1314 1902 diriguntur
1328 1815 1372 1894 ad
1391 1814 1522 1881 iudices
1541 1813 1680 1904 impios,

190 1901 208 1935 '⁶'
299 1986 302 1991 .
349 1925 504 2002 iniustos,
523 1920 649 2011 quibus
662 1920 714 1986 ira
730 1920 787 1987 Dei
800 1926 834 1986 et
848 1942 960 2010 poena
973 1921 1333 2012 denuntiatur3quare
1349 1923 1414 1989 hoc
1430 1921 1507 1988 loco
1521 1925 1613 1988 lesus
1626 1942 1681 1987 ar-

259 2073 263 2083 ·
350 2034 554 2118 gementum
570 2027 726 2094 aminori
740 2025 785 2092 ad
801 2028 911 2093 maius
925 2027 1018 2094 clare
1033 2029 1141 2111 effert,
1159 2027 1244 2095 dum
1260 2050 1295 2094 se
1312 2027 1477 2095 describit
1490 2025 1682 2094 sanctifica-

261 2161 263 2165 ·
321 2180 323 2183 ψ
351 2142 424 2203 tum
440 2158 461 2203 a
475 2139 617 2201 Patreet
636 2132 774 2200 missum
794 2133 831 2200 in
851 2133 1031 2201 mundum.
1055 2138 1161 2212 Quam
1188 2134 1385 2223 longissime
1407 2134 1526 2224 itaque
1545 2132 1685 2200 distma

352 2242 523 2310 iudicibus
538 2239 688 2308 iniustis!
707 2239 825 2307 ludaei
840 2239 928 2306 illud
942 2241 1159 2330 sanctificare
1173 2263 1214 2308 ex
1234 2262 1296 2307 usu
1316 2241 1514 2330 scripturae
1527 2243 1685 2330 poterant

351 2347 545 2434 intelligere
564 2369 572 2412 :
589 2366 788 2413 consecrare
799 2346 844 2412 ad
858 2368 982 2414 munus
992 2347 1084 2437 quod
1096 2348 1163 2414 sibi
1176 2347 1343 2415 adscribit
1356 2347 1556 2415 obeundum
1568 2371 1575 2429 ;
1589 2366 1682 2427 nam,

353 2461 391 2522 ut
413 2453 557 2544 Theoph.
581 2452 682 2533 dicit,
706 2457 756 2520 est
775 2457 920 2541 ἀφερίζειν
946 2478 952 2520 :
974 2462 1131 2523 sanctum
1157 2454 1248 2521 enim
1270 2454 1407 2534 dicitur,
1430 2453 1525 2544 quod
1546 2458 1613 2521 Deo
1632 2474 1685 2519 se·

353 2568 538 2649 gregatum
562 2566 628 2642 est,
652 2565 702 2627 est
721 2558 918 2647 designare,
943 2560 1116 2629 destinare
1139 2562 1185 2629 ad
1208 2561 1351 2651 aliquod
1370 2560 1525 2628 officium
1544 2556 1683 2649 (Male.)

354 2690 416 2758 pro
437 2672 504 2735 [leo
519 2673 553 2734 et
569 2666 731 2733 mandato
744 2667 801 2733 [lei
818 2667 1018 2734 obeundum
1034 2668 1090 2758 (cl.
1108 2673 1148 2736 ls.
1166 2669 1272 2756 13,3).
1286 2668 1352 2735 Alii
1366 2668 1501 2734 malunt
1514 2665 1686 2757 explicare

354 2796 395 2841 eo
410 2795 509 2840 sensu
525 2795 594 2862 quo
614 2771 731 2840 ludaei
745 2795 863 2839 vocem
886 2796 955 2840 non
979 2774 1223 2841 intellexerunt
1244 2794 1251 2840 :
1270 2775 1440 2842 Christum
1456 2779 1494 2840 ut
1509 2771 1686 2839 hominem

353 2886 489 2948 aPatre
508 2878 757 2947 sanctificatum
780 2901 842 2969 per
866 2879 1081 2948 divinitatem
1105 2881 1239 2949 unitam
1258 2879 1467 2946 humanitati
1486 2880 1524 2946 in
1539 2900 1687 2969 persona
1780 2911 1782 2914 >

354 2987 445 3069 Filii,
463 2991 538 3069 aut,
564 2990 601 3053 ut
627 2989 715 3076 Auq.
738 2986 860 3068 habet,
880 3015 895 3047 ι(
915 2988 962 3053 sie
977 2987 1201 3055 sanctificavit
1215 3009 1294 3054 eum
1309 2991 1419 3068 Pater,
1437 2985 1614 3076 quomodo
1628 3007 1689 3073 ge·

353 3094 448 3176 nuit,
466 3100 503 3158 ut
517 3092 607 3160 enim
623 3099 760 3160 sanctus
774 3101 875 3173 esset,
893 3094 1070 3181 gignendo
1094 3093 1126 3161 ei
1144 3092 1240 3161 dedit
1263 3093 1371 3176 »,cui
1393 3091 1598 3183 expositioni
1614 3094 1685 3159 Tol.

355 3201 523 3268 consentit
541 3205 574 3265 et
600 3200 694 3265 lans.
714 3221 869 3289 quoque,
891 3202 972 3289 quia
997 3202 1148 3268 Christus
1169 3199 1284 3268 dicere
1305 3201 1464 3269 videatur
1485 3221 1520 3265 se
1540 3220 1615 3265 esse
1635 3198 1688 3264 n·-

356 3307 441 3373 lium
462 3307 534 3388 Dei,
560 3305 643 3395 quia
665 3311 764 3372 Pater
787 3309 899 3396 ipsum
918 3307 1171 3375 sanctificasset.
1198 3305 1326 3373 Deinde
1344 3307 1462 3374 dicens
1481 3317 1514 3371 et
1537 3304 1632 3372 misit
1651 3303 1689 3371 ia

356 3411 540 3494 mundum,
555 3411 686 3479 indicat
699 3433 734 3478 se
751 3412 852 3479 luisse
866 3421 1052 3503 antequam
1068 3413 1262 3481 mitteretur
1276 3421 1311 3480 et
1326 3412 1428 3480 luisse
1443 3410 1538 3501 apud
1553 3417 1687 3479 Patrem

356 3540 457 3608 aquo
469 3518 589 3585 missus
604 3525 693 3584 esset
709 3519 813 3606 (Iam.
824 3519 848 3605 ).
865 3523 947 3586 Cum
961 3520 1004 3586 de
1019 3525 1116 3586 Patre
1126 3519 1261 3587 locutus
1275 3519 1329 3602 sit,
1348 3540 1439 3585 nunc
1453 3517 1557 3586 dicit:
1576 3517 1688 3584 Filius

357 3627 422 3693 Dei
434 3648 511 3691 sum
526 3626 591 3692 hac
606 3624 740 3691 ratione
759 3624 861 3690 simul
874 3625 1051 3692 declarans
1067 3625 1154 3692 illud
1173 3648 1213 3692 ex
1227 3648 1295 3715 quo
1310 3625 1395 3692 haec
1411 3625 1597 3714 disputatio
1615 3629 1689 3691 orta

358 3738 407 3800 est
428 3755 435 3800 :
459 3754 525 3818 ego
537 3738 572 3798 et
591 3736 694 3798 Pater
709 3753 815 3797 unum
830 3753 962 3811 sumus;
978 3732 1062 3800 illud
1078 3753 1186 3798 unum
1201 3755 1319 3799 sumus
1333 3731 1416 3797 dicit
1430 3732 1548 3821 itaque
1563 3752 1571 3798 :
1589 3736 1689 3797 Pater

358 3844 409 3906 est
423 3844 509 3905 Deus
522 3845 556 3904 et
571 3858 636 3924 ego
649 3837 752 3905 Filius
767 3837 822 3904 [lei
839 3839 928 3905 Patri
944 3840 980 3905 in
1002 3845 1123 3907 natura
1141 3838 1313 3929 aequalis,
1332 3859 1440 3905 unum
1455 3843 1595 3920 natura,
1614 3858 1689 3925 per-

357 3966 444 4012 sona
455 3944 627 4011 distincta.
646 3944 729 4021 Quia
742 3943 859 4034 itaque
872 3945 1022 4011 Christus
1036 3945 1247 4012 locutionem
1264 3945 1412 4035 priorem
1431 3965 1438 4012 :
1457 3965 1523 4031 ego
1540 3949 1574 4011 et
1588 3947 1689 4010 Pater

360 4073 468 4119 unum
482 4072 615 4132 sumna,
632 4072 723 4118 nunc
736 4053 784 4118 ita
798 4052 919 4141 repetit
942 4051 1126 4141 :quiadixi
1144 4072 1151 4118 :
1169 4051 1272 4118 Filius
1291 4052 1347 4118 Dei
1358 4073 1450 4134 sum,
1469 4050 1605 4117 videtur
1617 4070 1689 4115 om·
1751 4140 1754 4146 ⁴

361 4158 442 4225 nino
466 4156 663 4224 confirmari
685 4158 849 4247 expositio
869 4181 978 4225 urtam
1003 4160 1114 4248 primo
1133 4164 1167 4226 et
1188 4180 1251 4249 per
1274 4181 1309 4225 se
1325 4158 1446 4224 reterri
1463 4158 1508 4225 ad
1522 4158 1688 4223 unitatem

360 4272 520 4348 naturae,
537 4286 607 4330 non
621 4263 734 4353 primo
748 4270 782 4331 et
793 4288 855 4354 per
873 4289 908 4335 se
922 4266 965 4334 ad
980 4266 1087 4333 solam
1101 4264 1276 4356 potentiae
1291 4265 1469 4333 unitatem.

405 4378 531 4439 lterum
554 4369 698 4437 ludaeos
723 4370 867 4439 remittit
889 4373 933 4440 ad
959 4395 1064 4465 opera
1088 4372 1215 4461 quibus
1238 4370 1352 4438 verbis
1366 4371 1435 4437 suis
1449 4392 1578 4461 suoque
1598 4369 1640 4435 de
1654 4390 1689 4435 se

359 4479 553 4546 testimonio
569 4475 718 4544 maxima
732 4479 863 4545 accedit
886 4481 936 4547 vis
955 4482 1000 4548 ad
1021 4478 1309 4570 persuadendum.
1328 4477 1423 4555 Quod
1440 4483 1476 4543 ut
1491 4476 1579 4543 serio
1593 4497 1688 4543 reco-

361 4586 470 4673 gitent
486 4606 674 4674 secumque
690 4584 909 4668 meditentur,
919 4589 1088 4654 sententia
1103 4585 1253 4675 duplice,
1271 4589 1420 4673 negante
1435 4583 1686 4663 etallirmante,

361 4693 477 4781 itaque
506 4713 635 4779 magna
653 4690 808 4780 emphasi
827 4700 945 4760 monet
968 4718 1000 4761 v.
1026 4699 1068 4760 37
1087 4692 1117 4758 si
1133 4715 1203 4760 nou
1226 4693 1323 4780 sacia
1348 4712 1452 4779 opera
1471 4688 1588 4755 Patris
1602 4690 1685 4773 mei,

361 4819 467 4889 opera
480 4799 535 4865 Dei
550 4799 610 4865 illa
632 4798 795 4864 dicuntur
807 4821 894 4888 quae
909 4801 1041 4868 viribus
1058 4799 1220 4867 humanis
1233 4805 1293 4866 aut
1305 4796 1519 4864 naturalibus
1534 4796 1609 4863 fieri
1629 4817 1688 4862 ne-

361 4919 507 4997 queunt,
523 4906 630 4973 nolite
647 4903 778 4972 eredere
792 4905 889 4987 racilii,
912 4930 941 4975 v.
956 4915 998 4975 38
1009 4907 1039 4974 si
1050 4918 1165 4973 autem
1178 4906 1293 4996 facie,
1309 4918 1341 4971 et
1351 4904 1382 4970 si
1398 4902 1485 4969 neila·
1499 4927 1570 4970 non
1585 4901 1688 4969 vetitis
