4050 5648
309 695 347 749 ot
360 685 614 774 sanctificarent
628 679 769 767 seipsos,
788 691 821 751 ἐκ
844 703 899 769 τῆς
914 687 1016 772 χώρας
1034 679 1071 746 in
1090 679 1306 771 oppositione
1325 681 1370 747 ad
1387 685 1508 751 urbem
1527 686 1631 770 caput

209 855 212 860 .
308 797 429 860 terrae.
444 795 566 865 Nemo,
589 783 654 852 nisi
668 784 826 875 legitime
841 790 1006 868 mundus,
1023 787 1151 876 pascha
1162 787 1338 856 celebrare
1353 795 1487 876 poterat
1502 787 1560 880 (cf.
1576 787 1631 853 lo-

305 899 445 989 septus,
464 890 548 958 Bell.
565 891 639 958 iud.
657 900 750 979 6,9,3
764 905 799 964 et
813 919 900 986 quae
915 892 1030 962 notavi
1041 892 1079 959 in
1092 897 1283 963 comment.
1301 894 1416 961 llatth.
1435 901 1461 962 ll
1475 920 1511 987 p.
1531 894 1628 985 t09);

305 1005 359 1070 illi
377 1021 460 1086 ergo
478 997 601 1066 ritibus
621 1000 656 1067 in
678 1003 753 1089 lege
770 1001 987 1091 praescriptis
1008 1005 1043 1066 et
1061 1003 1149 1069 votis
1170 1009 1291 1092 sponte
1311 1003 1473 1088 susceptis
1495 1002 1540 1071 ad
1562 1002 1630 1071 fes-

307 1119 379 1174 tum
400 1127 436 1172 se
459 1106 644 1195 parabant3
668 1109 806 1197 insuper
830 1130 890 1175 eae
914 1107 1068 1174 maculae
1089 1108 1135 1175 ad
1153 1130 1239 1198 quas
1260 1106 1496 1176 emundandas
1513 1109 1629 1200 requi-

304 1212 446 1279 rebatur
457 1212 585 1282 oblatio
603 1213 865 1295 sacrificiorum,
889 1213 1000 1279 solum
1019 1211 1055 1280 in
1071 1214 1156 1282 urbe
1175 1215 1305 1303 expiari
1318 1218 1479 1305 poterant
1492 1214 1626 1304 (Corl.).

304 1323 349 1385 De
361 1319 528 1387 eiusmodi
540 1318 585 1388 ad
597 1320 721 1386 festum
740 1317 1004 1385 sanctificatione
1016 1319 1094 1388 vide
1112 1324 1213 1387 Num.
1231 1326 1323 1402 9,10.
1339 1314 1449 1388 2Par.'
1468 1325 1584 1404 30‚1·t.

347 1427 479 1494 Turbae
493 1426 578 1494 istae
590 1445 679 1513 quac
694 1422 738 1490 ad
752 1423 875 1490 festum
887 1424 924 1491 in
937 1424 1059 1494 urbem
1073 1424 1299 1495 ascenderent
1312 1450 1343 1493 v.
1363 1433 1404 1494 56
1422 1429 1630 1517 quaerebant

303 1555 384 1623 erqo
397 1534 509 1600 lesum
521 1543 553 1598 et
567 1528 848 1618 colloquebantur
868 1530 916 1598 od
930 1532 1092 1619 inuicem,
1111 1533 1149 1599 in
1168 1530 1294 1622 templo
1309 1545 1438 1601 stantes
1452 1543 1483 1603 ἐν
1502 1544 1544 1624 τῷ
1559 1543 1629 1622 ἱερῷ

303 1638 328 1705 i.
345 1662 375 1707 e.
398 1642 435 1706 in
448 1639 559 1718 atriis,
579 1635 785 1726 porticibus3
801 1658 930 1724 magna
943 1637 1062 1729 populi
1077 1640 1286 1728 exspectatio
1301 1638 1525 1722 describitur;
1543 1639 1632 1731 quid

298 1746 453 1836 putatis?
467 1743 550 1834 quio
564 1764 633 1809 non
653 1742 746 1810 venit
759 1743 808 1809 ad
820 1742 912 1811 diem
921 1746 1075 1834 festum?
1093 1745 1270 1826 dubitant,
1291 1745 1522 1832 interrogant,
1542 1768 1628 1814 num

300 1858 463 1919 venturus
483 1848 526 1916 sit
547 1848 703 1936 (Moto),
727 1850 776 1917 uti
797 1849 952 1918 homines
971 1851 1014 1918 de
1038 1873 1075 1919 re
1093 1851 1225 1919 incerta
1246 1853 1366 1942 quaeri
1385 1853 1495 1920 solent
1518 1852 1629 1943 :quid

191 2008 193 2012 .
300 1957 395 2024 vobis
408 1956 563 2023 videtur?
587 1956 758 2045 putatisne
773 1978 853 2023 eum
872 1962 964 2024 certe
984 1979 1053 2024 non
1075 1959 1281 2025 venturum?
1304 1958 1393 2026 duae
1416 1980 1500 2046 ergo
1522 1981 1627 2050 quae-
1734 1950 1737 1954 ⁴

299 2064 427 2132 stiones
442 2061 708 2150 distinguendae
720 2071 809 2130 sunt.
824 2067 909 2131 Nam
921 2071 1091 2153 quaerunt
1104 2069 1184 2131 ante
1199 2065 1333 2147 testum,
1347 2065 1502 2132 nondum
1517 2065 1630 2133 sciunt

300 2173 388 2239 sitne
407 2176 571 2237 venturus
584 2187 708 2246 necne;
727 2168 872 2259 proinde
886 2190 957 2236 non
974 2176 1116 2260 possunt
1130 2169 1246 2237 dicere
1263 2170 1369 2260 :quid
1390 2171 1517 2262 putatis
1530 2170 1574 2239 de
1586 2192 1628 2239 eo

298 2277 381 2368 quia
397 2299 466 2344 non
481 2277 615 2344 veniet?
634 2280 705 2353 Qua
728 2280 841 2343 mente
856 2275 989 2343 solliciti
1009 2284 1088 2343 sunt
1107 2275 1151 2344 de
1170 2278 1266 2344 lesul
1287 2299 1344 2345 eos
1358 2299 1523 2367 quaerere
1546 2277 1629 2346 insi-

299 2384 412 2466 diosc,
436 2383 543 2463 male,
571 2380 648 2450 Chr.
670 2381 776 2450 uuit.
794 2386 885 2473 Auq.
907 2386 994 2471 Rup.
1014 2383 1129 2451 Ttom.
1151 2386 1238 2450 Bon.
1261 2382 1370 2451 Moto.
1387 2387 1472 2475 Lop.
1489 2389 1625 2475 putent.

300 2495 366 2558 Hoc
385 2491 505 2579 utique
525 2489 787 2579 supponendum
803 2495 903 2572 esset,
920 2489 950 2556 si
968 2489 1155 2579 pharisaei,
1172 2492 1380 2574 sacerdotes,
1397 2492 1513 2559 ludaei
1533 2491 1628 2560 dice-

299 2602 417 2663 rentur
430 2618 596 2685 quaerere
617 2601 738 2662 lesum.
761 2601 803 2662 st
822 2618 861 2662 ex
884 2600 1041 2663 contexta
1053 2597 1206 2663 oratione
1223 2619 1336 2664 sermo
1355 2604 1406 2664 est
1418 2597 1462 2664 de
1480 2597 1548 2665 illis
1566 2597 1627 2688 qui

298 2726 338 2770 ex
359 2702 500 2788 regione
515 2702 742 2781 advenerant3
763 2723 871 2790 quare
896 2724 975 2769 cum
998 2701 1121 2769 Tteod.
1140 2705 1189 2771 Μ.
1215 2702 1456 2794 explicandum
1472 2711 1522 2771 est
1542 2705 1625 2793 :qui

230 2828 236 2859 ’-
299 2815 519 2898 οἱὰγνιζὸμενοι
529 2808 573 2875 ad
583 2808 752 2897 templum
765 2808 1099 2876 confluxerantinter
1108 2831 1182 2876 sese
1193 2809 1623 2891 conferebantdeChristo‚

298 2916 495 2986 dubitantes
518 2935 602 2982 num
628 2921 769 3004 propter
792 2914 868 2980 testi
891 2915 1118 2982 reverentiam
1147 2922 1312 2983 venturus
1337 2924 1438 2997 esset,
1469 2939 1515 2983 sn
1541 2940 1625 2985 vero

299 3023 527 3114 praesentiam
539 3041 637 3088 suam
649 3020 885 3088 subtracturus
894 3019 1035 3089 insidias
1044 3043 1261 3111 praecavens.
1274 3026 1378 3090 Erant
1390 3028 1505 3090 eutem
1520 3024 1626 3091 verba

298 3132 361 3198 ista
385 3151 464 3197 eum
496 3128 612 3195 videre
640 3126 925 3210 desiderantium
950 3134 1094 3218 propter
1121 3128 1289 3196 miracula
1315 3129 1465 3220 populus
1484 3130 1530 3197 ab
1549 3130 1626 3221 ipso

298 3237 397 3305 valde
423 3235 645 3325 dependebat
666 3234 838 3323 (similiter
861 3233 932 3301 Tot.
954 3237 1045 3301 loos.
1074 3235 1178 3325 Sclzq.
1204 3235 1305 3304 Soles.
1331 3235 1432 3325 F2·t.);
1458 3236 1626 3305 existimat

301 3347 378 3433 qu.
397 3342 529 3432 eosqui
546 3340 737 3408 credantin
757 3346 866 3408 lesum
889 3340 1042 3431 colloqui
1061 3364 1140 3409 cum
1154 3341 1364 3410 infidelibus.
1382 3348 1545 3410 Poterant
1560 3343 1625 3411 du-

299 3451 425 3531 bitare;
446 3469 528 3515 nam
547 3447 592 3514 ad
610 3446 739 3537 pascha
763 3447 845 3513 anni
865 3447 990 3536 prioris
1018 3469 1086 3514 non
1110 3454 1251 3517 venerat
1272 3453 1363 3515 lesus
1388 3450 1478 3539 (6,t;
1501 3450 1572 3539 7,1)
1592 3455 1627 3518 et

297 3559 382 3624 scire
394 3559 551 3646 poterant
563 3559 647 3642 quot
660 3552 793 3619 insidiis
806 3552 975 3642 expositus
986 3560 1073 3621 esset
1086 3560 1240 3645 tempore
1254 3556 1479 3644 scenopegiae
1494 3562 1527 3623 et
1540 3557 1626 3624 festo

298 3661 524 3730 dedicationis
539 3659 672 3750 templi.
695 3665 805 3749 Atque
820 3660 883 3725 hos
901 3681 969 3726 non
988 3660 1091 3727 luisse
1113 3660 1314 3745 malevolos,
1332 3660 1522 3729 ostenditur
1536 3685 1624 3753 quo-

298 3775 560 3860 que12‚1·2seq.
1039 3776 1042 3780 ’

342 3881 414 3942 lesu
429 3882 543 3941 autem
558 3873 744 3940 adversarii
758 3895 829 3963 qua
843 3872 974 3939 ratione
987 3895 1059 3941 sese
1074 3875 1257 3963 parented
1274 3875 1417 3958 festum,
1432 3875 1574 3943 additur
1587 3877 1625 3942 in

297 3982 509 4073 oppositione
531 3981 577 4048 ad
588 3980 756 4069 populum
773 3979 894 4046 scdulo
919 4001 959 4046 ac
983 3979 1039 4069 pie
1059 3978 1103 4046 de
1119 3985 1192 4047 lesu
1215 3988 1397 4068 rogantem
1424 4004 1432 4050 :
1460 3981 1624 4049 dederont

295 4101 410 4158 autem
436 4089 627 4166 δεδώκεισαν,
655 4108 733 4152 cum
751 4086 906 4175 emphasi
934 4088 1046 4175 primo
1072 4085 1147 4153 loco
1169 4088 1326 4175 ponitur3
1354 4089 1424 4154 iam
1459 4088 1624 4156 mandata

296 4195 421 4264 summi
430 4192 650 4280 magistratus
663 4191 744 4258 data
758 4199 873 4271 erant,
884 4191 1064 4282 pontifices
1073 4204 1106 4258 et
1116 4192 1296 4282 pharisoei
1309 4193 1526 4277 mandatum,
1543 4207 1582 4262 ut
1593 4195 1624 4261 si

297 4304 374 4393 quis
389 4301 581 4392 coqnooerit
600 4297 658 4365 ubi
681 4299 726 4364 sit
750 4297 889 4376 indicet,
911 4311 948 4364 ut
963 4299 1223 4388 apprehendant
1237 4320 1334 4383 ettm;
1350 4301 1397 4367 ita
1417 4302 1624 4371 mandarunt

295 4410 432 4477 decreto
452 4408 512 4475 illo
530 4431 565 4473 v.
589 4414 630 4475 53
647 4406 841 4472 constituto.
865 4404 930 4472 Sed
946 4412 1037 4473 certo
1052 4406 1089 4473 id
1109 4408 1318 4476 mandarunt
1332 4412 1461 4475 secreto
1484 4410 1525 4475 iis
1539 4431 1623 4498 quos

295 4517 505 4584 adversarios
528 4520 599 4581 lesu
622 4512 756 4601 sibique
778 4511 909 4579 deditos
931 4518 1069 4579 norunt.
1094 4518 1178 4580 Nam
1196 4514 1358 4583 volebant
1376 4537 1455 4581 eum
1475 4514 1556 4582 dolo
1577 4523 1624 4583 te

296 4646 392 4708 nere,
418 4646 461 4690 ne
483 4623 569 4688 forte
598 4620 763 4688 tumultus
783 4620 880 4685 ficret
901 4618 938 4683 in
958 4620 1085 4708 populo
1110 4619 1223 4708 (llarc.
1247 4621 1351 4710 1t‚e),
1377 4643 1489 4711 neque
1509 4623 1623 4710 ignari

294 4740 394 4796 erant
415 4753 454 4797 ex
472 4727 600 4818 populo
616 4728 740 4794 multos
755 4727 790 4791 in
810 4747 890 4792 eum
910 4724 1060 4793 credere.
1077 4731 1185 4804 Quare
1201 4728 1306 4795 etiam
1321 4749 1393 4794 non
1409 4728 1537 4796 audent
1552 4753 1622 4797 ma-

295 4859 358 4903 nus
371 4839 406 4902 in
421 4858 499 4904 eum
520 4834 676 4916 iniicere,
696 4834 755 4900 ubi
770 4834 843 4899 eius
858 4831 1024 4899 adventus
1039 4857 1078 4902 ac
1090 4835 1282 4924 praesentia
1296 4834 1366 4901 iam
1382 4836 1555 4906 neminem
1570 4838 1620 4904 la·

295 4949 366 5010 tcre
379 4945 491 5033 potuit
505 4943 561 5030 (cl.
588 4947 677 5021 ms.
701 4948 741 5009 18
755 4947 819 5008 etc.
836 4940 950 5006 llutth.
967 4944 1173 5029 tto-tum).
