4116 5648
277 632 370 702 tulus
386 659 465 706 :rex
474 637 678 704 ludaeorum
694 629 878 717 profertur.
895 632 1010 706 Gloria
1023 627 1139 695 eiusin
1150 629 1349 721 impletione
1364 632 1602 703 vaticiniorum

277 763 414 835 quoque
429 738 693 819 demonstratur,
708 739 791 805 etin
805 739 901 807 fideli
915 737 1098 806 mulierum
1111 736 1246 826 piarum
1256 743 1289 805 et
1303 737 1459 829 discipuli
1471 740 1517 809 ad
1528 761 1603 807 cru-

277 873 352 919 cem
359 843 553 942 praesentia
561 847 596 908 et
607 840 646 909 in
657 843 848 913 honorifica
856 841 1279 935 sepultura(18,1·19‚t2).
1293 843 1404 911 Gloria
1414 847 1604 915 eiusmani-

275 963 419 1042 festatur
431 952 573 1018 demum
586 950 710 1018 eximio
721 952 824 1018 modo
833 951 907 1017 cius
921 949 1182 1033 resurrectione,
1197 973 1300 1040 quam
1313 957 1477 1019 testantur
1490 954 1605 1045 scpul-

276 1083 374 1132 crum
385 1077 531 1124 vacuum
540 1106 551 1138 ,
568 1057 742 1149 apparitio
759 1058 850 1124 iacta
867 1055 989 1122 llariae
1003 1056 1221 1144 llagdaleuae
1241 1063 1276 1123 et
1296 1057 1527 1153 apparitiones
1539 1067 1607 1128 tres

276 1161 453 1253 discipulis
466 1161 595 1247 lactae;
613 1164 764 1251 gloriam
773 1181 868 1228 suam
883 1160 1078 1229 manifestat
1093 1163 1230 1230 mittens
1244 1161 1428 1255 discipulos
1436 1165 1523 1232 sicut
1533 1169 1606 1257 ipsc

275 1272 397 1340 missus
415 1268 459 1335 sit
479 1291 500 1336 a
521 1270 750 1358 Patrc'iisque
764 1270 967 1356 potestatem
980 1269 1157 1336 conferens
1176 1267 1374 1337 remittendi
1386 1276 1421 1338 et
1435 1271 1607 1339 retinendi

276 1381 418 1467 peccata
440 1381 475 1444 et
497 1381 595 1445 Petro
614 1374 831 1442 committeus
853 1396 971 1442 curam
988 1379 1021 1442 ct
1038 1374 1196 1461 regimen
1216 1396 1299 1442 suae
1317 1376 1483 1446 Ecclesiae
1498 1378 1608 1469 (iod-

277 1483 408 1573 aresi

537 1676 566 1731 1.
589 1669 676 1730 Iocus
695 1667 1349 1747 commmemopmeparatra,1-1r,ra
1394 1758 1397 1763 Ι
1474 1685 1478 1690 ’

321 1864 552 1955 llultipliciter
564 1863 603 1931 in
617 1863 684 1930 hac
696 1884 832 1953 quoque
850 1866 949 1952 parte
964 1883 1062 1930 suam
1072 1861 1268 1931 manifestat
1280 1862 1444 1951 gloriam
1459 1863 1610 1931 ostendit

278 1971 382 2040 modo
393 1972 496 2062 plane
510 1968 681 2056 singulari
691 1990 790 2037 suam
803 1967 842 2035 in
854 1967 1042 2059 discipulos
1056 1966 1285 2051 dilectionem,
1299 1991 1430 2050 curam,
1446 1969 1610 2038 sollicitu-

56 2028 108 2059 ί
153 2086 176 2120 ·'
278 2078 412 2162 dincm3
426 2077 606 2169 praeclara
619 2074 691 2143 edit
712 2074 917 2144 documenta
935 2096 1019 2160 suae
1038 2074 1244 2160 divinitatis,
1261 2075 1406 2166 loquens
1417 2076 1460 2143 de
1475 2077 1608 2143 ratione

278 2207 367 2276 quac
384 2183 452 2252 sibi
467 2181 659 2272 intercedat
674 2203 754 2249 oum
772 2184 870 2250 Patre
891 2187 927 2249 et
945 2181 1074 2273 Spiritu
1093 2189 1209 2249 sancto
1229 2187 1263 2249 et
1282 2182 1406 2250 docens
1420 2184 1457 2251 iu
1471 2183 1545 2250 sola
1558 2206 1609 2250 se-

277 2313 358 2360 cum
378 2293 506 2359 unione
527 2289 651 2357 intima
669 2289 812 2356 salutem
833 2287 969 2357 haberi.
991 2292 1132 2357 Domum
1152 2275 1344 2357 rationibus
1366 2289 1611 2357 efficacissimis

278 2396 464 2489 discipulos
485 2396 528 2465 de
550 2418 612 2464 suo
640 2393 789 2462 discessu
814 2394 1013 2464 consolatur
1031 2417 1227 2493 proponens
1245 2400 1279 2463 et
1298 2396 1500 2486 promittens
1518 2397 1610 2464 bona

278 2525 367 2593 quae
379 2526 419 2572 ex
434 2503 585 2572 discessu
606 2500 843 2570 redundatura
863 2500 946 2584 sint;
962 2502 1102 2592 insuper
1114 2501 1181 2569 illis
1197 2502 1304 2570 alium
1324 2504 1435 2571 mittet
1456 2503 1611 2593 Opitula-

279 2614 388 2678 torem
403 2610 464 2700 qui
477 2631 563 2701 opus
573 2631 677 2679 suum
689 2608 895 2677 messianum
909 2607 955 2676 ad
974 2609 1222 2700 perfectionem
1241 2610 1285 2677 sit
1295 2609 1517 2677 adducturus.

721 2861 749 2924 α)
770 2858 865 2912 Lotio
883 2859 1006 2924 pedum
1028 2860 1174 2927 rat-1⁷.

320 3041 477 3103 li,l.Ante
487 3039 561 3090 diem
571 3037 675 3090 testum
687 3037 820 3102 paschae,
836 3037 930 3088 solens
1009 3037 1079 3103 tal.
1110 3034 1161 3104 llpi
1193 3034 1219 3087 δὲ
1242 3038 1285 3100 τῆς
1322 3034 1407 3106 ἑορτῆς
1441 3040 1485 3088 τοῦ
1511 3038 1611 3109 πάσχα,

283 3130 364 3182 Iesus
387 3130 455 3194 qula
479 3129 559 3179 veuit
580 3127 653 3178 hora
675 3129 737 3178 elus
755 3130 786 3177 ut
804 3130 929 3178 transeat
971 3121 1074 3185 ιίδὼςδ
1095 3121 1190 3190 Ἰησοῦς
1207 3124 1246 3176 ὅτι
1265 3119 1340 3190 ἦλθεν
1359 3123 1434 3177 adroic
1460 3124 1474 3190 ἡ
1498 3127 1551 3194 ὥρα
1569 3126 1614 3177 ἵνα

282 3232 319 3272 ex
332 3217 503 3271 hosmundo
515 3216 552 3268 ad
566 3217 693 3278 Panem,
709 3229 796 3281 quum
812 3215 929 3267 dilexis·
972 3210 1067 3283 μεταθῇ
1086 3210 1113 3264 ίιι
1131 3218 1176 3264 τοῦ
1198 3213 1294 3283 κόσμον
1317 3215 1403 3266 τούτου
1423 3214 1482 3283 πρὸς
1499 3215 1542 3266 τὸν
1563 3234 1612 3266 πα-

280 3313 324 3360 set
347 3321 415 3360 suos
431 3309 482 3372 ‘qul
500 3309 582 3357 erant
603 3306 633 3355 ln
653 3303 773 3367 mundo,
793 3305 824 3354 ln
844 3302 929 3354 finem
971 3302 1043 3371 τίρα,
1074 3299 1204 3371 ἀγαπήσας
1231 3301 1287 3363 τοίνς
1321 3301 1396 3364 ἰδίους
1424 3304 1480 3364 τοὺς
1513 3304 1538 3356 ἐν
1576 3309 1613 3373 τῷ

282 3396 493 3450 dicmensi.
511 3395 546 3445 iit
560 3406 650 3446 coena
664 3393 752 3456 ίαοίιι,
765 3406 852 3458 quum
866 3392 930 3444 dla·
974 3390 1075 3461 ιιθσμῳ,
1097 3387 1130 3451 ιίς
1153 3389 1223 3451 τέλος
1246 3389 1372 3460 ἠγάπησεν
1399 3390 1494 3454 αὗτούς.
1522 3396 1546 3447 2.
1572 3392 1615 3444 καὶ

280 3486 363 3538 bolus
378 3488 435 3536 lam
448 3485 572 3542 misisset
586 3484 616 3533 ln
629 3495 678 3534 cor
688 3486 718 3533 ut
727 3482 851 3533 traderet
861 3494 929 3533 eum
971 3478 1071 3532 δείπνου
1102 3481 1247 3550 γινομένου,
1275 3483 1320 3532 τοῦ
1352 3480 1468 3534 διαδόλοο
1497 3480 1543 3547 ἤδη
1571 3483 1613 3546 βε-

282 3575 367 3627 ludas
383 3574 508 3626 Simonis
519 3573 692 3624 iscariotae:
706 3571 732 3621 3.
750 3570 849 3622 Sciens
861 3572 930 3635 quia
972 3566 1094 3635 δληιιθτος
1113 3566 1145 3630 είς
1170 3565 1216 3633 τὴν
1244 3569 1345 3640 καρδίαν
1369 3569 1413 3621 ἵνα
1436 3571 1547 3640 παραδοῖ
1572 3570 1613 3621 αδ-

283 3665 380 3716 omnia
393 3661 471 3713 dedlt
494 3661 521 3712 el
542 3660 673 3712 Peterin
687 3673 801 3722 manus,
817 3663 846 3710 et
863 3660 931 3724 qula
971 3657 1015 3710 tor
1039 3653 1134 3719 Ἰούδας
1161 3655 1273 3729 Σίμωνος
1298 3657 1468 3728 Ἰσκαριώτης,
1490 3664 1516 3714 3.
1543 3658 1614 3721 εἰδὼς

288 3748 696 3812 aDeoexivit,etadDeum
713 3747 842 3810 vadit,l.
860 3748 931 3800 Sur·
971 3746 1011 3798 ὅτι
1038 3745 1119 3799 πάντα
1151 3744 1241 3799 ίδοιιιιν
1268 3745 1335 3817 αδτῷ
1359 3746 1472 3817 δπαπὴρ
1505 3747 1538 3810 εἷς
1572 3748 1614 3810 τὰς

287 3843 364 3905 grta
382 3852 484 3900 coena,
503 3843 532 3890 et
545 3840 626 3903 ponit
639 3839 885 3900 vestimentum
902 3842 931 3889 et
971 3836 1070 3908 χεῖρας,
1091 3835 1134 3887 καί
1151 3837 1190 3887 ὅτι
1219 3835 1267 3888 ἀπὸ
1287 3835 1349 3888 θεοῦ
1369 3836 1468 3902 ἐξῆλθεν
1489 3839 1531 3889 καὶ
1556 3839 1615 3908 πρὸς

285 3941 372 3994 quum
386 3929 542 3993 aooeplsset
556 3927 689 3988 linteum,
706 3927 863 3991 praecinxit
873 3939 905 3978 se
921 3939 927 3975 τ
970 3922 1014 3976 τδν
1029 3922 1091 3976 θεδν
1109 3923 1212 3995 ὑπάγει,
1226 3929 1251 3978 l.
1264 3924 1384 3995 ἐγείρεται
1404 3925 1483 3978 &asni
1503 3928 1614 3990 δείπνου,

285 4021 312 4071 5.
339 4016 447 4069 Deinde
471 4018 559 4067 mittit
584 4028 687 4080 aquam
709 4016 739 4064 ln
759 4015 879 4079 pelvim,
903 4017 931 4066 et
970 4012 1013 4064 καί
1036 4012 1130 4079 τίθησιν
1154 4013 1185 4065 τὰ
1210 4013 1310 4084 ίμάτια,
1338 4015 1379 4067 καί
1403 4013 1487 4065 λαθὼν
1517 4015 1614 4068 λέντιον

284 4107 485 4172 coepltlavare
500 4104 586 4170 pedes
606 4103 821 4168 discipulorum,
837 4105 866 4154 et
879 4117 930 4155 ex·
970 4101 1085 4163 tritum
1114 4101 1210 4155 ἑαυτόν·
1241 4109 1269 4161 5,
1299 4100 1355 4155 εἶτα
1379 4103 1467 4172 βάλλει
1490 4101 1557 4175 ὕδωρ
1584 4104 1617 4167 εἰς

283 4201 394 4261 tergere
407 4195 497 4245 linteo
506 4206 563 4257 quo
577 4197 638 4244 erat
650 4193 837 4257 praecinctus.
970 4189 1014 4243 τοι
1033 4194 1152 4259 νιπτῆρα,
1173 4190 1216 4243 sal
1234 4189 1323 4261 ἤρξατο
1347 4193 1438 4245 νίπτειν
1460 4194 1515 4255 ποῦς
1539 4195 1617 4256 πόδας

320 4286 345 4336 6.
362 4285 447 4336 Venit
462 4296 532 4347 ergo
543 4281 579 4332 ad
595 4280 739 4333 Simonem
755 4279 877 4332 Petrum.
895 4280 931 4331 Et
970 4282 1019 4330 τῶν
1039 4280 1171 4348 μαθητῶν,
1196 4280 1237 4332 παὶ
1260 4278 1390 4351 lapidosus
1415 4287 1452 4353 τῷ
1480 4283 1571 4356 λεντίῳ
1594 4281 1616 4354 ᾦ

283 4375 352 4426 dicit
372 4376 399 4425 ei
423 4373 545 4424 Petrus:
563 4371 696 4432 Domine,
712 4372 742 4420 tu
763 4369 833 4420 mihi
850 4371 931 4420 lavas
970 4361 1002 4433 ἦν
1017 4367 1191 4439 διεζωσμένος.

284 4463 390 4529 pedes?
409 4463 434 4512 7.
462 4460 619 4526 Respondit
639 4460 720 4511 lesus
740 4460 769 4509 et
790 4457 858 4510 dixit
876 4460 928 4510 el:
1007 4459 1033 4510 6.
1054 4455 1153 4530 ἔρχεται
1171 4451 1216 4510 οὖν
1240 4459 1299 4528 πρὸς
1322 4459 1423 4530 Σίμωνα
1448 4461 1550 4530 Πέτρον·
1571 4461 1615 4514 λέ-

285 4553 363 4613 Quod
387 4564 442 4616 ego
461 4551 548 4616 iacto,
568 4556 598 4601 tu
624 4550 717 4601 nescis
740 4546 838 4610 modo,
857 4550 931 4600 soles
971 4562 1010 4615 γει
1028 4544 1096 4616 αδτῷ
1115 4546 1201 4618 Κύριε,
1222 4548 1251 4599 σίν
1272 4568 1319 4619 μον
1339 4550 1429 4610 νίπτεις
1449 4550 1503 4610 τοὺς
1524 4551 1613 4612 πόδα;;

284 4646 381 4699 ‚autem
405 4646 514 4705 postea.
542 4638 568 4690 8.
592 4639 665 4690 Dicit
686 4639 712 4688 el
727 4636 826 4688 Petrus
843 4651 850 4685 :
866 4637 930 4688 Non
971 4638 997 4689 7.
1027 4633 1144 4705 ἀπεκρίθη
1177 4634 1272 4702 Ἰησοῦς
1307 4639 1348 4689 ael
1377 4636 1445 4690 εἶπεν
1480 4638 1560 4710 αὐτῷ,
1583 4640 1615 4687 Ἣ

285 4729 395 4782 lavabis
409 4731 481 4779 milri
494 4729 620 4794 pedesln
630 4729 784 4779 aeternum.
801 4726 929 4790 Respon-
971 4722 1024 4794 ίγίο
1038 4730 1115 4790 ποιῶ,
1131 4726 1161 4777 cir
1175 4724 1219 4779 οὐκ
1233 4724 1303 4788 οἶδας
1330 4727 1396 4796 ἄρτι,
1413 4730 1498 4799 γνώσῃ
1513 4730 1538 4782 δὲ
1554 4731 1616 4799 μετὰ

286 4819 328 4871 dit
342 4820 369 4869 ei
383 4817 463 4869 lesus
480 4832 486 4867 :
505 4816 536 4868 Sl
556 4831 614 4869 non
634 4817 730 4867 lavero
745 4817 787 4877 te,
805 4815 929 4865 nonha·
972 4818 1059 4869 suita.
1081 4817 1108 4870 8.
1128 4815 1197 4886 λέγει
1221 4814 1287 4887 αὐτῷ
1306 4814 1409 4886 Πέτρος,
1438 4817 1473 4869 Οὐ
1493 4817 1526 4888 μὴ
1547 4820 1616 4889 νίψῃς

286 4908 367 4961 bobis
385 4911 494 4971 partem
513 4919 633 4959 mecum.
651 4907 677 4958 9.
699 4905 772 4957 Dicit
789 4905 815 4956 ei
832 4901 930 4955 Simon
973 4922 1020 4974 μου
1047 4906 1102 4966 σονς
1131 4905 1206 4966 πόδας
1240 4903 1272 4965 ιίς
1305 4905 1347 4956 τὸν
1380 4904 1466 4961 αἰῶνι,
1498 4908 1614 4976 ἀπεκρίθη
