4116 5648
840 523 925 569 retr.
949 506 1083 573 aun-ts.

299 670 376 717 mina
389 666 490 730 posita.
509 667 535 717 7.
552 668 586 720 Et
601 664 746 718 sudarium
762 661 837 724 quod
852 663 943 715 iuerat
984 654 1026 707 καί
1060 656 1089 709 τύ
1117 657 1246 726 σουδάριον
1275 656 1290 707 “o
1318 648 1349 719 iv
1380 649 1420 705 iri
1448 657 1491 718 τῆς
1522 652 1628 726 κεφαλῆς
1731 632 1779 715 ”.”,

300 769 384 820 super
397 761 482 817 caput
494 759 563 820 eius,
581 769 637 806 non
652 765 715 802 cuni
730 751 943 802 linteaminibus
984 741 1076 812 αύτού,
1098 744 1127 797 ού
1147 743 1275 813 μετὰτῶν
1292 743 1396 797 ὀθονίων
1417 740 1547 811 κείμενον,
1561 741 1629 795 till

301 847 436 909 positum,
462 846 511 896 sed
544 843 696 909 separatim
728 840 884 891 lnvolutunr
913 842 941 889 in
984 833 1062 904 χωρὶς
1081 832 1287 902 ἐντετυλιγμένον
1303 832 1336 894 εἰς
1355 833 1398 885 ἵνα
1418 831 1503 884 τύπον.
1527 832 1552 882 8.
1573 831 1628 884 τότε

301 946 386 983 unum
407 933 507 984 locum.
530 936 556 985 8.
577 931 656 980 Tune
674 941 744 991 ergo
770 930 895 981 introivit
915 929 943 978 et
984 915 1030 972 σύν
1050 920 1165 989 εἰσῆλθεν
1184 920 1258 972 tali
1285 920 1362 982 ἄλλος
1387 916 1499 991 μαθητὴς
1516 917 1530 969 d
1549 915 1630 970 έλθὼν

300 1021 348 1070 iiie
371 1020 524 1086 discipulus
554 1021 602 1083 qul
630 1021 745 1067 venerat
775 1021 883 1082 primus
906 1015 941 1065 ad
983 1015 1078 1079 τριῖντος
1097 1009 1131 1073 είς
1150 1009 1179 1062 τὸ
1199 1010 1337 1078 μνημεῖον,
1357 1010 1398 1060 καὶ
1418 1007 1485 1062 uitri
1502 1007 1544 1060 καὶ
1559 1005 1631 1060 lale·

302 1119 526 1169 monumentum
543 1113 572 1158 et
595 1106 678 1165 vidit,
700 1110 728 1157 et
751 1108 871 1158 credidit
890 1120 897 1157 τ
915 1105 939 1154 9.
984 1117 1077 1152 τευσεν·
1106 1104 1131 1154 9.
1158 1097 1259 1151 elidiato
1287 1096 1336 1167 γὰρ
1361 1098 1463 1168 ᾔδεισαν
1491 1096 1535 1162 τὴν
1565 1114 1629 1168 γρα-

302 1199 431 1251 Nondum
444 1202 519 1250 enlm
533 1195 660 1247 sciebant
675 1194 859 1261 scripturam,
876 1195 943 1258 quia
984 1185 1049 1256 ρὴν,
1070 1190 1109 1242 ὅτι
1132 1189 1174 1241 δεῖ
1200 1185 1273 1239 «itit
1299 1185 1327 1238 έκ
1360 1190 1453 1256 νεαρῶν
1481 1186 1628 1252 ἀναστῆναι.

300 1290 447 1354 oportebat
467 1299 530 1338 eum
550 1298 567 1335 a
588 1286 704 1335 mortuis
724 1298 880 1348 resurgere.
899 1282 939 1332 tu.
987 1281 1028 1330 10.
1050 1276 1163 1345 ἀπῆλθον
1187 1270 1232 1329 ούν
1257 1275 1332 1329 πάλιν
1351 1275 1410 1346 πρὸς
1428 1273 1515 1335 αύτούς
1535 1275 1558 1326 ol
1578 1293 1629 1346 γιο-

302 1378 438 1429 Abierant
450 1387 518 1439 ergo
533 1375 632 1424 iterum
647 1373 776 1437 discipuli
790 1375 825 1425 ad
838 1375 942 1423 semet·
984 1367 1066 1432 θηταί.

301 1469 386 1530 ipsos.
1024 1459 1063 1508 ll.
1080 1457 1167 1525 Μαρία
1181 1452 1207 1506 δὲ
1220 1452 1327 1518 εἐστήκει
1340 1453 1399 1523 πρὸς
1412 1461 1445 1523 τῷ
1456 1451 1569 1522 μνημείῳ
1583 1450 1629 1513 ίξω

340 1555 381 1606 ii.
396 1553 484 1603 Maria.
505 1555 598 1603 autem
617 1553 709 1603 nnbat
729 1552 764 1602 ad
781 1560 943 1601 monumen·
986 1542 1123 1609 κλαίουσα,
1149 1545 1182 1606 ὡς
1201 1537 1245 1596 οὖν
1265 1542 1362 1595 ἔκλαιεν
1387 1542 1520 1613 παρέκυψεν
1544 1538 1578 1602 τίς
1599 1539 1629 1593 ri

301 1649 360 1694 turn
387 1641 469 1702 toris,
486 1642 610 1706 plorans.
625 1642 698 1692 Dum
713 1653 782 1705 ergo
797 1639 886 1698 lieret,
902 1639 942 1686 in·
986 1635 1126 1704 μνημεῖον,
1152 1637 1193 1687 ii.
1220 1632 1262 1685 καὶ
1281 1632 1372 1701 θεωρεῖ
1388 1631 1434 1683 δύο
1453 1629 1574 1700 ἀγγέλους
1603 1628 1629 1683 ίν

301 1733 465 1791 cilnaviise,
479 1733 507 1781 et
520 1732 703 1794 prospexliin
719 1733 941 1780 monumentum.
984 1721 1083 1784 λευκοῖς
1101 1722 1281 1792 καθεζομένους
1287 1762 1296 1791 ,
1317 1720 1362 1773 iva
1387 1720 1448 1791 πρὸς
1467 1728 1497 1791 τη
1517 1717 1627 1792 κεφαλῇ,

306 1821 346 1871 ii.
370 1819 405 1870 nt
424 1819 494 1872 vidit
515 1820 586 1870 duos
607 1819 725 1883 angelos
745 1819 773 1867 in
794 1816 879 1876 albis,
896 1828 943 1866 se·
985 1811 1026 1863 καλ
1054 1811 1100 1863 ἕνα
1127 1810 1187 1882 πρὸς
1217 1813 1270 1873 τοῖς
1296 1809 1384 1873 τοσὶν,
1408 1810 1470 1862 ύαου
1493 1808 1573 1861 ἔκειτο
1600 1807 1629 1862 ti

301 1909 417 1968 dentes,
432 1921 517 1957 unum
533 1907 569 1957 ad
584 1910 682 1971 caput,
699 1908 726 1957 et
742 1917 828 1955 unum
843 1903 879 1955 ad
893 1916 943 1968 pe·
986 1904 1058 1970 σῶμα
1086 1902 1130 1952 τού
1161 1897 1255 1967 Ἰησοῦ.
1291 1903 1332 1953 ll.
1362 1897 1405 1950 καὶ
1431 1897 1546 1969 λέγουσιν
1566 1895 1627 1969 αύτῇ

301 1999 365 2057 des,
382 1998 429 2047 ubi
442 1999 562 2061 positum
580 1995 670 2046 luerat
684 2007 787 2058 corpus
807 1994 880 2044 lesu.
900 1993 941 2043 13.
985 1987 1093 2058 ἐκεῖνοι,
1113 1988 1203 2058 Γύναι,
1222 1989 1247 2042 τί
1258 1988 1365 2056 κλαίεις
1387 1987 1429 2040 καὶ
1447 1985 1515 2058 λέγει
1534 1985 1629 2055 αύτοῗς,

302 2088 405 2138 Dicunt
418 2087 444 2137 ei
464 2086 505 2136 ilii
522 2098 528 2133 :
547 2085 647 2136 Mulier
660 2085 728 2149 quid
744 2082 857 2148 ploras?
872 2083 945 2134 Dicit
985 2077 1043 2131 Ὅτι
1066 2074 1129 2148 ἦραν
1159 2080 1203 2131 τθν
1231 2078 1312 2148 κύριόν
1342 2097 1405 2147 μου,
1434 2077 1477 2129 καὶ
1503 2075 1547 2128 οὖα
1570 2072 1631 2129 alia

302 2179 344 2227 eis
359 2188 366 2224 :
384 2175 458 2236 Quia
480 2176 603 2226 tulerunt
622 2174 773 2224 Dominum
794 2177 945 2232 meum;et
985 2171 1032 2221 τοῦ
1055 2167 1147 2234 ἔθηκαν
1172 2167 1259 2221 αύτόν.
1292 2170 1333 2220 it.
1360 2169 1439 2219 ταῦτα
1468 2163 1571 2218 εἰποῦσα
1588 2163 1631 2216 έσ-

303 2267 398 2316 nescio
411 2265 458 2316 ubi
466 2266 700 2328 posuerunieunr.
718 2263 757 2312 it.
773 2261 849 2311 ilaec
859 2274 944 2324 quum
985 2258 1064 2326 τρύρη
1084 2254 1118 2317 τίς
1141 2255 1172 2308 ελ
1191 2255 1286 2323 drino,
1306 2255 1348 2306 καὶ
1367 2254 1459 2324 θεωρεῖ
1475 2254 1518 2307 τον
1534 2251 1630 2320 Ἰησοῦν

302 2355 434 2412 dixisset,
448 2365 586 2403 convorsa
599 2358 642 2402 esi
657 2356 865 2409 retrorsum,et
877 2349 946 2399 vidit
986 2344 1091 2397 ἑστῶτα·
1112 2346 1154 2397 καί
1172 2344 1218 2398 ούκ
1244 2345 1297 2416 ᾔδει
1320 2345 1358 2396 ύτι
1389 2342 1484 2410 Ἰησοῦς
1501 2341 1563 2398 ἔστί.
1586 2347 1627 2397 15.

305 2443 397 2492 lesum
409 2447 546 2499 stantum
560 2445 588 2490 et
601 2453 657 2490 non
668 2439 777 2490 sciebat
790 2438 945 2502 quialesus
985 2433 1055 2505 λέγει
1074 2433 1137 2507 αύτῇ
1159 2433 1268 2502 Ἰησοῦς,
1292 2433 1381 2498 Γύναι,
1402 2433 1426 2485 τί
1448 2432 1554 2498 αλαίειςς
1575 2433 1630 2485 τίνα

303 2539 355 2582 est.
376 2532 416 2580 15.
432 2530 504 2580 Dicit
518 2531 544 2580 ei
555 2529 633 2580 lesus
650 2542 656 2577 :
671 2528 781 2588 Mulier,
803 2527 869 2592 quid
882 2528 946 2591 plo-
985 2525 1083 2594 ζητεῖς
1105 2523 1185 2590 ίκείνη
1206 2524 1313 2575 δοκοῦσα
1331 2523 1370 2575 ὅτι
1393 2521 1407 2573 d
1425 2522 1545 2591 κηπουρός
1563 2519 1629 2574 iorni

304 2619 367 2671 ras?
382 2632 465 2684 quem
480 2617 610 2682 quaeris?
633 2617 686 2667 llla
700 2619 867 2667 existimans
880 2618 947 2680 quia
986 2612 1055 2684 λέγει
1074 2611 1158 2683 αύτῷ,
1184 2611 1271 2681 Κύριε,
1292 2609 1314 2663 εί
1337 2610 1366 2662 σύ
1386 2609 1521 2671 ἐδίστασας
1540 2608 1629 2678 αύτδν,

304 2710 470 2759 hortulanus
486 2711 576 2767 esset,
596 2707 663 2757 dicit
686 2708 713 2756 el
736 2722 743 2753 :
765 2706 902 2766 Domine,
922 2706 946 2755 si
988 2699 1039 2755 είττί
1059 2721 1101 2772 μοι
1114 2704 1163 2754 τεοῦ
1182 2699 1370 2766 ίθηααςαύτθν,
1385 2697 1457 2770 τιᾶγὼ
1473 2697 1547 2752 ciria
1567 2698 1629 2770 ἀρῶ.

305 2803 333 2848 tu
348 2797 486 2847 sustulisti
503 2810 584 2854 eum,
601 2796 686 2845 dicito
703 2795 771 2843 mihi
787 2795 833 2844 ubi
850 2795 946 2857 posui·
991 2793 1033 2844 16.
1053 2789 1123 2862 λέγει
1147 2787 1212 2860 αὐτῇ
1233 2787 1342 2855 Ἰησούς,
1364 2789 1476 2859 λίαρίαμ,
1497 2790 1632 2859 στραφεῖσα

304 2889 340 2936 sti
357 2899 436 2945 euni,
453 2890 627 2949 etegoeunr
644 2884 750 2933 tollant.
772 2881 812 2933 16.
830 2883 903 2933 Dicit
920 2884 947 2932 ei
988 2879 1068 2945 ἐκείνη
1104 2878 1172 2950 λίγει
1204 2876 1271 2949 αύτῷ
1300 2875 1444 2948 Ἕύραῖστί,
1473 2874 1631 2943 Ῥαθύουνιί,

304 2975 410 3026 lesus:
437 2974 534 3024 Maria.
559 2971 703 3024 Conversa
722 2972 784 3031 illa,
806 2972 873 3022 dicit
891 2972 945 3021 el:
987 2967 1137 3037 ὃλέγεται,
1157 2967 1305 3021 Διδάσκαλε.
1338 2971 1377 3021 ll.
1403 2966 1471 3036 λε’γει
1498 2965 1560 3037 αύτῇ
1580 2963 1631 3032 Ἰη-
1730 2992 1731 2996 =

305 3063 433 3114 Rabboni
448 3061 535 3128 (quod
554 3062 656 3112 dicitur
669 3058 827 3124 Magister.)
847 3060 887 3110 17.
902 3060 947 3110 Di·
988 3059 1055 3126 σούς,
1067 3055 1108 3122 Μὴ
1126 3057 1204 3110 ἅπτου
1218 3076 1275 3126 μου.
1286 3054 1412 3126 ούτωγὰρ
1423 3053 1629 3126 θναθὲθηαααρθς

304 3153 381 3202 citet
403 3152 483 3202 lesus
502 3165 508 3200 :
530 3151 596 3202 Noli
615 3163 660 3200 me
676 3153 806 3213 tangere,
825 3149 947 3199 nondum
989 3144 1033 3198 r'ov
1058 3145 1161 3216 ποτέρα,
1182 3148 1285 3215 πορεύου
1310 3143 1336 3197 δέ
1356 3146 1414 3215 πρὸς
1437 3143 1493 3205 τούς
1510 3143 1629 3214 ύδελρούς

304 3243 379 3291 enirn
395 3240 508 3291 ascendi
523 3240 559 3290 ad
571 3240 681 3289 Patrem
694 3251 803 3296 mentm
816 3238 887 3288 vade
901 3250 948 3287 au·
989 3254 1053 3305 ρον,
1080 3234 1122 3287 καὶ
1149 3233 1200 3288 tiri
1223 3234 1319 3296 αύτοῐς,
1350 3231 1483 3286 ’λναύαίνω
1505 3233 1564 3302 τιρθς
1588 3233 1632 3286 τὀν

306 3335 361 3380 tem
374 3330 410 3380 ad
426 3328 527 3379 iratres
543 3341 629 3387 ineos,
641 3335 670 3377 et
689 3328 734 3378 dic
745 3329 805 3377 eis:
820 3327 949 3378 Ascendo
990 3325 1082 3394 τεατὲρα
1114 3343 1162 3394 μου
1190 3324 1231 3376 οιαὶ
1264 3325 1358 3394 τατίρα
1385 3322 1470 3393 ὑμῶν,
1499 3324 1541 3374 καὶ
1567 3321 1631 3375 θεύν

306 3418 341 3468 ad
359 3419 470 3468 Patrem
498 3430 589 3467 meum
616 3419 643 3467 et
675 3416 786 3465 Patrem
809 3418 948 3475 vestrum,
991 3432 1039 3483 μου
1058 3411 1278 3482 nullistitteris.
1308 3417 1350 3466 iii.
1371 3411 1472 3482 ἔρχεται
1492 3410 1629 3483 liupuni]

308 3509 395 3558 Deum
410 3519 502 3557 meum
518 3507 644 3557 ellicum
659 3504 951 3556 vestrum.18.l¹'enit
992 3500 1148 3574 Μαγδαληνὴ
1193 3500 1350 3572 ἀγγέλλουσα
1395 3503 1448 3563 τοῖς
1495 3501 1631 3570 μαθηταῖς,

307 3597 395 3645 ilaris
413 3594 579 3657 Magdalene
594 3595 769 3644 annuntians
780 3593 948 3656 discipulis:
992 3591 1030 3642 ὅτι
1058 3589 1154 3660 ἑώρακα
1190 3589 1233 3642 τὸν
1265 3589 1364 3660 Κύριον,
1390 3589 1432 3642 καὶ
1465 3594 1540 3642 ταῦτα
1565 3586 1634 3643 εἶπεν

306 3685 379 3744 Quia
395 3684 453 3733 vidi
474 3684 639 3737 Dominum,
653 3686 681 3733 ei
701 3684 773 3732 haec
787 3682 857 3731 dixit
872 3683 948 3732 mihi.
993 3677 1065 3751 αύτῇ.

342 3855 373 3903 ln
387 3867 415 3901 v.
437 3854 445 3901 i
464 3865 510 3901 rnu
524 3853 594 3903 codd
608 3854 674 3916 vulg
688 3853 776 3911 videt;
795 3863 814 3905 ,u
831 3853 860 3915 pl
875 3854 984 3902 minusc
999 3867 1048 3902 ατο
1068 3867 1111 3916 της
1132 3851 1204 3919 θύρας
1223 3869 1265 3902 του
1280 3869 1412 3919 μνημειου,
1430 3855 1497 3903 item
1511 3854 1546 3903 ab
1561 3855 1635 3904 ostio

308 3944 480 3993 monumenti
503 3941 535 3990 ir
552 3942 607 3991 dub
622 3943 672 3992 sah
693 3956 746 4005 cop
764 3954 823 3991 arm
840 3943 906 3992 aeth
921 3943 975 3990 sin.
993 3941 1024 3990 ln
1039 3956 1064 3990 v.
1082 3942 1097 3991 2
1114 3942 1264 3992 Dominum
1280 3956 1372 3992 meum
1387 3941 1468 3992 rdub
1483 3941 1541 3991 iuld
1555 3946 1595 3991 ini
1608 3945 1636 3993 et

306 4031 459 4082 secundum
485 4033 548 4093 Aug
572 4031 700 4080 nonnulli
719 4030 790 4080 codd
811 4044 854 4092 gr,
880 4027 932 4079 xo
952 4029 1012 4080 Eus
1027 4030 1098 4091 Chr;
1115 4034 1211 4081 nescio
1226 4045 1248 4087 r,
1267 4044 1323 4082 non
1338 4033 1426 4081 soloe
1446 4032 1504 4090 sin,
1520 4045 1563 4078 ουκ
1580 4027 1636 4078 οιθα

308 4120 327 4170 S
343 4132 402 4169 arm
417 4120 483 4168 aeth
498 4131 544 4181 syr
565 4117 632 4184 (soh)
649 4121 715 4169 aetii
731 4119 788 4168 Ens
804 4118 870 4168 Clrr.
890 4119 920 4168 ln
936 4132 963 4167 v.
983 4118 996 4168 i
1013 4131 1029 4168 e
1047 4121 1090 4168 sin
1106 4132 1152 4168 orn
1168 4122 1289 4183 prinrus;
1310 4118 1376 4168 abc
1387 4118 1404 4169 d
1415 4115 1518 4182 iii²qr
1532 4131 1583 4168 σον
1597 4119 1636 4169 tol

307 4209 352 4258 wil
368 4210 452 4271 prior.
471 4207 502 4256 ln
515 4222 542 4258 ν.
556 4210 570 4257 5
587 4210 647 4271 pler
658 4207 729 4258 codd
744 4208 812 4270 vulg
824 4208 915 4267 videi;
927 4209 972 4257 sin
986 4208 1083 4257 addin
1099 4208 1269 4271 sepulcrum.
1283 4208 1315 4256 ln
1329 4221 1357 4256 v.
1370 4207 1385 4257 6
1399 4208 1443 4256 sin
1457 4220 1503 4257 orn
1515 4219 1638 4271 sequens

307 4311 370 4348 otnn
386 4299 414 4348 et
429 4299 456 4345 in
472 4311 498 4345 v.
514 4297 584 4346 loni
599 4310 684 4359 super
702 4300 795 4360 caput.
809 4309 864 4347 non
876 4309 939 4346 curn
950 4297 1011 4347 lint.
1025 4300 1157 4360 positum,
1174 4304 1201 4347 et
1214 4300 1242 4347 in
1257 4312 1283 4348 v.
1299 4297 1315 4346 8
1330 4310 1376 4346 orn
1386 4298 1435 4360 qui
1450 4300 1565 4347 venerat
1579 4298 1637 4359 pri-

308 4399 378 4436 mus.
398 4386 428 4434 ln
445 4399 472 4434 v.
491 4386 505 4435 8
521 4386 576 4435 duo
591 4390 700 4436 rninusc
718 4384 838 4449 (tulii)
855 4388 898 4435 sin
914 4386 1045 4436 viderunt
1060 4395 1089 4437 ei
1105 4387 1291 4437 crediderunt.
1311 4386 1343 4435 ln
1361 4400 1388 4434 v.
1406 4386 1421 4434 9
1439 4387 1469 4440 ii*
1485 4382 1551 4448 ηόει,
1565 4387 1638 4435 scle-

309 4476 355 4524 bat
370 4471 484 4538 boll’q
499 4487 543 4523 ant
564 4489 614 4524 eat·
633 4476 689 4524 dub
710 4475 767 4525 dun
792 4488 827 4537 og
852 4475 909 4525 hub
929 4488 976 4524 car
991 4483 1017 4525 si
1032 4475 1072 4525 tol
1088 4477 1143 4525 val.
1161 4475 1193 4524 ln
1208 4491 1235 4524 v.
1256 4476 1286 4525 io
1309 4477 1352 4524 sin
1373 4473 1503 4537 discipuli
1527 4473 1638 4537 quando

309 4564 437 4614 viderunt
455 4564 524 4612 hacc
542 4565 680 4614 abierunt.
699 4565 728 4613 ln
745 4578 772 4612 v.
794 4563 824 4613 iti
840 4566 884 4613 sin
899 4568 926 4614 et
941 4565 1078 4614 intellexit
1093 4577 1157 4614 euni
1173 4571 1201 4615 et
1216 4563 1360 4627 respondit
1376 4567 1404 4613 et
1422 4562 1506 4621 dixit,
1522 4561 1574 4612 add
1590 4570 1637 4617 κω

313 4653 407 4702 iuuit
423 4668 464 4700 και
486 4650 649 4719 τροςεδρορεν
671 4650 779 4719 σύρεσθαι
802 4668 886 4713 aoros,
903 4654 970 4703 item
986 4652 1041 4714 cyr
1060 4666 1106 4714 syr
1127 4652 1181 4717 (hr,
1197 4652 1249 4717 sin)
1266 4652 1322 4702 dub
1337 4665 1373 4716 eg
1387 4659 1435 4715 gat
1453 4665 1458 4699 :
1478 4657 1505 4702 et
1519 4653 1639 4702 occurrii

308 4747 338 4789 ni
354 4745 483 4805 tangeret
502 4754 577 4792 oum.

354 4908 449 4983 Qrod
471 4909 506 4975 in
523 4908 720 4978 narratione
740 4911 907 5000 passionis
922 4909 1135 4991 observatur,
1152 4909 1208 4975 hic
1223 4929 1361 4999 quoque
1378 4908 1541 4976 cernitur.
1559 4910 1639 4974 Nar·
