4116 5648
748 412 832 457 roan.
859 389 1013 467 {effi-31.
1487 396 1545 457 ⁴83

261 549 350 625 Quae
366 543 517 612 Christus
540 540 583 608 de
604 565 721 611 amore
745 545 853 611 Patris
875 540 972 609 etde
998 541 1216 610 exauditione
1239 565 1380 633 precum
1393 549 1426 610 et
1445 547 1547 612 modo

216 651 258 720 dc
273 653 399 739 seipso
414 646 562 732 dixerat,
579 650 753 740 discipulis
774 652 878 739 plana
898 654 932 714 et
947 656 1064 736 aperta
1077 648 1150 713 visa
1162 656 1252 715 sunt.
1268 651 1361 718 Unde
1377 649 1456 717 laeti
1471 650 1547 716 ani·

216 760 280 825 mis
299 755 335 822 id
359 759 528 822 testantur
550 779 582 822 v.
610 764 651 821 ‘29
675 753 796 822 dicunt
819 757 852 823 ei
873 753 1036 844 discipali
1057 755 1131 820 eius
1147 775 1159 817 .·
1173 775 1350 822 eccenunc
1366 757 1485 846 palam
1500 756 1548 822 lo-

217 861 332 954 queris
348 859 391 927 da
405 866 464 927 tuo
483 862 658 929 discessu:
681 860 838 951 relinquo
859 861 1044 941 mundum,
1066 859 1160 948 quod
1180 860 1320 926 verbum
1342 862 1461 952 utique
1478 885 1547 931 ma-

215 969 269 1056 gis
283 967 425 1056 planum
446 975 494 1036 est
518 987 622 1057 quam
642 967 735 1054 quod
750 973 852 1035 antea
870 965 1000 1033 dixerat
1014 988 1048 1031 se
1068 966 1180 1049 abire,
1201 966 1325 1033 vadere
1340 967 1383 1033 ad
1397 972 1545 1052 Patrem3

215 1088 248 1142 ct
257 1075 479 1165 prouerbium
490 1071 627 1140 nullum
641 1071 746 1154 dicia,
767 1071 971 1141 sententiam
985 1073 1182 1153 obscuram,
1195 1073 1243 1139 uti
1259 1072 1343 1140 illud
1358 1072 1545 1160 modicum,

215 1187 250 1248 et
266 1182 388 1249 iterum
404 1179 600 1265 modicum·
616 1201 646 1245 v.
668 1187 710 1247 30
728 1202 819 1246 rauna
834 1178 981 1260 scimus,
1002 1178 1086 1267 qrcia
1107 1178 1172 1245 scis
1190 1179 1308 1246 omnia
1327 1192 1359 1247 et
1377 1204 1447 1247 non
1463 1203 1548 1271 opus

216 1289 340 1356 esttibi
354 1302 392 1355 ut
411 1287 487 1376 quis
508 1299 539 1352 te
559 1286 761 1376 interroqet,
779 1285 933 1353 Christus
945 1285 1035 1352 enim
1055 1284 1099 1350 ad
1117 1287 1256 1352 tacitam
1268 1308 1387 1353 eorum
1407 1288 1550 1356 interro-

216 1398 392 1483 gationem
415 1393 641 1483 responderat
660 1417 690 1460 v.
715 1400 773 1474 19;
795 1391 889 1458 unde
913 1414 1000 1458 novo
1024 1399 1228 1477 argumento
1243 1391 1431 1460 didicerant
1446 1394 1548 1461 etiam

217 1502 397 1579 hominum
417 1521 544 1567 arcana
571 1499 602 1565 ci
625 1522 694 1566 esse
719 1505 857 1589 aperta;
875 1498 1056 1587 praevenit
1074 1499 1166 1564 enim
1189 1520 1246 1565 eos
1265 1499 1381 1567 dicens
1398 1523 1406 1567 :
1424 1499 1550 1569 dehoc

215 1608 381 1698 quaeritis
400 1604 491 1673 inter
515 1629 574 1673 vos
600 1606 659 1693 (ct.
685 1608 764 1694 Cyr.
800 1609 888 1695 Rup.
918 1604 1031 1671 Thoar.
1064 1604 1154 1672 Corl.
1177 1604 1309 1694 Schz.);
1325 1606 1549 1675 dicuntnunc

216 1715 254 1782 iu
282 1712 497 1803 oppositione
519 1713 563 1778 ad
585 1736 615 1777 v.
649 1720 700 1778 17.
725 1717 783 1792 18;
809 1711 845 1777 in
864 1710 928 1777 hoc
952 1710 1121 1777 credimus
1140 1711 1226 1802 quio
1249 1735 1272 1779 a
1294 1716 1362 1779 Deo
1382 1715 1502 1794 existi,
1519 1725 1549 1782 ἐν

215 1830 309 1908 τούτῳ
338 1825 521 1909 propterea
552 1820 609 1905 (ct.
643 1824 716 1885 Act.
750 1818 885 1906 atto),
908 1817 991 1907 quia
1015 1817 1194 1884 hominum
1228 1841 1353 1887 arcana
1379 1821 1485 1901 nosti,
1507 1860 1550 1871 —

216 1927 339 1994 mentis
356 1925 445 1992 enim
468 1926 656 2016 penetralia
681 1932 714 1991 ct
735 1924 846 1992 cordis
870 1931 1000 1991 secreta
1021 1931 1201 2014 perspecta
1220 1926 1349 1992 habere
1375 1928 1479 1995 solius
1493 1928 1550 1996 Dei

216 2038 267 2100 est
291 2033 404 2122 (Cyn.)
422 2072 466 2081 —
486 2033 675 2114 credimus,
695 2053 764 2098 nou
784 2030 878 2121 quod
904 2038 977 2097 tum
1005 2031 1143 2097 credere
1166 2031 1317 2120 primum
1343 2034 1548 2121 coepissent,

215 2139 276 2207 sed
290 2139 383 2229 quod
399 2160 488 2205 novo
508 2144 713 2225 argumento
726 2138 810 2205 tides
829 2137 968 2204 altiores
982 2139 1018 2203 in
1033 2139 1080 2203 eis
1100 2137 1209 2223 egerit
1229 2137 1360 2205 radices
1374 2139 1432 2227 (ct.
1453 2140 1549 2229 ΟΨ.)

216 2246 270 2313 vel
289 2248 354 2313 hoc
380 2267 503 2328 unum,
528 2251 558 2310 te
580 2266 674 2310 nosse
698 2266 825 2311 arcana
849 2245 1062 2325 animorum,
1088 2243 1259 2312 sufficeret
1276 2251 1314 2311 ut
1336 2245 1552 2313 crederemus

217 2358 250 2418 te
272 2375 293 2419 a
312 2357 377 2419 Deo
398 2352 552 2419 missum.
576 2356 660 2418 Nam
680 2352 736 2418 Dei
758 2350 861 2417 solius
887 2357 938 2418 est
956 2350 1044 2418 scire
1066 2357 1099 2417 et
1122 2350 1275 2418 revelare
1290 2351 1403 2418 cordis
1422 2360 1552 2420 secreta

219 2460 275 2551 (cl.
300 2464 352 2526 Ps.
375 2467 467 2540 7,10.
495 2462 573 2549 Sap.
602 2466 667 2539 no.
699 2464 760 2525 lcr.
787 2456 1288 2547 17‚9.10).Pr0fitentureum
1313 2463 1414 2525 alteo
1428 2459 1548 2540 exisse,

216 2566 323 2633 verba
347 2565 468 2632 Christi
495 2571 703 2655 repetentem
727 2565 785 2632 sed
810 2564 934 2631 merito
956 2571 1051 2629 notat
1070 2562 1178 2630 Muld.
1197 2584 1210 2628 .·
1228 2591 1243 2624 u
1259 2586 1468 2655 quamquam
1483 2588 1551 2632 non

216 2674 295 2740 satis
314 2677 445 2739 constat
465 2693 509 2738 an
530 2696 569 2739 eo
593 2695 700 2759 usque
721 2680 794 2738 turn
820 2693 939 2737 eorum
963 2670 1046 2735 sides
1069 2671 1296 2758 pervenisset,
1316 2677 1352 2737 ut
1372 2672 1552 2739 crederent

217 2778 314 2846 illum
328 2779 521 2845 naturalem
537 2779 596 2845 Dei
610 2778 728 2844 Filium
743 2800 933 2866 verumque
945 2782 1050 2844 Deum
1066 2798 1154 2855 esse,
1170 2777 1283 2845 adhuc
1298 2777 1388 2844 euim
1405 2801 1444 2844 ex
1461 2779 1552 2845 mul·

217 2887 259 2953 tis
273 2892 419 2975 apparet
438 2887 540 2952 rebus
563 2891 642 2951 ante
664 2885 849 2951 adventum
869 2883 1015 2972 Spiritus
1032 2883 1155 2965 sancti,
1177 2890 1214 2950 ut
1239 2884 1317 2951 Chr.
1343 2891 1375 2950 et
1394 2885 1548 2975 Theoph.

216 2992 325 3060 solent
346 2991 477 3073 dicere,
503 2993 623 3058 rudem
643 2997 676 3057 et
693 2991 930 3080 imperfectam
952 3012 1071 3058 corum
1089 2991 1191 3057 luisse
1207 2990 1328 3072 fidem,
1348 2997 1386 3058 ut
1400 2992 1552 3060 Christus

217 3099 292 3190 ipse
316 3099 501 3188 interprete
526 3099 739 3177 Heracleote,
759 3098 837 3165 Chr.
866 3103 900 3163 et
921 3101 997 3185 Cyr.
1021 3097 1156 3163 videtur
1176 3099 1290 3163 statim
1310 3120 1496 3185 coarguere
1519 3112 1558 3165 »q

219 3212 327 3273 lmmo
348 3208 441 3294 itaq.
463 3212 578 3271 censet
598 3205 765 3294 apostolos
789 3209 922 3293 putasse
943 3205 1011 3270 iam
1031 3203 1209 3271 advenisse
1230 3204 1350 3270 horam
1373 3205 1484 3288 illam,
1507 3206 1550 3273 de

218 3335 287 3402 qua
310 3312 460 3380 Christus
485 3311 617 3378 locutus
639 3311 681 3377 sit
703 3311 737 3376 in
762 3334 794 3376 v.
821 3318 861 3378 25
881 3319 914 3376 ct
935 3333 993 3377 eos
1009 3333 1113 3398 usque
1134 3310 1219 3378 adeo
1239 3334 1308 3379 uon
1329 3311 1547 3394 intellexisse,

220 3426 311 3486 utne
327 3417 529 3485 intellexisse
542 3441 576 3484 se
592 3416 730 3508 quidem
754 3417 997 3504 intelligerent.
1015 3417 1111 3495 Quod
1127 3424 1241 3484 tamen
1253 3418 1372 3486 durius
1390 3418 1460 3486 dici
1477 3442 1549 3486 ma-

218 3525 381 3592 nifestum
404 3532 466 3591 est.
491 3530 574 3591 Nam
602 3548 641 3591 ex
663 3523 776 3590 ventris
796 3523 918 3590 Christi
943 3546 1056 3591 veram
1080 3524 1232 3613 aliquam
1262 3525 1492 3612 cognitionem
1516 3532 1551 3591 et

218 3631 484 3700 consolationem
501 3637 746 3721 perceperunt,
762 3631 812 3697 uti
827 3631 916 3697 laeto
934 3630 994 3697 illo
1009 3630 1172 3720 loquendi
1189 3631 1290 3698 modo
1305 3631 1377 3699 sine
1401 3633 1470 3699 ullo
1484 3632 1549 3698 du-

219 3737 277 3805 bio
298 3738 449 3828 produnt
473 3761 504 3803 v.
531 3743 586 3803 29.
604 3744 665 3817 303
685 3759 796 3826 neque
819 3736 1012 3826 putandum
1027 3744 1076 3803 est
1091 3738 1262 3804 Christum
1278 3744 1327 3806 tot
1341 3760 1380 3805 ac
1395 3745 1490 3806 tanta
1504 3738 1549 3806 ad

219 3868 337 3913 eorum
354 3845 602 3911 institutionem
620 3850 653 3910 et
674 3844 943 3911 consolationem
965 3844 1087 3910 dixisse
1111 3845 1174 3924 ita,
1192 3851 1230 3911 ut
1251 3844 1302 3910 illi
1322 3851 1435 3912 tamen
1460 3845 1549 3912 nihil

220 3953 300 4019 inde
323 3951 460 4019 luminis
481 3958 514 4018 et
540 3950 673 4016 roboris
695 3949 887 4017 haurirent.
919 3955 991 4018 Non
1013 3951 1060 4017 ita
1080 3951 1232 4040 loquitur
1254 3953 1419 4033 Christus;
1445 3952 1549 4019 verba

219 4058 291 4125 eius
310 4058 409 4148 plane
426 4057 562 4124 inutilia
577 4080 643 4122 non
654 4062 744 4122 sunt.

265 4166 377 4233 Fidem
405 4166 521 4253 utique
545 4186 664 4230 eorum
690 4162 842 4229 nondum
868 4185 938 4229 essc
964 4163 1113 4243 sirmam,
1141 4164 1314 4243 stabilem,
1344 4166 1546 4254 perlectam,

220 4274 369 4341 Christus
384 4271 552 4358 siguificat
564 4294 593 4337 v.
610 4278 648 4336 {tl
665 4269 839 4359 respoudit
855 4270 904 4335 cis
920 4271 1011 4336 lesus
1026 4295 1038 4336 .·
1055 4269 1153 4337 modo
1167 4270 1328 4337 creditis?
1346 4281 1425 4359 ἅρπη
1443 4294 1545 4354 itanc,

221 4379 284 4446 hoc
314 4382 386 4470 ipso
409 4389 560 4467 temporo
581 4377 739 4445 creditis?
756 4399 833 4444 curn
857 4377 1011 4466 emphasi
1036 4377 1175 4466 ponitur
1198 4387 1278 4466 ἅρπῃ
1307 4399 1412 4465 quare
1433 4401 1548 4445 sensus

222 4508 291 4552 esse
309 4494 418 4575 potest
442 4506 449 4550 :
474 4507 564 4550 nuuc
577 4483 716 4550 tandem
736 4483 894 4550 creditis?
916 4484 970 4549 vel
989 4484 1092 4550 etiam
1108 4504 1221 4550 :nunc
1237 4507 1294 4550 vos
1310 4485 1446 4551 credere
1461 4484 1548 4551 dici-

223 4593 284 4659 tis?
298 4600 333 4658 at
348 4614 423 4659 iuox
444 4591 625 4658 ostendetis
646 4589 746 4657 fidem
764 4591 878 4657 adhuc
898 4613 968 4657 esse
988 4591 1172 4658 infirmam.
1195 4591 1309 4658 Merito
1326 4591 1482 4681 plerique
1500 4592 1549 4658 lc·

221 4704 309 4787 gunt
327 4697 637 4784 interrogativcicl'.
659 4697 732 4763 Cui.
752 4700 839 4763 lans.
864 4697 954 4765 Corl.
974 4697 1075 4786 Scleq.
1097 4695 1196 4765 Schz.
1220 4698 1321 4786 Fit.);
1345 4697 1548 4765 affirmative

223 4807 420 4897 praeterunt
437 4806 495 4871 alii
519 4803 639 4892 (lluld.
660 4804 745 4891 Tol.)
764 4826 772 4871 :
788 4804 926 4871 creditis
941 4805 1099 4893 quidem,
1117 4805 1176 4871 sed
1196 4805 1313 4888 modo,
1329 4827 1407 4873 cum
1426 4806 1462 4872 in
1480 4811 1550 4871 tuto
