4116 5648
749 382 832 428 roan.
857 365 1015 436 lumea.
1227 414 1229 418 .
1488 367 1543 426 l'll

217 520 368 588 Christus
391 537 461 584 non
482 515 605 586 dixerit
619 512 813 604 inquirere,
829 521 921 603 Auq.
935 517 1156 583 temerarium
1170 527 1240 584 esse
1251 512 1348 582 dicit.
1366 519 1408 580 at
1423 517 1551 585 morito·

215 630 311 693 notat
331 620 400 690 Tol.
424 618 670 710 distinguenda
695 645 767 692 esse
794 629 967 711 tempora,
991 621 1020 688 si
1049 621 1142 690 euim
1161 622 1205 687 de
1229 627 1385 712 tempore
1407 622 1546 709 quando

214 734 297 798 haec
324 731 467 819 protulit
493 725 653 796 Dominus
676 730 870 821 loquamur,
900 748 982 795 sane
1004 727 1224 795 temerarium
1249 729 1369 796 fuisset
1397 727 1546 794 cavelle

214 833 384 924 explicare
408 854 555 928 quorum
581 836 728 926 apostoli
749 855 893 927 capaces
919 839 1002 902 tunc
1022 856 1094 901 non
1118 836 1217 899 erant
1236 838 1270 899 et
1288 856 1378 923 quae
1396 832 1546 902 Christus

215 962 283 1006 non
299 943 430 1011 censuit
442 941 652 1025 enarranda;
669 946 705 1009 at
719 942 747 1009 si
762 942 806 1009 dc'
821 945 975 1029 tempore
988 945 1066 1031 post
1079 938 1265 1006 adventum
1278 938 1426 1029 Spiritus
1440 940 1547 1008 sancti

212 1068 325 1115 sermo
338 1051 412 1124 liat,
430 1047 574 1137 quando
585 1047 657 1115 'illa
678 1069 768 1138 quae
787 1044 937 1115 dicenda
954 1051 1052 1114 erant
1066 1045 1231 1136 apostolis
1248 1050 1281 1112 et
1296 1043 1463 1112 Ecclesiae
1476 1047 1546 1113 iam

213 1154 279 1222 sint
299 1154 481 1224 manifesta
505 1156 611 1240 iacta,
628 1175 701 1231 non
724 1177 795 1222 csse
823 1152 1046 1221 temerarium
1071 1157 1171 1242 putat
1198 1150 1268 1218 Tol.
1290 1151 1410 1243 aliqua
1434 1152 1548 1242 expri-

215 1282 324 1343 mere,
352 1281 442 1350 quae
465 1261 626 1328 Dominus
646 1265 729 1327 tuno
750 1258 913 1327 habuerit
934 1257 1099 1339 dicenda;
1122 1258 1212 1325 inter
1232 1280 1274 1325 ea
1298 1259 1372 1325 scil.
1392 1259 1548 1327 referria

214 1368 376 1453 Gregorio
385 1388 461 1433 naz.
478 1367 720 1435 revelationem
730 1366 859 1435 claram
871 1388 911 1434 ao
919 1366 1116 1433 distinctam
1127 1363 1280 1452 mysterii
1292 1364 1481 1448 Trinitatis,
1497 1387 1549 1432 re-

213 1474 296 1542 ferri
308 1472 353 1539 ab
367 1472 446 1541 aliis
456 1472 691 1560 cognitionem
709 1472 751 1540 de
772 1495 881 1560 regno
898 1474 1066 1540 messiano
1084 1471 1253 1562 spirituali
1265 1493 1306 1539 ac
1316 1470 1469 1554 coelesti,
1488 1493 1548 1539 co-

213 1580 403 1669 gnitionem
424 1581 512 1669 legis
529 1579 654 1647 veteris
673 1585 711 1646 ut
732 1578 806 1668 typi
825 1601 953 1663 novae3
974 1600 1076 1669 posse
1094 1577 1261 1666 assignari
1279 1577 1390 1646 multa
1401 1599 1489 1667 quae
1503 1578 1548 1646 ad

213 1683 369 1772 regimen
392 1685 562 1753 Ecclesiae
583 1685 725 1776 eiusque
749 1689 875 1751 statum
898 1685 1107 1774 pertineant.
1135 1688 1172 1750 ln
1200 1682 1336 1773 scriptis
1355 1682 1548 1775 apostolicis

211 1790 432 1860 inveniuntur
446 1792 557 1873 varia,
575 1813 663 1881 quae
677 1791 713 1858 iu
729 1790 918 1878 evangeliis
927 1814 996 1859 non
1013 1790 1307 1881 deprehendimus
1328 1789 1384 1878 (ci.
1403 1796 1473 1858 het.
1489 1797 1544 1857 10.

214 1903 266 1964 15.
285 1899 752 1980 icor.r‚1e;1s‚ea.u0m.
773 1884 886 1980 inas.
903 1906 918 1965 1
936 1900 1051 1967 rheu.
1070 1903 1165 1980 a‚1a;
1181 1899 1325 1965 arhen.
1344 1903 1413 1978 aa.
1426 1902 1546 1965 areu.

213 2010 269 2086 3,’1
293 2026 365 2094 seq.
391 2004 532 2094 Apoc.);
552 2003 595 2072 de
609 2005 650 2071 iis
666 2004 838 2094 apostolos
856 2028 882 2084 ⁴a
900 2005 1030 2095 Spiritu
1046 2026 1119 2072 csse
1137 2002 1273 2072 edoctos
1287 2002 1471 2071 verisimile
1484 2009 1545 2071 est.

213 2109 278 2177 Sed
299 2133 400 2177 nemo
430 2115 541 2201 potest
556 2111 763 2178 contendere
778 2110 950 2200 apostolos
967 2119 1093 2179 cuncta
1105 2131 1194 2201 quac
1213 2098 1414 2185 didicerunt
1425 2108 1548 2177 litteris

110 2232 115 2246 ⁴
214 2217 403 2292 mandasse.
424 2221 507 2284 Nam
525 2217 682 2307 plerique
697 2217 786 2284 nihil
806 2218 924 2307 scripti
944 2217 1179 2306 reliquerunt;
1196 2215 1305 2283 immo
1324 2216 1442 2305 aliqua
1456 2238 1545 2307 quae

211 2325 338 2413 scripta
353 2330 451 2390 erant
465 2323 646 2413 deperdita
659 2329 741 2391 sunt
756 2324 813 2412 (ci.
831 2332 846 2399 l
865 2327 941 2391 Cor.
960 2330 1030 2407 5,9.
1045 2325 1113 2393 Col.
1132 2324 1247 2413 t,1o);
1262 2345 1347 2410 ergo
1361 2322 1547 2390 traditione

214 2429 297 2496 orali
318 2429 387 2497 alia
411 2451 484 2498 esse
508 2437 640 2498 servata
659 2435 693 2497 et
716 2436 909 2522 propagata
933 2430 1075 2498 evidens
1099 2435 1199 2498 estet
1220 2432 1269 2496 ita
1287 2428 1443 2519 quidem,
1462 2430 1547 2496 utin

212 2536 294 2626 ipsis
312 2537 418 2605 sacris
440 2535 563 2604 litteris
582 2536 625 2605 ad
645 2537 867 2605 traditionem
884 2536 1017 2605 oralem
1033 2536 1264 2604 amandemur
1284 2539 1312 2622 (1
1336 2538 1411 2604 Cor.
1433 2541 1545 2634 1l,3t.

212 2645 357 2711 2Thess.
384 2646 491 2733 Μὰ).
515 2651 624 2723 Quare
641 2644 850 2734 interpretes
868 2644 1051 2711 acatholici
1077 2641 1297 2711 traditionem
1317 2643 1354 2710 in
1374 2642 1461 2709 thesi
1479 2665 1545 2710 non

213 2772 308 2839 posse
328 2751 506 2841 repudiari
521 2751 712 2834 affirmant3
729 2751 864 2819 addunt
881 2750 1023 2840 quidem
1039 2772 1116 2818 eam
1134 2749 1172 2816 in
1186 2747 1377 2840 hypothesi:
1389 2750 1413 2817 i.
1435 2772 1466 2816 e.
1483 2771 1546 2839 pro

213 2857 312 2923 certis
337 2857 440 2924 rebus
463 2879 643 2947 nunquam
668 2879 767 2947 posse
791 2857 931 2947 probari
956 2857 1014 2947 (ci.
1049 2856 1192 2946 Weiss);
1216 2878 1337 2923 verum
1356 2856 1385 2922 si
1398 2855 1493 2923 adest
1508 2858 1545 2922 in

213 2961 315 3045 thesi,
333 2964 436 3030 debet
451 2963 555 3031 etiam
577 2965 738 3051 cognosci
763 2986 878 3053 posse;
895 2964 980 3031 alias
996 2962 1104 3030 verba
1123 2963 1246 3031 Christi
1261 2963 1305 3030 de
1321 2983 1462 3029 munere
1475 2961 1548 3052 Spi-

215 3068 299 3136 ritus
313 3077 425 3137 essent
440 3092 544 3152 vana,
562 3092 687 3151 vacua,
703 3070 834 3137 inania.

258 3175 323 3244 Sed
345 3198 434 3265 quae
457 3198 550 3242 nunc
572 3199 696 3267 capere
715 3199 784 3244 non
803 3170 965 3267 possunt,
984 3199 1047 3244 suo
1072 3182 1227 3266 tempore
1249 3174 1382 3243 discent
1407 3173 1546 3243 doctore

214 3283 341 3373 Spiritu
368 3305 400 3349 v.
425 3290 465 3350 13
488 3304 566 3349 cum
587 3296 703 3350 eutem
727 3286 855 3350 venerit
885 3282 944 3351 ille
967 3282 1123 3372 Spiritus
1140 3281 1308 3366 veritatis,
1332 3281 1410 3349 vide
1432 3286 1543 3364 lt,1'l,

213 3387 344 3456 docebit
368 3411 425 3456 vos
449 3410 585 3457 omnem
611 3389 788 3456 veritatem
810 3398 951 3477 ὁδηγήσει
969 3397 1046 3474 ὑμᾶς
1062 3393 1105 3470 εἷς
1120 3398 1172 3472 τὴν
1193 3392 1335 3472 ἀλήθειαν
1350 3396 1462 3472 πᾶσαν,
1479 3389 1548 3455 dux

212 3486 407 3578 vobis'erit,
429 3517 489 3561 vos
507 3495 654 3563 deducet
671 3494 708 3562 iu
732 3518 870 3562 omnem
893 3495 1089 3577 veritatem,
1107 3495 1144 3561 in
1161 3494 1222 3562 illa
1234 3493 1309 3562 scil.
1327 3517 1416 3584 quae
1434 3494 1546 3561 haheo

213 3602 310 3668 vohis
329 3600 491 3681 dicenda,
512 3600 569 3668 sed
589 3624 679 3691 quac
697 3624 768 3668 non
796 3597 940 3693 potestis
961 3601 1064 3669 modo
1084 3603 1176 3672 ,ferre
1192 3601 1328 3691 (Peon).
1351 3601 1548 3669 Declaratur

214 3709 302 3789 fore,
321 3717 358 3775 ut
371 3707 439 3775 illis
457 3706 597 3775 adsistat
611 3708 733 3775 doctor
756 3709 918 3798 Spiritus,
937 3708 997 3798 qui
1012 3709 1294 3798 quotiescumque
1309 3707 1416 3775 dubia
1431 3729 1545 3775 exsur-

214 3818 299 3901 gant
313 3814 354 3880 iis
369 3821 533 3902 suggerat
547 3836 635 3903 quae
650 3837 731 3882 vera
745 3825 779 3882 et
800 3823 891 3882 recta
910 3820 1006 3896 sunt3
1022 3814 1134 3905 ipsum
1151 3823 1270 3902 ὁδηγεῖν
1290 3815 1404 3882 innuit
1421 3813 1547 3881 verita·

215 3927 284 3988 tem
296 3921 333 3986 in
352 3920 426 3988 dies
442 3922 551 4008 magis
566 3921 804 4011 explicandam
824 3929 856 3988 et
880 3944 943 4012 pro
956 3943 1074 3988 rerum
1090 3920 1289 3988 necessitate
1304 3920 1545 4012 applicandam

216 4031 249 4095 et
259 4026 483 4095 evolvendam
497 4033 532 4094 et
545 4050 609 4117 pro
619 4049 776 4095 errorum
786 4030 954 4098 varietate
964 4033 1000 4095 et
1009 4026 1208 4094 diversitate
1223 4027 1349 4094 elarius
1363 4032 1397 4094 et
1407 4026 1545 4094 distino-

216 4134 283 4200 tius
312 4134 575 4224 proponendam
604 4139 637 4200 et
663 4134 921 4202 declarandam.
952 4134 1120 4223 Spiritum
1153 4139 1266 4202 atatem
1296 4156 1337 4202 ea
1365 4133 1545 4202 docturum

216 4264 286 4310 esse
301 4264 389 4329 quac
405 4241 558 4308 Christus
579 4241 707 4309 habeat
731 4240 845 4308 dicere
861 4242 906 4330 (v.
929 4243 1002 4330 12),
1020 4241 1217 4309 indicatur:
1238 4263 1308 4307 aon
1326 4241 1415 4306 enim
1430 4240 1546 4331 loque-

217 4362 272 4415 tur
286 4372 308 4415 α
323 4347 519 4438 sernelipso,
538 4347 598 4416 sed
621 4371 856 4439 procerumque
880 4347 1001 4415 audiet
1021 4348 1199 4438 loqueum·
1211 4347 1259 4414 ita
1278 4347 1430 4415 Christus
1445 4346 1546 4413 disei-
1621 4360 1627 4375 ’

217 4457 306 4544 pulis
324 4477 419 4522 more
434 4456 585 4522 humano
599 4454 744 4544 loquens
758 4454 930 4543 significat
948 4454 1116 4545 Spiritum
1128 4476 1196 4521 non
1213 4454 1281 4522 alia
1296 4460 1331 4522 et
1344 4453 1456 4521 aliena
1470 4476 1548 4544 pro·
1628 4536 1631 4542 .

216 4562 366 4629 laturum
382 4583 470 4642 esse,
493 4562 552 4628 sed
574 4584 615 4629 ea
638 4584 727 4651 quae
749 4562 820 4653 ipsc
837 4561 988 4629 Christus
1003 4582 1081 4627 eum
1099 4560 1141 4628 iis
1160 4564 1410 4628 communicare
1427 4561 1500 4626 vult
1514 4567 1548 4627 et

218 4690 304 4760 quae
322 4669 451 4736 ideirco
470 4669 635 4759 Spiritum
651 4691 718 4736 ase
731 4669 851 4736 audire
866 4668 961 4735 dicit.
982 4667 1049 4736 Sed
1068 4668 1169 4735 simul
1185 4669 1249 4735 hoc
1264 4666 1429 4756 loquendi
1445 4667 1547 4735 modo

219 4775 385 4843 rohonem
404 4775 538 4843 indicat
562 4797 651 4864 quac
674 4776 765 4842 inter
789 4776 923 4842 divinas
947 4796 1112 4864 personas
1135 4773 1324 4841 intercedit.
1346 4774 1438 4840 Sicut
1456 4775 1548 4841 enim
