4116 5648
782 464 880 571 ion.
904 506 1063 578 naa-aa.

261 685 330 751 quo
346 665 455 726 lesum
478 657 842 741 confiteturttessiam,
866 680 888 725 a
911 661 979 723 Deo
1002 659 1159 740 missum,
1185 661 1282 728 euius
1302 659 1415 727 verbis
1439 661 1584 749 proinde

260 754 384 836 veritas
403 785 473 833 non
492 765 598 859 possit
617 784 689 829 non
706 763 817 834 inesse
836 762 970 852 (Gora).
996 769 1045 833 lta
1061 764 1136 833 eius
1160 765 1409 834 confessionem
1424 765 1586 852 intelligit

258 876 348 959 detq.
374 893 388 936 .·
408 872 548 962 quando
574 868 640 936 hoc
654 872 804 953 credidi,
825 868 956 937 oredidi
984 872 1067 960 quia
1091 877 1128 937 tu
1152 891 1188 936 es
1215 875 1434 955 resurreetio,
1454 871 1587 940 credidi

259 977 341 1067 quia
356 982 393 1045 tu
406 1002 441 1047 es
453 979 524 1045 vita
543 981 607 1044 etc.

303 1082 455 1153 advocat
467 1104 620 1151 sororem
634 1108 666 1152 v.
683 1091 726 1150 28
742 1094 774 1148 et
790 1105 866 1150 cum
880 1083 964 1150 hoec
975 1082 1134 1166 dimisset,
1153 1083 1239 1150 abiit
1251 1096 1283 1150 et
1293 1083 1426 1152 vocavit
1438 1086 1586 1154 Mariam

258 1210 406 1259 sororem
428 1210 527 1257 suom
556 1190 712 1271 silentio,
738 1194 837 1278 λάθρα
861 1189 966 1271 elam,
992 1218 1007 1249 ι(
1034 1196 1068 1255 et
1095 1211 1263 1279 perquam
1290 1190 1475 1280 prudenter
1497 1193 1585 1259 olam

259 1298 414 1385 magistri
428 1295 614 1363 adventum
632 1294 841 1382 significavit
854 1316 966 1385 neque
985 1294 1151 1383 surgendi
1163 1316 1301 1362 eausam
1313 1295 1414 1379 dixit;
1432 1296 1586 1388 alioquin

260 1403 356 1472 multi
371 1401 605 1484 recessissem
620 1423 712 1468 nuno
727 1408 842 1469 autem
853 1401 949 1470 illam
959 1422 1078 1469 omnes
1091 1402 1190 1492 quasi
1205 1402 1249 1469 ad
1263 1402 1392 1469 luctum
1409 1410 1585 1472 exeuntem

257 1514 449 1601 sequuntur
458 1535 474 1570 a
486 1508 597 1598 (car.)
607 1508 695 1574 etsie
703 1509 840 1576 testium
851 1508 1107 1599 multitudopro
1116 1508 1283 1576 miraculo
1291 1509 1584 1602 adest(Tl1eop}t.),

261 1616 375 1683 dicens
391 1635 405 1680 .·
420 1617 586 1706 moqis‘ter
600 1614 697 1681 adest
707 1627 740 1681 et
754 1628 851 1683 vocat
866 1626 918 1700 te,·
931 1620 1045 1705 potest
1056 1614 1126 1681 diei
1138 1636 1217 1682 oum
1234 1616 1309 1684 Gai.
1327 1616 1441 1705 ipsum
1453 1618 1585 1685 Domini

259 1721 445 1791 adventum
461 1745 533 1790 esse
552 1722 653 1812 quasi
671 1743 790 1790 vocem
812 1744 881 1813 qua
897 1722 1033 1789 Mariam
1053 1744 1192 1813 quoque
1207 1722 1253 1789 ad
1269 1745 1304 1790 se
1316 1723 1435 1791 venire
1449 1723 1582 1804 iubeat;

257 1829 312 1916 vel
323 1850 401 1895 eum
416 1831 509 1918 Auq.
527 1850 540 1893 :
560 1828 810 1915 evangelistam
823 1850 895 1896 non
911 1827 1027 1897 dicere
1039 1828 1100 1896 ubi
1115 1829 1171 1897 vel
1190 1823 1327 1919 qnando
1342 1831 1506 1898 Dominus
1520 1836 1585 1898 Ma·
1680 1902 1700 1920 ,1
1735 1874 1756 1901 .·

257 1934 342 2002 riam
358 1936 545 2016 vocaverit,
570 1942 608 2001 ut
622 1936 688 2002 hoo
705 1935 743 2002 in
764 1935 879 2002 verbis
895 1936 1045 2002 Marthae
1060 1936 1173 2025 potius
1189 1935 1404 2024 intelligatur
1418 1937 1586 2006 narratio-

257 2042 308 2108 nis
321 2041 489 2112 brevitate
506 2048 655 2118 servata3
671 2065 703 2109 v.
721 2048 764 2110 29
778 2041 840 2110 ille
852 2053 891 2109 ut
903 2041 1058 2123 audivit,
1071 2042 1185 2132 surqit
1198 2042 1265 2109 cito
1281 2056 1312 2110 et
1326 2044 1419 2111 venit
1433 2043 1481 2111 ad
1493 2067 1584 2127 earm,

256 2169 288 2213 v.
306 2154 348 2214 30
360 2147 514 2215 nondum
529 2148 622 2215 enim
642 2160 780 2215 venerat
799 2150 890 2216 [estu
906 2149 944 2216 in
963 2147 1162 2230 castellum,
1174 2148 1236 2216 sed
1248 2162 1322 2216 erat
1339 2149 1451 2217 addam
1467 2150 1504 2217 in
1523 2150 1584 2218 illo

257 2254 346 2339 loco,
364 2255 425 2322 ubi
442 2268 638 2323 occurrerat
649 2254 683 2321 ei
697 2254 853 2338 Mortem·
865 2256 908 2322 of.
928 2277 959 2321 v.
984 2262 1046 2339 203
1065 2256 1206 2323 attende
1222 2278 1325 2346 quam
1344 2263 1501 2325 accurate
1516 2257 1585 2326 sin·

257 2361 338 2449 gula
358 2383 517 2452 quaeque
543 2361 756 2449 evangelista
779 2368 911 2442 narret3
941 2363 990 2429 ita
1015 2362 1147 2453 quippe
1166 2363 1250 2430 solet
1267 2385 1408 2431 narrare
1429 2364 1489 2453 qui
1510 2364 1583 2455 ipse

258 2467 414 2536 interfuit
428 2474 462 2536 et
484 2470 602 2536 omnia
617 2469 800 2557 spectavit3
827 2492 858 2535 v.
882 2476 922 2537 31
946 2467 1068 2536 ludaei
1085 2492 1165 2558 erqo
1189 2469 1369 2559 quierant
1390 2492 1467 2537 cum
1491 2493 1531 2538 ea
1547 2472 1584 2538 in

255 2576 354 2643 domo
375 2589 407 2643 et
422 2576 688 2642 consolabantur
701 2598 795 2658 eam,
812 2598 890 2643 cum
907 2575 1071 2643 vidissent
1085 2576 1235 2643 Mariam
1253 2576 1338 2666 'quia
1352 2576 1418 2643 cito
1435 2578 1584 2645 surrexit
1625 2612 1628 2620 ·

254 2696 287 2750 et
298 2683 396 2765 exiit,
407 2683 517 2751 secuti
530 2696 610 2750 suat
624 2705 701 2750 eom
714 2669 865 2750 dieentes
875 2704 887 2748 .·
903 2683 988 2774 quia
1002 2681 1098 2750 vadit
1114 2681 1163 2749 ad
1176 2697 1445 2763 erronumentum,
1460 2697 1498 2750 ut
1505 2683 1584 2774 plo-

256 2804 306 2858 ret
321 2791 389 2875 ioi;
403 2789 497 2873 vide,
514 2813 602 2880 quae
618 2790 663 2857 ad
684 2813 715 2856 v.
739 2795 781 2856 38
796 2789 887 2857 dieta
905 2795 995 2856 sunt.

299 2898 402 2965 Maria
416 2897 604 2964 ferventior
618 2895 814 2985 (θερμοτέρα)
830 2902 904 2965 erat
917 2917 1023 2986 quam
1036 2918 1136 2963 soror
1150 2895 1222 2962 eius
1236 2895 1346 2984 (car.)
1362 2918 1393 2963 v.
1413 2903 1455 2963 32
1471 2898 1581 2964 Mario

256 3028 349 3094 erpo,
364 3026 441 3072 cum
456 3005 599 3070 venisset
614 3001 674 3068 noi
692 3015 767 3069 erat
780 3004 889 3086 Iesus,
907 3000 1026 3069 videns
1039 3024 1117 3068 eum
1137 3001 1263 3068 cecidit
1275 3001 1324 3070 ad
1339 3002 1445 3092 pedes
1461 3005 1534 3070 eius
1548 3016 1581 3071 et

256 3110 342 3178 dicit
355 3113 387 3177 ei
409 3132 422 3176 .·
445 3111 605 3193 Domine,
632 3112 663 3176 si
683 3109 808 3197 fuisses
831 3108 899 3192 tic,
914 3131 984 3175 non
1004 3122 1088 3176 esset
1110 3121 1262 3175 mortuus
1273 3109 1385 3197 frater
1408 3112 1578 3196 nzeus‚·of.
1630 3195 1636 3205 .

256 3240 288 3286 v.
306 3225 365 3299 ·21;
387 3246 403 3278 «
420 3217 542 3284 cecidit
557 3217 602 3283 ad
621 3215 726 3305 pedes
741 3222 832 3297 iesu,
849 3215 967 3282 dolore
985 3215 1102 3282 fratris
1116 3215 1247 3304 pariter
1263 3222 1297 3283 et
1318 3238 1435 3283 amore
1457 3217 1580 3284 Christi

254 3326 385 3405 saucia,
406 3323 629 3412 breviterque
651 3324 767 3390 locuta
789 3323 909 3409 lingua
934 3322 1114 3400 eontiouit;
1135 3328 1248 3390 cetera
1270 3323 1420 3390 lacrimis
1444 3323 1581 3391 uberius

254 3432 427 3522 peregit»
455 3430 582 3520 (Eup).
609 3434 736 3496 Locum
758 3429 939 3520 proprium
962 3427 1065 3496 Maria
1086 3431 1229 3516 agnovit
1252 3429 1356 3519 pedes
1381 3436 1453 3497 iesu
1477 3437 1511 3497 et
1533 3431 1582 3498 ita

253 3540 408 3625 agnovit,
425 3544 462 3603 ut
478 3537 631 3618 caderet,
651 3543 828 3626 tamquam
845 3537 1016 3626 impotens
1030 3557 1065 3602 se
1078 3536 1254 3603 continere
1274 3537 1368 3603 iuxta
1382 3536 1485 3625 pedes
1505 3542 1578 3605 lesu

253 3645 413 3734 aquibus
428 3643 530 3730 venia
542 3648 724 3710 consecuta
738 3644 850 3709 fuerat
864 3641 984 3731 (cae).
1002 3646 1226 3710 Communem
1239 3648 1272 3709 et
1286 3643 1357 3732 ipsa
1372 3642 1484 3711 fundit
1495 3665 1579 3733 que-

254 3752 360 3818 relam
382 3773 389 3818 :
413 3748 547 3818 utinam
568 3748 751 3816 adfuisses!
769 3748 880 3815 luotus
894 3769 1072 3838 nunquam
1094 3749 1236 3816 domum
1249 3755 1401 3817 nostram
1416 3772 1579 3840 occupas-

252 3866 319 3941 set;
335 3881 367 3926 v.
390 3863 431 3924 33
449 3859 543 3924 Iesus
557 3878 656 3944 erqo,
674 3868 713 3921 ut
726 3853 813 3921 vidit
829 3853 1115 3945 complorantem
1133 3868 1165 3921 et
1184 3854 1329 3922 Iudaeos
1344 3857 1406 3944 qui
1419 3868 1579 3924 venerant

254 3987 386 4033 cumea
399 3963 591 4053 plorantes,
610 3962 792 4052 infremuit
809 3961 935 4051 spiritu
950 3973 983 4028 et
1005 3962 1155 4028 turbavit
1170 3985 1204 4028 se
1219 3962 1346 4053 ipsum,
1367 3972 1578 4050 ἐνεδριμήσατσ

252 4084 292 4161 τῷ
316 4081 475 4155 :ratperta
498 4071 640 4137 verbum
658 4091 822 4157 graecum
840 4068 1012 4156 signifieat
1030 4068 1147 4151 irasci,
1164 4068 1358 4156 indignari3
1375 4070 1579 4136 comminari

254 4179 380 4267 legitur
407 4179 523 4244 Matth.
550 4184 629 4258 9,30
652 4183 687 4244 et
711 4181 809 4244 itare.
836 4182 930 4257 1‚a3;
957 4176 1103 4242 fremere
1126 4174 1328 4265 (indignari)
1354 4180 1451 4242 Maro,
1480 4181 1576 4257 1t‚5;

256 4298 296 4374 τῷ
311 4296 455 4368 πνεύματι
474 4291 564 4351 certe
586 4284 677 4351 idom
694 4283 779 4350 dicit
799 4282 893 4372 quod
908 4305 940 4349 v.
968 4288 1011 4349 38
1035 4281 1184 4348 habetur
1197 4291 1227 4349 ἑν
1248 4292 1366 4369 ἑαυτῷῑ
1389 4288 1480 4350 lesus
1494 4304 1578 4369 ergo
1680 4314 1682 4320 ’
1742 4275 1756 4304 ''

253 4415 390 4461 rursum
404 4392 553 4457 fremens
568 4393 602 4457 in
612 4390 806 4480 semetipso.
825 4394 920 4456 Hune
935 4387 1043 4455 animi
1057 4388 1217 4454 affectum
1228 4391 1327 4454 atesu
1344 4395 1465 4477 sponte
1476 4388 1577 4455 fuisse

252 4501 451 4577 excitatum,
468 4497 574 4563 otiam
590 4496 698 4564 altero
718 4497 875 4564 membro
892 4495 1066 4562 indicatur
1087 4516 1094 4562 :
1113 4500 1254 4582 ἐτάραξεν
1271 4502 1372 4562 {aazia
1394 4495 1578 4561 commovit

252 4608 410 4696 seipsum.
426 4607 549 4670 Omnes
561 4603 653 4669 enim
668 4604 776 4670 animi
792 4603 933 4670 affectus
947 4608 982 4668 et
994 4601 1168 4691 passiones
1179 4601 1213 4668 in
1227 4622 1288 4667 sua
1303 4600 1504 4689 plenissima
1517 4600 1578 4667 ha-

254 4712 356 4778 bebat
374 4718 554 4800 potestate;
577 4708 820 4777 exoriebantur
837 4708 978 4798 quando
998 4707 1276 4796 volebat,'neque
1298 4706 1390 4796 apud
1412 4730 1507 4788 eum,
1527 4710 1577 4775 uti

254 4817 350 4884 nobis
365 4818 508 4900 accidit,
533 4817 744 4883 voluntatem
763 4817 835 4886 eius
848 4815 1130 4905 praeveniebant.
1151 4819 1235 4880 Eum
1251 4814 1349 4881 tuisse
1368 4820 1575 4882 commotum

255 4925 479 4992 miserationis
497 4924 620 4992 affeetu
636 4921 728 4989 etad
744 4922 837 4992 hunc
856 4922 1016 4990 affectum
1032 4943 1105 4989 sese
1122 4921 1296 5005 excitasse,
1311 4919 1392 4987 satis
1406 4921 1488 5012 ipsis
1504 4942 1577 4987 ver·
