4050 5648
34 508 36 512 ⁴
241 524 301 587 218
492 500 495 507 ’
786 536 867 583 roan.
889 518 1024 594 enom.

242 678 277 729 Et
295 693 382 745 quum
406 676 597 733 ascendissent
620 672 726 736 navim,
743 681 880 729 venerunt
920 671 1045 732 θαλάσσης
1077 663 1109 727 είς
1135 665 1308 739 Καφαρναούμ.
1333 670 1377 724 χαλ
1403 666 1489 722 σκοτία
1516 664 1564 732 ἤδη

242 771 319 821 trans
334 783 411 821 mare
434 773 462 820 ln
482 764 691 826 capharnaum
706 769 734 815 et
748 766 880 817 tenebrae
921 757 1046 830 ἐγεγόνει,
1066 759 1107 807 acl
1125 754 1193 808 οὕτω
1211 753 1328 823 ἐληλύθει
1357 758 1417 830 αρθς
1444 754 1567 817 αίιτοθςθ

240 859 297 910 lam
320 860 410 911 tactae
424 855 517 910 crant;
535 853 563 900 et
577 862 633 900 non
649 860 766 906 venerat
780 853 878 903 adcos
921 848 1029 914 Ἰησοῦς,
1054 847 1095 899 18.
1115 845 1131 911 ἢ
1155 864 1181 897 τε
1204 843 1316 898 θάλασσα
1339 847 1432 918 άνίμου
1451 844 1563 918 μεγάλου

243 948 330 1000 lesus.
362 947 402 997 l8.
431 943 506 991 llere
534 947 641 1002 autem,
669 948 753 994 vento
778 954 880 1003 magno
921 939 1036 994 πνέοντος
1069 934 1211 1006 διεγείρετο.
1250 936 1293 989 19.
1331 934 1484 1003 ἐληλακότες
1520 927 1564 987 οὖν

171 1037 173 1043 ’
242 1036 342 1096 flante,
363 1028 540 1092 exsurgebat·
566 1030 605 1081 19.
628 1031 720 1092 Quum
742 1031 880 1092 remigas-
920 1026 954 1085 ὡς
980 1021 1092 1084 σταδίους
1114 1023 1262 1077 εἰκοσιπέντε
1286 1023 1302 1089 ἢ
1331 1026 1479 1095 τριάκοντα,
1501 1026 1564 1078 θεω-

36 1102 48 1191 ’ζ
206 1193 208 1196 ¹
245 1129 309 1177 sent
331 1132 400 1183 ergo
423 1119 504 1182 quasi
520 1119 610 1170 stadia
631 1119 731 1183 viglntl
756 1118 882 1183 quinque
923 1119 1002 1184 ροῡσιν
1038 1113 1079 1164 τὀν
1111 1113 1208 1181 Ἰησοῦν
1240 1116 1423 1181 περιπατοῦντα
1455 1112 1495 1167 tat
1525 1115 1569 1179 τῆς

34 1202 43 1287 Ἰ
191 1260 195 1267 ,
242 1217 291 1264 aut
312 1209 442 1270 triglnta,
463 1207 558 1259 vident
577 1209 670 1260 Iesum
690 1205 878 1258 ambulantem
923 1199 1055 1267 θαλάσσης,
1076 1202 1213 1274 salinis
1239 1204 1283 1254 τοῦ
1312 1199 1400 1253 πλοίου
1425 1203 1567 1273 γινόμενον·

31 1292 46 1338 ’ἶ”
107 1355 112 1364 ,
136 1303 145 1377 .⁷
243 1309 329 1362 supra
347 1308 437 1355 mare,
454 1304 483 1348 et
501 1300 658 1362 proximum
677 1295 743 1344 navi
762 1293 837 1356 sieri,
853 1299 882 1346 et
923 1288 964 1341 καὶ
995 1288 1157 1359 destiterat.
1191 1295 1236 1347 io.
1265 1289 1279 1342 t
1311 1288 1338 1342 et
1366 1289 1436 1360 λίγιι
1465 1289 1566 1354 αυτοῖς,

233 1389 406 1450 timuerunt.
423 1386 465 1437 io.
483 1386 533 1436 llle
551 1382 725 1437 autemdicit
742 1384 784 1433 els
799 1384 881 1447 :Ego
926 1376 996 1449 Ἐγώ
1025 1377 1085 1449 εἰμι·
1120 1378 1154 1451 μὴ
1182 1380 1308 1452 φοθεῖσθε.
1340 1382 1384 1434 tl.
1411 1375 1503 1443 ἤθελον
1522 1373 1568 1431 civ

244 1487 321 1536 sum,
337 1476 425 1527 nolite
446 1478 554 1527 timere.
575 1474 618 1522 tl.
640 1471 796 1522 Voluerunt
814 1485 882 1536 ergo
923 1466 1009 1519 λαθεῖν
1042 1467 1115 1522 αθτθν
1148 1468 1182 1531 είς
1213 1469 1242 1522 τί)
1273 1468 1378 1533 πλοῖον,
1408 1465 1451 1519 sel
1483 1465 1571 1528 εὐθέως

243 1565 369 1629 accipere
389 1566 502 1617 eumin
525 1564 631 1618 navim;
649 1564 677 1610 et
693 1561 787 1611 statim
801 1563 880 1612 navis
925 1555 1023 1626 ἐγένετο
1059 1558 1088 1611 τ“ο
1124 1558 1211 1612 ιιλοῖον
1247 1557 1287 1612 tat
1318 1560 1363 1624 τῆς
1398 1560 1445 1629 γῆς
1472 1554 1506 1617 είς
1535 1555 1566 1622 ἢν

236 1654 295 1704 'luit
308 1655 344 1705 ad
359 1659 462 1705 terram
476 1654 505 1701 ln
520 1662 604 1714 quam
619 1648 706 1698 ibant.
923 1643 1033 1716 ὑπῆγον.
1579 1638 1580 1646 ’

279 1822 330 1874 Sln
350 1822 435 1871 habet
448 1832 476 1869 ν.
497 1819 526 1868 15
540 1819 580 1868 tta
595 1831 602 1866 ε
618 1821 647 1869 et
660 1818 819 1881 cogitabant
836 1824 866 1870 ut
880 1822 1010 1882 raperent
1024 1831 1088 1870 eum
1102 1823 1130 1869 et
1147 1818 1272 1870 lacerent
1285 1831 1351 1870 eum
1364 1831 1475 1883 regem3
1492 1818 1571 1869 lesus

242 1914 337 1961 autem
351 1910 443 1959 sciens
456 1907 567 1972 reliquit
583 1920 632 1958 eos
650 1911 679 1967 et
692 1907 819 1959 discessit
837 1909 865 1957 tn
880 1909 1004 1958 montem
1018 1908 1078 1970 ipse
1097 1907 1184 1957 solus.
1199 1908 1232 1958 ln
1249 1922 1278 1957 ν.
1297 1908 1328 1958 15
1342 1922 1426 1974 prora
1441 1905 1474 1962 re·
1484 1902 1572 1957 aclt¹

242 1999 295 2063 gl;
312 1999 372 2061 pler
386 2003 480 2047 tamen
496 2011 665 2062 ανεχωρησεν,
685 1996 800 2047 secesslt
813 1996 952 2061 bdelqr.
971 1996 1002 2046 ln
1017 2010 1044 2046 v.
1061 1997 1092 2047 11
1113 1999 1157 2046 sin
1173 2009 1180 2045 :
1197 2001 1302 2047 etcum
1317 2009 1382 2047 eum
1398 1997 1573 2059 accepissent

243 2089 273 2136 in
286 2099 402 2147 navem,
416 2086 512 2157 statlm
528 2083 565 2151 (in
580 2084 730 2150 momento)
746 2085 827 2135 navis
840 2087 901 2135 erat
915 2087 944 2135 in
959 2091 1033 2136 terra
1044 2085 1079 2135 ad
1095 2097 1180 2149 quam
1195 2085 1358 2137 tendebant.
1462 2091 1464 2095 ’

288 2250 438 2343 Populus
453 2250 702 2341 exspectatione
721 2257 755 2317 et
770 2252 910 2317 notione
929 2251 1030 2338 regni
1044 2251 1179 2318 llessiae
1191 2251 1392 2340 temporalis
1410 2250 1563 2329 imbutus

243 2381 306 2448 pro
318 2359 483 2449 temporis
501 2358 591 2426 illius
604 2357 718 2424 indole
732 2363 767 2424 et
787 2356 983 2424 conditione
1000 2358 1055 2447 (ci.
1078 2362 1128 2425 Pa.
1151 2358 1272 2426 salom.
1294 2365 1335 2425 17
1351 2365 1385 2425 et
1400 2379 1487 2448 quae
1500 2379 1563 2424 no·

244 2467 315 2537 tavi
328 2465 367 2533 in
381 2468 568 2534 Commeat.
586 2465 700 2532 llatth.
716 2469 777 2556 lp.
794 2472 835 2532 10
850 2465 936 2555 seq.)
952 2470 1061 2532 lesum
1075 2465 1109 2532 vi
1122 2465 1195 2533 vult
1209 2464 1381 2533 abducere
1396 2466 1433 2532 in
1447 2464 1568 2531 urbem

244 2594 393 2670 cumque
406 2594 525 2659 regem
539 2571 757 2655 constituere,
772 2577 809 2637 ut
820 2572 893 2638 scil.
911 2577 1081 2640 Romanos
1095 2572 1242 2663 expellat
1255 2577 1289 2639 et
1300 2593 1448 2660 regnum
1461 2570 1567 2639 David

140 2753 145 2764 ⁸
245 2680 431 2746 resuscitet.
455 2686 493 2746 at
506 2679 617 2768 primo
638 2678 778 2768 quidem
792 2701 871 2746 vere
890 2702 929 2746 ex
952 2679 1012 2746 tali
1032 2679 1200 2747 miraculo
1219 2679 1431 2747 concludunt
1457 2685 1567 2746 lesum

244 2807 318 2852 esse
329 2785 480 2852 llessiam
497 2785 551 2851 vel
575 2790 611 2852 nt
625 2784 675 2851 illi
692 2785 890 2874 concipiunt
904 2807 1068 2873 magnum
1087 2785 1187 2853 illum
1211 2786 1416 2877 prophetem
1436 2784 1497 2874 qui
1515 2806 1570 2851 ex·

243 2892 465 2982 spectabatur
484 2915 516 2958 v.
542 2898 580 2958 rt
604 2891 659 2956 illi
680 2913 760 2979 erqo
775 2890 928 2958 domines
943 2914 1021 2958 cum
1042 2892 1205 2958 vidissent
1219 2890 1314 2981 quod
1329 2893 1423 2957 Iesus
1438 2892 1569 2979 [ereren

244 2998 399 3087 siquam,
417 2997 602 3065 dicebant:
619 2998 705 3088 quia
717 2996 773 3064 lu‘c
788 3011 836 3064 ese
853 3020 928 3065 vere
941 2985 1127 3089 propbeta,
1152 3010 1245 3081 vere:
1261 2997 1361 3089 proin
1375 2999 1469 3065 lama
1482 2997 1568 3064 haec

245 3109 278 3171 et
293 3105 412 3195 opinio
428 3105 470 3172 de
489 3111 560 3172 lesu
582 3106 650 3172 iam
667 3109 742 3172 erat
758 3127 875 3196 sparsa
889 3127 1033 3195 eamque
1047 3106 1177 3196 experti
1193 3105 1265 3172 eius
1279 3102 1473 3196 potentiam
1487 3126 1571 3171 con-

245 3210 400 3292 firmant,
418 3213 480 3301 qui
498 3224 658 3279 venturus
676 3211 776 3278 estin
790 3211 977 3296 mundum,·
999 3213 1041 3280 cf.
1062 3216 1296 3295 1,21.Verum
1317 3232 1396 3278 mox
1418 3210 1477 3278 alii
1499 3233 1571 3278 mo-

245 3324 328 3385 nent
342 3319 544 3408 prophetam
560 3319 646 3385 adeo
666 3323 843 3408 potentem
861 3318 962 3409 plane
983 3326 1103 3409 aptum
1122 3341 1192 3386 esse
1214 3318 1274 3409 qui
1294 3340 1353 3385 rex
1367 3319 1471 3384 lsrael
1492 3340 1572 3384 con-

245 3427 382 3490 stitutus
406 3423 551 3510 gloriam
573 3425 722 3492 nominis
743 3425 845 3492 lsrael
874 3431 1050 3492 revocaret
1064 3430 1295 3493 Romanorum
1312 3423 1396 3511 iugo
1420 3424 1567 3504 abiect03
1655 3435 1657 3444 '

247 3552 278 3598 ν.
299 3538 339 3598 15
355 3533 448 3598 lesus
463 3553 543 3620 erqo
560 3553 637 3597 cum
655 3531 864 3620 cognovisset
875 3531 958 3620 quia
975 3531 1109 3598 uenturi
1123 3544 1230 3599 essent
1245 3544 1284 3598 ut
1298 3544 1568 3620 repercuterem,

245 3638 279 3702 vi
295 3637 506 3704 abducerent
521 3638 555 3703 in
572 3636 709 3718 urbem,
728 3637 789 3703 ubi
802 3636 873 3705 scil.
889 3642 1042 3726 tempore
1060 3637 1213 3728 paschali
1230 3639 1353 3724 ingens
1366 3637 1571 3705 ludaeorum

246 3743 429 3810 multitudo
451 3744 583 3810 adesset
607 3742 761 3835 adeoque
783 3766 823 3810 ex
843 3765 961 3811 eorum
988 3744 1146 3832 opinione
1167 3744 1299 3834 optima
1323 3746 1422 3830 regni
1447 3744 1572 3811 cousti-

246 3848 367 3916 tuendi
384 3848 638 3939 opportunitas,
656 3862 689 3915 et
706 3851 860 3937 facerent
881 3872 960 3917 eum
983 3837 1111 3939 regem,
1131 3857 1168 3917 ut
1186 3851 1260 3919 scii.
1284 3853 1321 3918 in
1340 3850 1571 3918 sollemnitate

247 3955 308 4023 illa
329 3977 397 4044 qua
420 3955 576 4022 liberatio
593 3978 612 4022 a
630 3956 711 4043 iugo
733 3957 981 4046 Aegyptiorum
1004 3954 1256 4037 celebrabatur,
1281 3959 1426 4026 alteram
1440 3957 1570 4024 libere·

247 4064 376 4128 tionem
393 4062 559 4144 efficeret,
578 4061 687 4151 srcqit'
699 4063 824 4129 iterum
842 4064 1031 4150 ἀνεχώρησεν
1047 4063 1182 4130 secessit
1198 4063 1326 4130 iterum
1339 4072 1518 4152 tamquam
1532 4065 1570 4130 in

246 4169 359 4237 locum
376 4169 556 4253 tutiorem,
571 4169 698 4237 iterum
712 4169 784 4236 scil.
801 4170 888 4235 sicut
902 4190 934 4235 ν.
952 4175 984 4250 3,
1004 4168 1042 4235 in
1056 4181 1218 4251 montem,
1235 4192 1275 4237 ex
1293 4192 1378 4260 quo,
1399 4169 1448 4236 uti
1463 4193 1526 4261 per
1537 4192 1572 4237 se

248 4280 358 4365 patet,
373 4278 409 4342 in
424 4276 537 4343 locum
554 4275 705 4365 aliquem
726 4274 918 4366 planiorem
933 4274 1084 4362 regionis
1100 4275 1195 4344 illius
1209 4276 1435 4344 descenderat
1448 4277 1493 4344 ad
1507 4277 1572 4343 do·

247 4382 394 4449 cendum
418 4391 450 4448 et
472 4379 679 4463 sanandum'3
697 4383 768 4471 ipse
782 4381 893 4467 solus;
917 4404 997 4449 nam
1014 4378 1057 4449 ne
1072 4382 1230 4474 discipuli
1246 4406 1385 4474 quoque
1401 4384 1515 4451 studio
1536 4390 1570 4450 et

248 4488 360 4556 furore
383 4489 442 4555 illo
458 4487 579 4579 populi
594 4490 856 4579 corriperentur,
878 4490 992 4557 statim
1015 4497 1173 4578 coegerat
1190 4514 1246 4557 eos
1264 4491 1449 4558 ascendere
1472 4491 1570 4558 navi-

249 4594 378 4676 culam,
398 4602 435 4662 ut
466 4594 707 4685 praecederent
726 4617 760 4662 se
782 4601 876 4664 trans
903 4597 1028 4662 fretum
1049 4596 1094 4664 ed
1123 4596 1341 4665 bethsaidam
1369 4619 1477 4687 prope
1506 4602 1572 4666 Ca-

247 4701 443 4791 pharnaum
472 4705 525 4789 (cf.
549 4702 662 4769 llatth.
693 4707 803 4785 ltffi,
830 4708 926 4772 Marc.
951 4704 1057 4790 am).
1085 4709 1173 4772 lesus
1196 4711 1309 4772 autem
1329 4705 1366 4769 in
1386 4703 1570 4773 solitudine

249 4809 375 4874 montis
389 4811 536 4878 orationi
550 4810 708 4888 vacabat3
723 4799 809 4876 abiit
826 4813 862 4878 in
878 4816 1026 4877 montem
1043 4834 1141 4879 erare
1157 4811 1268 4901 (llere.
1286 4812 1394 4899 6,θ6).

293 4918 337 4980 lle
361 4916 508 4984 cibanda
529 4915 750 4984 multitudine
771 4919 957 5005 cogitatum
972 4922 1021 4983 est
1045 4941 1083 4985 ex
1104 4918 1288 5008 synopticis
1303 4941 1444 5009 vespere
1463 4920 1568 4998 sacto,
