4050 5648
902 528 983 578 ιολιν.
1009 514 1136 590 'iod-19.

358 681 483 732 ascendit
506 681 632 736 aliunde,
656 673 704 722 ille
725 669 769 719 [οε
792 678 835 721 est
858 678 886 723 et
912 673 993 722 latro.
1038 670 1086 718 τῶν
1104 659 1245 730 προδώσειν,
1266 659 1334 715 ἀλλὰ
1354 660 1495 719 Mam,
1518 665 1677 736 mmm

359 768 384 819 θ.
402 770 457 831 Qui
475 776 568 821 autem
592 766 678 813 intrat
699 771 748 824 per
767 762 882 820 ostium,
900 765 996 823 pastor
1037 752 1130 810 ἐκεῖνος
1155 748 1263 820 κλέπτης
1290 749 1352 803 ἔστὶν
1379 751 1421 802 καὶ
1437 753 1541 827 λῃστής·
1562 759 1587 810 ρ,
1612 752 1627 806 6
1652 752 1680 806 γε

358 865 401 911 est
425 863 529 912 ovium.
551 855 577 904 3.
602 850 673 900 Huic
693 851 824 901 ostiarius
845 850 952 913 aperit,
968 854 996 899 et
1037 838 1210 909 εἰσερχόμενος
1240 839 1281 892 διὰ
1313 843 1355 905 rftt
1389 840 1462 909 οὐρα,
1492 845 1582 916 mi„
1612 842 1678 898 μω,

359 963 427 1001 oves
454 955 551 996 vocem
576 941 638 990 eiua
664 939 793 1000 audiunt;
817 942 845 990 et
871 939 996 1001 proprias
1037 935 1085 982 τῶν
1109 928 1252 997 repedarat.
1276 933 1302 983 3.
1327 927 1408 999 τούτῳ
1436 928 1450 982 θ
1477 934 1584 1005 θυρωρὸς
1606 931 1677 987 &201-

359 1051 427 1089 oves
455 1035 536 1081 vocat
563 1031 741 1090 nominatim,
766 1033 794 1080 et
819 1027 912 1078 educit
936 1037 993 1076 eas.
1037 1037 1089 1088 γει,
1123 1017 1165 1069 καί
1200 1018 1232 1071 σθ
1263 1017 1375 1090 πρόσω
1410 1022 1454 1085 ‘fit
1483 1009 1571 1090 φηγ,
1601 1022 1675 1076 W

360 1126 384 1175 t.
403 1123 437 1172 Et
450 1131 537 1182 quum
553 1121 679 1182 proprias
693 1131 761 1170 oves
776 1115 914 1172 emiserit,
931 1120 996 1163 ante
1038 1104 1135 1175 ἀκούει,
1154 1107 1197 1159 καὶ
1223 1108 1254 1162 τὰ
1286 1106 1338 1160 ἴδω
1370 1107 1482 1178 ,γήθυα
1511 1114 1593 1180 ms
1617 1109 1677 1166 mr,

359 1224 408 1263 eas
423 1207 512 1267 vadit;
529 1208 557 1256 et
571 1219 640 1259 ovea
653 1207 732 1257 illum
746 1206 911 1268 sequuntur,
930 1203 997 1265 quia
1038 1196 1127 1266 ὄνομα,
1152 1196 1194 1247 κα1
1221 1195 1307 1268 ίξάγει
1334 1196 1404 1253 αθσιί.
1432 1201 1457 1251 1.
1482 1197 1541 1251 ὅταν
1569 1200 1600 1254 τὰ
1628 1199 1678 1253 rm

360 1299 451 1349 sciunt
480 1308 576 1346 vocem
598 1299 667 1347 eius.
693 1295 719 1345 5.
750 1292 880 1342 Alienum
904 1294 996 1341 autem
1038 1283 1119 1336 πάντα
1141 1282 1250 1359 ίκῦάλῃ,
1269 1286 1407 1359 ίμνιροσθεν
1427 1285 1506 1339 αὐτῶν
1531 1288 1673 1358 πορεύω.

359 1399 417 1435 non
436 1387 600 1448 sequuntur,
619 1384 669 1435 sed
683 1382 794 1446 tugiunt
808 1378 842 1428 ab
866 1390 914 1438 eo,
931 1380 998 1442 quia
1038 1372 1079 1423 καί
1106 1371 1137 1426 τὰ
1169 1374 1280 1446 πρθῦασα
1312 1374 1380 1446 αθτῷ
1407 1375 1554 1440 ἀκολουθοῖ,
1582 1377 1620 1428 θιι
1641 1376 1679 1430 οἶ.

253 1543 259 1550 ,
358 1486 413 1523 non
427 1477 565 1526 noverunt
576 1485 674 1525 vocem
689 1473 854 1522 alienorum.
1038 1457 1110 1514 θοισιν
1128 1460 1174 1529 ιὴν
1192 1462 1276 1536 φωνὴν
1295 1463 1379 1519 αθτοῦ.
1402 1470 1428 1520 5.
1448 1464 1578 1536 ἀλλοτρίῳ
1600 1463 1627 1518 at
1649 1465 1678 1519 οὗ

395 1562 421 1613 6.
439 1564 498 1614 Hoe
514 1563 693 1627 proverbium
710 1559 780 1609 dixit
794 1559 836 1608 ets
849 1556 936 1607 lesus.
954 1556 998 1606 lili
1040 1548 1073 1621 μὴ
1091 1550 1316 1620 ἀκολουθήσουσιν,
1333 1553 1401 1606 ἀλλὰ
1419 1554 1549 1625 φιῦξυνται
1570 1552 1617 1608 ἀπ’
1635 1553 1678 1606 αθ·

359 1660 453 1703 antem
468 1666 523 1703 non
542 1652 736 1714 cognoverunt
749 1643 817 1711 quid
836 1646 999 1708 loqueretur
1039 1644 1094 1693 τοῦ·
1109 1642 1147 1694 dn
1158 1641 1203 1695 οάκ
1212 1643 1295 1696 οἵθσισι
1304 1648 1353 1696 τῶν
1367 1629 1507 1714 ἀλλοτρίων
1521 1644 1567 1710 τὴν
1580 1643 1676 1715 φωνήν.

355 1743 408 1798 ais.
437 1742 463 1791 7.
496 1741 572 1791 Dixit
595 1750 663 1801 ergo
688 1738 730 1788 eis
757 1738 857 1786 iterum
884 1733 965 1784 Ieaus
990 1747 996 1782 :
1075 1732 1102 1784 6.
1121 1730 1219 1798 Τοῦσῃν
1241 1728 1287 1797 τήν
1310 1732 1446 1803 παροιμίαν
1470 1731 1539 1786 είνιεν
1563 1732 1678 1795 αθσοῖςθ

359 1832 463 1889 Arnen,
479 1841 560 1878 amen
583 1826 646 1877 dico
658 1826 754 1885 vobis,
775 1825 842 1888 quia
859 1834 913 1887 ego
934 1835 998 1872 sum
1043 1816 1146 1885 ἶίῃσοῦς·
1167 1817 1259 1873 ίκεῐνοι
1282 1819 1310 1872 δὲ
1332 1818 1375 1873 οθκ
1398 1820 1511 1886 ίγνωσαν
1535 1822 1590 1876 τίνα
1612 1818 1678 1890 ἦνθ
1748 1887 1751 1893 ¹

357 1921 460 1969 ostium
484 1919 587 1968 ovium.
611 1914 638 1964 8.
662 1914 767 1965 Omnes
788 1914 925 1976 quotquot
946 1923 999 1962 ve·
1040 1906 1124 1960 ίλάλει
1142 1907 1235 1972 αὐτοῖς.
1255 1914 1283 1964 7.
1303 1906 1381 1962 Εἶπεν
1399 1904 1443 1962 οῦν
1467 1910 1542 1964 σκίλιν
1564 1908 1674 1982 Ἰησοῦς,

360 2009 476 2063 nerunt,
502 2005 577 2055 tures
600 2007 665 2054 sunt
685 2008 714 2055 et
735 2002 870 2061 iatrones;
892 2006 919 2052 et
943 2013 998 2051 non
1044 1993 1125 2067 Ἀμὴν
1154 1995 1221 2065 ἀμὴν
1245 1997 1312 2068 λίγω
1334 1998 1405 2070 ὑμῖν,
1430 1997 1482 2066 ίγώ
1500 1998 1585 2069 cipri
1614 2000 1674 2072 θίρσι

359 2095 508 2146 audierunt
521 2106 662 2144 eosovas.
1040 2093 1088 2139 τῶν
1107 2086 1251 2158 πρυὸάτων.
1276 2090 1301 2141 8.
1331 2090 1419 2151 πάντες
1445 2090 1500 2142 ὅσοι
1525 2084 1603 2156 ἦλθον
1626 2089 1674 2160 xpo

395 2185 421 2236 9.
443 2184 503 2248 Ego
526 2196 589 2233 sum
612 2183 725 2232 ostium.
747 2181 801 2231 Per
822 2192 866 2230 mo
889 2181 914 2230 si
937 2181 1000 2242 quis
1040 2175 1117 2245 ἐμοῦ,
1136 2175 1244 2230 κλίσεσι
1267 2175 1328 2230 ιίσὶν
1354 2178 1396 2230 καί
1422 2178 1521 2250 λῃσταί·
1544 2177 1605 2230 ἀλλ’
1630 2177 1677 2232 οῦκ

360 2275 512 2333 introierit,
531 2272 697 2332 salvabitur;
720 2272 748 2322 et
770 2269 952 2338 ingredietur,
972 2272 1000 2317 et
1040 2264 1147 2330 ἤκουσαν
1166 2264 1246 2319 αὐτῶν
1267 2265 1297 2318 τὰ
1315 2267 1437 2337 ιιρόῦασκ.

359 2362 519 2428 egredietur
541 2363 568 2411 ot
590 2373 695 2424 pascua
717 2360 848 2409 inveniet.
875 2357 915 2409 1θ.
945 2355 1000 2407 Fur
1077 2358 1101 2409 9.
1123 2352 1174 2425 ίγώ
1199 2353 1251 2426 είμι
1275 2354 1291 2422 ἦ
1322 2355 1392 2427 θῦρα·
1424 2354 1460 2407 δι’
1488 2355 1548 2427 ἐμοῦ
1578 2355 1620 2408 ἐὰν
1644 2377 1679 2419 ιις

359 2464 415 2502 non
435 2453 513 2501 venit
534 2450 587 2500 nisi
602 2454 633 2499 111
646 2448 762 2508 furetur,
788 2452 816 2497 et
833 2451 950 2507 mactet,
973 2452 1000 2496 et
1041 2442 1154 2516 εἰσέλθῃ,
1175 2443 1327 2514 σωθήσεται,
1354 2445 1396 2497 καὶ
1429 2443 1593 2498 εἰσελεύσεται
1634 2444 1676 2498 καί

357 2540 467 2604 perdat.
491 2539 550 2602 Ego
564 2539 630 2589 vetii
650 2542 681 2588 ut
700 2538 787 2586 vitam
810 2536 946 2596 habeant,
973 2540 1000 2585 et
1041 2532 1204 2602 ἀξιλεῦσετιιι,
1241 2533 1283 2586 tat
1319 2532 1400 2605 νομὴν
1443 2533 1551 2604 εάρκὶσει,
1589 2538 1630 2590 10.
1664 2534 1679 2587 ὅ

358 2629 546 2679 abundantius
558 2626 690 2678 habeant.
704 2625 746 2676 11.
762 2625 823 2689 Ego
835 2628 1001 2690 sumpastor
1040 2621 1145 2690 κλέπτης
1167 2622 1213 2675 οῦκ
1237 2622 1337 2696 ίρχεσαι
1360 2622 1382 2676 εἰ
1405 2622 1438 2694 μή
1460 2624 1504 2675 ἵνα
1526 2619 1607 2698 κλίψῃ
1631 2624 1673 2677 καί

361 2718 459 2767 bonus.
487 2718 583 2767 Bonus
608 2717 704 2780 pastor
722 2717 845 2765 animam
859 2727 938 2764 auam
953 2714 1001 2764 dat
1041 2712 1101 2785 θῦοῃ
1129 2712 1171 2764 καὶ
1197 2711 1322 2786 ἀπολέσῃ·
1358 2711 1409 2783 ίγὼ
1441 2709 1519 2780 ἦλθον
1541 2712 1586 2765 ἵνα
1605 2711 1672 2778 ζωὴν

359 2819 411 2869 pro
425 2807 525 2856 ovibus
543 2807 612 2856 suis.
1041 2799 1130 2873 ἔχωσιν
1152 2801 1194 2854 καὶ
1213 2802 1328 2871 πιρισσὸν
1347 2801 1451 2872 ὄχοισιν.
1476 2806 1516 2856 11.
1540 2800 1612 2871 Ἐγώ
1630 2800 1681 2872 εἶμι

398 2895 438 2945 12.
456 2894 643 2944 Meroenarius
659 2898 762 2953 autem,
778 2895 867 2957 etqui
883 2905 939 2943 non
958 2899 1000 2943 est
1040 2889 1055 2940 θ
1082 2888 1207 2961 κοιμὴνθ
1231 2890 1317 2951 καλός·
1341 2890 1355 2942 θ
1378 2887 1469 2962 ποιμὴν
1497 2890 1512 2942 θ
1539 2889 1615 2953 καλθς
1633 2888 1678 2955 τὴν

359 2991 464 3048 pastor,
486 2986 564 3034 cuius
588 2996 644 3033 non
667 2988 733 3033 aunt
759 2995 827 3034 oves
854 2983 998 3046 propriae,
1040 2976 1121 3050 ψυχὴν
1149 2977 1224 3032 αὐτοῦ
1254 2979 1351 3046 τίθησιν
1380 2977 1438 3048 trip
1457 2984 1505 3031 τῶν
1534 2978 1676 3050 κροῦάιων.

358 3074 435 3124 videt
449 3073 545 3137 lupum
561 3074 735 3133 venientem,
750 3075 778 3122 et
792 3071 905 3122 dimittit
919 3083 997 3130 ovea,
1080 3071 1120 3122 tt.
1140 3068 1155 3120 ἀ
1174 3067 1297 3139 μισθωτὸς
1321 3068 1363 3121 καὶ
1390 3067 1434 3121 oriz
1459 3071 1494 3120 ὢν
1518 3066 1622 3139 ποιμὴν,
1648 3061 1679 3121 οὗ

358 3168 388 3215 et
401 3162 486 3227 θοοῦ,
499 3166 527 3212 et
542 3162 625 3225 lupus
638 3162 712 3225 rapit
726 3162 755 3211 et
768 3160 904 3224 dispergit
918 3173 997 3210 ovea.
1040 3155 1085 3208 οῦκ
1102 3156 1168 3210 ίστιν
1187 3156 1217 3210 ιθ
1235 3156 1346 3229 νιρθῦατα
1360 3156 1422 3224 ίθια,
1438 3147 1529 3228 θεωρεῖ
1540 3158 1583 3210 τθν
1601 3155 1676 3210 λῦκον

363 3251 404 3302 13.
420 3252 610 3302 Mereonarius
627 3255 721 3300 autem
740 3249 825 3313 fugit,
843 3251 909 3313 quia
925 3261 1000 3298 mer-
1041 3244 1188 3317 ἐρχόμενον,
1216 3247 1259 3298 καί
1291 3246 1389 3316 ἀφίησιν
1420 3246 1451 3300 τὰ
1479 3246 1606 3317 πρθῦατα,
1635 3245 1677 3298 κκ1

358 3343 487 3391 canarius
501 3347 557 3400 est,
574 3345 603 3390 et
621 3352 678 3390 non
695 3340 817 3402 pertinet
831 3338 866 3388 ad
885 3341 949 3388 eum
964 3337 998 3387 de
1041 3334 1133 3406 ρεῦγει·
1163 3335 1205 3387 καὶ
1234 3335 1249 3387 θ
1279 3335 1353 3398 λῦκος
1388 3335 1490 3406 ἁρπάζει
1522 3334 1601 3399 nord,
1635 3335 1677 3387 καὶ

360 3429 469 3480 ovibus.
1041 3424 1181 3495 σκορπίζει,
1205 3428 1245 3478 ta.
1271 3426 1310 3478 ὅτι
1338 3426 1458 3496 μισθωτός
1486 3423 1551 3478 ἔστιν
1580 3423 1622 3477 καὶ
1647 3423 1678 3476 ὀὗ

400 3518 441 3567 rt.
454 3516 514 3580 Ego
526 3530 587 3566 sum
603 3515 798 3580 pastorbonus
805 3530 812 3576 ;
824 3522 852 3566 et
861 3528 1001 3580 cognosco
1042 3512 1111 3582 μέλει
1129 3511 1196 3584 αῦτῷ
1213 3513 1268 3586 napi
1285 3520 1335 3567 τῶν
1353 3513 1495 3586 προῦοίιων.

362 3611 494 3667 meas‚ot
508 3610 682 3668 cognoscunt
702 3617 746 3655 nro
763 3617 851 3655 meae.
868 3605 908 3654 15.
923 3603 1001 3655 Sicut
1080 3605 1121 3656 tt.
1146 3601 1197 3672 ίγώ
1228 3601 1278 3674 είμι
1306 3602 1321 3656 ὁ
1352 3601 1445 3675 ποιμὴν
1477 3603 1491 3654 θ
1523 3601 1610 3664 καλός·
1637 3603 1679 3656 καθ

361 3698 438 3745 novit
454 3707 498 3745 me
514 3695 607 3754 Pater,
622 3698 708 3758 etego
727 3705 851 3756 agnosco
871 3685 1014 3754 Pa'trem;'
1040 3693 1156 3760 γινώσκω
1187 3691 1218 3744 τὰ
1255 3691 1317 3763 int,
1336 3692 1379 3745 καί
1405 3692 1556 3762 γινώσκουσί
1584 3711 1614 3763 μα
1646 3691 1677 3744 :a

360 3792 388 3835 et
401 3787 523 3834 animam
541 3795 633 3833 meam
644 3795 720 3846 pono
735 3794 786 3845 pro
801 3783 900 3834 ovibus
917 3784 998 3833 meis.
1041 3780 1102 3851 ἐμά,
1140 3784 1180 3835 15.
1214 3782 1296 3843 καθὼς
1326 3784 1443 3852 γινώσκει
1474 3801 1503 3850 με
1535 3782 1550 3834 θ
1582 3779 1678 3851 πατὴρ,

398 3874 440 3924 td.
467 3873 500 3922 Et
527 3873 598 3921 alias
626 3884 694 3922 oves
717 3871 822 3934 habeo,
846 3885 919 3935 qnae
943 3884 999 3921 non
1040 3870 1112 3940 κάγὼ
1137 3872 1253 3941 γινώσκω
1276 3871 1319 3924 τθν
1342 3873 1442 3942 καινίρσ·
1463 3872 1504 3924 καί
1527 3869 1572 3937 τὴν
1590 3870 1673 3944 ψυχήν

358 3970 425 4013 sunt
447 3976 481 4011 ex
504 3963 558 4010 hoc
581 3962 662 4020 ovili3
684 3966 712 4010 et
736 3960 799 4010 illas
821 3966 932 4022 oportet
954 3973 998 4011 me
1040 3978 1087 4028 μου
1107 3959 1192 4030 τίθημι
1210 3959 1269 4029 ἀπὲρ
1287 3965 1336 4013 τῶν
1354 3961 1497 4032 προῦάτων.

359 4052 498 4102 adducere
524 4052 551 4099 et
577 4062 674 4100 vocem
701 4060 792 4098 meam
817 4047 945 4107 audient;
972 4052 999 4098 et
1079 4051 1119 4101 to.
1139 4048 1181 4099 κα1
1198 4048 1267 4100 ἀλλα
1288 4050 1403 4120 πρόῦαια
1427 4049 1494 4122 ἔγω,
1515 4051 1531 4100 θ
1550 4048 1595 4101 οῦκ
1613 4049 1677 4102 ἔστιν

359 4142 406 4191 fiet
423 4153 509 4191 unum
524 4139 613 4198 ovile,
629 4144 657 4188 et
676 4150 749 4187 unua
767 4142 871 4200 pastor.
1039 4134 1066 4187 ἐκ
1093 4140 1136 4203 τῆς
1158 4135 1235 4202 αὐλῆς
1258 4137 1356 4205 ιαῦιῃς·
1377 4137 1540 4190 adrationari
1561 4158 1591 4209 με
1611 4137 1677 4210 ἀγα-

399 4231 439 4280 ίλ.
464 4230 616 4292 Propterea
635 4239 680 4276 me
703 4225 794 4288 diligit
818 4226 910 4287 Pater,
932 4228 998 4291 quia
1037 4226 1103 4294 γεῦν,
1128 4226 1169 4277 καὶ
1193 4229 1236 4292 τῆς
1263 4234 1344 4297 φωνῆς
1374 4246 1422 4297 μου
1451 4226 1610 4292 ἀκούσουσιν,
1635 4226 1678 4279 καί

359 4333 412 4382 ego
427 4332 501 4383 pono
522 4319 645 4367 animam
663 4327 769 4375 meam,
785 4318 816 4364 ut
833 4317 933 4365 iterum
947 4330 997 4366 su·
1037 4315 1185 4384 γενιθσονιαι
1204 4315 1249 4387 μία
1267 4315 1369 4386 ποίμνη,
1390 4311 1425 4378 εἷς
1443 4315 1548 4387 ποιμήν.

360 4420 433 4457 mam
444 4406 568 4458 eam.18.
581 4406 671 4456 Nemo
682 4404 930 4466 tolliteamatne;
946 4404 996 4456 sad
1061 4406 1116 4477 17.
1137 4403 1178 4456 διὰ
1202 4404 1275 4457 τοῦτό
1301 4425 1331 4477 με
1359 4405 1373 4457 ὁ
1399 4407 1482 4477 πατήρ
1511 4406 1611 4477 ἀγαπᾷ,
1636 4408 1675 4459 ὅτι

357 4509 411 4559 ego
426 4510 500 4559 pono
515 4509 578 4546 eam
591 4509 608 4544 a
626 4506 671 4544 me
695 4494 771 4556 ipso,
787 4498 816 4543 et
830 4495 996 4556 potestatem
1037 4491 1088 4563 ἐγὼ
1106 4493 1191 4564 τίθημι
1209 4491 1254 4559 τὴν
1273 4494 1354 4566 ψυχήν
1375 4515 1431 4564 μου,
1447 4496 1490 4546 ίνα
1509 4495 1584 4548 πάλιν
1603 4493 1677 4547 λάθω

358 4585 448 4634 habeo
464 4584 585 4647 ponendi
598 4597 670 4642 eam,
688 4584 890 4645 etpoteatatern
905 4583 996 4636 habeo
1038 4581 1119 4637 κάστίν.
1155 4587 1195 4638 18.
1225 4583 1303 4646 οὐθείς
1332 4581 1389 4654 ἦρεν
1414 4583 1490 4649 αὐτὴν
1522 4583 1569 4636 ἀπ’
1596 4583 1671 4656 ἐμοῦ,

357 4675 457 4723 iterum
486 4673 614 4724 sumendi
646 4684 719 4722 earn.
748 4670 807 4720 Hoc
834 4672 995 4723 mandatum
1037 4670 1100 4723 ἀλλ’
1119 4671 1170 4743 ίγὼ
1194 4674 1280 4745 τίθῃμι
1303 4672 1379 4738 αάιὴν
1403 4672 1450 4726 ἀπ’
1473 4673 1590 4744 ἐμαυτοῦ,
1611 4673 1676 4736 ἔξου-

356 4761 578 4825 accepiaPatre
589 4774 662 4811 meo.
1037 4761 1092 4812 σίαν
1123 4762 1175 4835 ἔχω
1200 4765 1281 4816 θεῖναι
1312 4761 1399 4827 atrio,
1420 4763 1462 4815 καί
1486 4762 1594 4824 ἐξουσίαν
1620 4763 1673 4834 ἔχω

395 4851 436 4903 19.
460 4850 605 4900 Dissensio
630 4851 731 4900 iterum
757 4849 831 4900 tacta
858 4854 901 4900 est
927 4854 997 4903 inter
1036 4849 1110 4904 πάλιν
1138 4851 1226 4905 λαῦιῖν
1255 4853 1341 4917 αῦτκίν.
1371 4853 1461 4919 ταύτην
1494 4851 1539 4918 τὴν
1568 4852 1672 4918 ίνσολὴν

356 4943 475 4994 iudaeos
489 4943 604 5002 propter
618 4950 762 4990 sermones
778 4939 838 4989 hos.
1039 4939 1129 4994 ίλαῦον
1148 4942 1214 5012 παρὰ
1232 4948 1276 4995 τοῦ
1296 4942 1384 5013 καιρός
1402 4963 1455 5014 μον.
