4116 5648
813 86 817 91 .
973 82 993 91 ἰ
1138 87 1141 91 .

782 148 805 162 s,
867 137 905 167 ¹⁴⁴*
967 140 1001 170 'A'
1042 147 1063 162 ι»
1103 144 1153 168 ομ..
1193 137 1204 155 ’.
1243 136 1294 157 ,“·(.
1326 138 1357 159 η,
1413 131 1415 136 “

1051 171 1092 239 N!

855 407 935 455 ron.
961 389 1115 460 ramas.
1589 387 1657 450 aas·

320 542 380 611 ille
393 545 465 633 ipse
483 541 542 630 qui
562 539 669 608 oeulis
679 541 922 631 suisspectavit
934 561 1006 606 rem
1021 563 1096 608 eam
1110 561 1172 606 suo
1188 540 1382 608 testimonio
1389 541 1647 627 comprobatam

321 672 392 717 esse
416 654 449 714 et
468 647 534 713 hoc
559 669 657 714 suum
682 646 914 716 testimoninm
941 669 980 715 ae
1009 646 1281 715 testificationem
1302 667 1504 737 permanere
1529 647 1600 714 vult
1617 661 1650 715 et
1759 727 1763 733 .

323 775 437 822 oerum
465 765 513 819 est
537 754 769 822 testimonium
789 752 863 819 eius
887 757 1033 837 ἁληθινή;
1053 751 1242 818 testificatio
1266 760 1315 818 est
1336 754 1408 820 scil.
1435 752 1514 821 talis
1540 754 1650 841 qualis

320 882 391 927 esse
410 859 512 927 debet
532 859 720 928 secundum
742 881 858 927 veram
882 866 1039 928 naturam
1064 866 1097 924 et
1113 859 1263 926 indolem
1285 858 1469 926 testimonii
1488 857 1647 947 genuini;

321 967 404 1034 haec
420 974 468 1035 est
483 968 574 1034 enim
590 965 640 1031 vis
657 986 696 1032 ac
711 966 805 1033 notio
819 971 960 1051 ἀληθινός
977 966 1033 1054 (cf.
1050 971 1142 1046 t,23.
1161 973 1220 1044 373
1238 970 1335 1046 6,3·2;
1356 971 1453 1046 7383
1478 972 1552 1046 15,1
1572 966 1650 1047 etc.)

320 1078 354 1140 et
376 1074 486 1165 ipsum
512 1093 582 1139 esse
606 1073 855 1160 evangelistam
878 1079 996 1139 testem
1025 1095 1173 1162 eumque
1200 1073 1322 1138 intima
1345 1072 1416 1138 veri
1436 1073 1651 1161 persuasione

321 1203 394 1248 rem
416 1178 533 1247 testari
556 1200 634 1246 cum
659 1180 821 1270 emphasi,
841 1179 1039 1247 declaratur
1066 1192 1127 1248 :et
1149 1178 1207 1245 ille
1230 1180 1312 1261 scit,
1329 1178 1468 1245 attende
1488 1198 1648 1269 praesens

321 1292 476 1376 tempus,
500 1307 569 1375 quo
591 1307 628 1352 se
652 1286 738 1353 haec
756 1285 907 1353 scribere
929 1284 1076 1367 indicat;
1094 1308 1204 1375 neque
1226 1286 1336 1352 obstat
1361 1295 1490 1368 ἐκεῖνος
1513 1282 1652 1375 ponitur

321 1392 413 1460 enim
430 1391 549 1459 eodem
571 1391 676 1459 modo
700 1414 770 1481 quo
795 1399 875 1475 9,37
895 1414 903 1461 :
926 1394 985 1482 qui
1012 1392 1162 1483 loquitur
1181 1399 1292 1459 tecum
1310 1402 1423 1473 ἐκεῖνος
1439 1401 1514 1460 ἐστίν
1530 1391 1551 1457 i.
1570 1414 1602 1458 e.
1623 1391 1651 1457 is

321 1498 413 1566 idem
431 1504 481 1566 est
505 1498 607 1565 lilius
631 1498 707 1576 nen
731 1498 818 1588 quia
844 1522 923 1565 aera
947 1497 1033 1565 dicit
1057 1503 1172 1584 ἀληθῆ,
1193 1511 1229 1565 (ιι
1248 1511 1282 1564 et
1304 1521 1363 1565 vos
1383 1497 1541 1565 credatis.
1562 1494 1651 1575 Quid

321 1603 530 1672 credendum
563 1605 625 1688 sit,
658 1605 880 1695 sequentihus
910 1604 1117 1685 declaratur,
1145 1610 1251 1672 lesum
1281 1605 1354 1673 scil.
1383 1628 1454 1672 esse
1478 1604 1649 1672 Christum

321 1711 536 1802 praedictum
556 1711 671 1803 (Cpr.)
696 1710 733 1777 in
752 1734 821 1802 quo
845 1713 984 1779 oracula
997 1713 1067 1779 sint
1079 1698 1230 1801 impleta.
1248 1716 1357 1789 Quare
1372 1718 1466 1778 tanta
1482 1731 1651 1778 assevera-

321 1818 416 1885 tione
437 1818 585 1885 alfirmat
600 1817 661 1885 illa
676 1840 756 1884 vere
770 1818 806 1884 in
829 1824 900 1884 lesu
925 1820 1016 1885 facta
1032 1840 1123 1900 esse,
1141 1821 1224 1908 quia
1235 1840 1275 1885 ex
1289 1817 1359 1885 illis
1374 1819 1532 1904 cognosci
1548 1816 1652 1884 debet
1761 1848 1763 1853 ·

321 1946 401 1991 eum
425 1945 494 1990 esse
515 1945 634 1991 verum
657 1930 792 2011 hgnum
819 1926 1037 2014 paschalem,
1063 1948 1182 1993 verum
1206 1928 1367 1993 ltessiam.
1394 1925 1510 1992 Fidem
1532 1925 1650 2015 itaque

322 2029 422 2097 docet
432 2030 547 2119 parari
565 2037 598 2097 et
617 2030 719 2097 inniti
737 2030 837 2098 lactis
856 2032 1026 2098 historicis
1042 2054 1228 2121 eorumque
1243 2038 1336 2099 certa
1355 2033 1549 2119 cognitione
1566 2035 1649 2098 tam·

321 2158 426 2227 quam
445 2137 670 2227 praeambulo
692 2137 856 2227 quodam.
886 2139 971 2204 Dicit
998 2152 1034 2203 ut
1055 2151 1087 2204 et
1110 2162 1166 2203 cos
1189 2137 1355 2218 credatis,
1380 2138 1467 2204 sicut
1487 2135 1560 2203 scil.
1578 2136 1652 2226 ipse

321 2243 448 2333 aliique
462 2266 501 2310 ex
515 2242 717 2334 impletione
735 2245 977 2311 vaticiniorum
991 2244 1139 2311 credunt
1155 2250 1264 2312 lesum
1275 2266 1347 2312 esse
1362 2245 1524 2311 ltessiam.
1541 2247 1652 2321 Quare

322 2349 442 2417 dubito
467 2351 553 2416 sitne
575 2349 619 2416 ad
638 2372 712 2417 rem
729 2349 823 2439 quod
844 2354 934 2440 Auq.
959 2358 1053 2418 notat
1076 2375 1084 2416 ι
1104 2375 1174 2419 non
1192 2351 1278 2418 dixit
1306 2375 1314 2418 ε
1346 2358 1383 2418 ut
1402 2358 1436 2417 ct
1448 2372 1505 2416 vos
1516 2351 1649 2429 sciatis;

321 2457 381 2524 scd
398 2463 436 2522 ut
459 2457 619 2536 credatis3
636 2457 698 2525 scit
716 2457 808 2524 enim
836 2460 896 2547 qui
919 2458 1021 2539 vidit,
1039 2459 1137 2525 cuius
1151 2459 1269 2525 credat
1287 2457 1485 2525 testimonio
1501 2457 1562 2546 qui
1580 2478 1652 2523 non

322 2562 420 2631 vidit.

367 2670 432 2737 Sed
445 2670 653 2757 evangelista
667 2692 738 2737 non
752 2671 788 2737 id
800 2672 890 2751 vult,
909 2677 947 2738 ut
957 2677 1100 2738 eventus
1112 2671 1186 2738 illos
1194 2670 1350 2750 credent,
1367 2669 1427 2738 sed
1441 2677 1478 2736 ut
1492 2692 1532 2735 ex
1547 2691 1651 2737 even-

323 2776 415 2842 tibus
437 2775 505 2843 illis
525 2799 564 2842 ex
590 2776 775 2843 certissimo
795 2777 990 2844 testimonio
1017 2778 1164 2864 cognitis
1187 2776 1290 2845 fidem
1307 2798 1404 2843 suam
1428 2776 1649 2853 confirment3

322 2882 401 2950 ideo
427 2883 542 2972 pergit
563 2906 594 2950 v.
618 2889 659 2950 36
673 2884 768 2971 sactu
786 2896 866 2950 sacrat
884 2883 977 2949 etaim
998 2883 1096 2968 hoec,
1118 2898 1156 2950 ut
1178 2884 1355 2974 Scriptura
1370 2881 1570 2971 impleretur
1583 2904 1598 2949 .·
1615 2904 1651 2948 os

324 3012 393 3056 non
420 2989 656 3057 comminuetis
675 3013 718 3056 ex
737 3010 796 3071 eo;
818 2989 854 3056 id
876 2990 1002 3057 dicitur
1018 2995 1073 3057 Ex.
1098 2997 1198 3071 tato
1222 2999 1256 3057 et
1276 2995 1375 3056 Num.
1398 2996 1478 3071 am
1498 2989 1539 3055 de
1558 3009 1650 3076 agno

323 3095 492 3185 paschali3
508 3096 609 3186 proin
626 3095 725 3163 docet
739 3096 952 3184 evangelista
972 3102 1083 3163 lesum
1095 3100 1152 3186 qui
1166 3121 1206 3164 eo
1221 3097 1277 3163 die
1292 3096 1488 3163 immolatus
1502 3102 1567 3178 est,
1581 3096 1650 3161 imo

323 3208 526 3291 cotempore
539 3225 607 3292 quo
624 3204 740 3270 ludaei
755 3203 955 3270 occiderunt
966 3225 1096 3291 egnum
1109 3203 1318 3293 paschalem,
1332 3225 1403 3270 esse
1415 3203 1649 3292 impletionem

325 3309 428 3376 huius
451 3310 600 3396 figmae,
627 3332 697 3377 esse
725 3315 862 3397 agnum
890 3310 948 3377 [lei
972 3310 1032 3400 qui
1053 3310 1150 3377 tollat
1172 3318 1351 3400 peccatum
1373 3308 1513 3391 mundi,
1530 3309 1650 3375 sicuta

324 3414 472 3505 baptista
495 3416 775 3484 annuntiabatur.
799 3422 837 3484 Et
858 3417 1045 3504 singularis
1065 3417 1201 3483 divinae
1218 3417 1457 3507 providentiae
1472 3413 1650 3505 dispositio

324 3521 487 3602 cernitur,
503 3523 584 3612 quia
608 3523 732 3589 milites
751 3522 843 3590 missi
863 3530 961 3589 erant
974 3523 1018 3589 ad
1031 3523 1276 3611 crurifragium
1292 3530 1326 3589 et
1340 3522 1489 3589 duorum
1503 3522 1650 3589 aliorum

324 3649 425 3695 crura
447 3651 565 3697 revera
588 3629 769 3717 fregerunt
795 3652 904 3718 neque
927 3637 1043 3696 tamen
1077 3636 1164 3709 lesu,
1191 3631 1347 3720 quemvis
1367 3651 1449 3696 sane
1473 3626 1653 3718 pontifices

324 3735 570 3802 desiderassent
589 3736 656 3802 tale
680 3736 908 3826 opprobrium
932 3737 1036 3803 etiam
1058 3742 1193 3804 mortuo
1215 3743 1285 3803 lesu
1308 3737 1438 3802 interni.
1458 3741 1597 3817 Verum,
1616 3740 1653 3800 ut

326 3841 413 3908 hene
435 3840 517 3908 dicit
539 3842 780 3932 Apolinmius.
804 3866 872 3909 non
891 3843 1036 3910 decebat
1057 3843 1181 3910 ossium
1202 3842 1396 3910 disturbare
1413 3843 1649 3919 harmoniam3

326 3946 469 4014 decebat
494 3970 573 4016 sane
595 3970 726 4036 agnum
750 3950 949 4038 paschalem
979 3972 1056 4016 eum
1086 3950 1279 4016 reverentia
1306 3956 1473 4030 tractare,
1491 3947 1584 4015 unde
1606 3947 1652 4014 ab

325 4053 450 4121 ossium
469 4054 698 4123 confractione
710 4063 743 4122 et
759 4055 914 4142 ingluvie
936 4056 993 4122 illa
1010 4078 1113 4145 quam
1130 4057 1225 4122 llich.
1248 4063 1305 4134 3,3
1323 4054 1563 4145 reprehendit,
1580 4073 1652 4120 om·

326 4160 408 4227 nino
422 4169 491 4228 erat
509 4161 762 4229 abstinendum.
779 4164 973 4229 Omiscrunt
989 4162 1095 4248 igitur
1111 4162 1236 4228 milites
1251 4162 1286 4228 id
1302 4162 1415 4229 iacere
1428 4161 1523 4249 quod
1540 4160 1652 4227 facere

325 4268 409 4335 iussi
428 4274 544 4348 erant;
562 4275 596 4336 at
611 4269 764 4337 fecerunt
780 4269 872 4358 quod
897 4269 977 4335 iussi
997 4291 1065 4335 non
1087 4278 1197 4336 erant.
1217 4270 1309 4336 Unde
1326 4267 1510 4358 peculiaris
1526 4265 1584 4333 [tei
1599 4287 1652 4332 or·

327 4373 456 4440 dinatio
477 4375 628 4461 ignorari
652 4398 720 4442 non
747 4383 875 4465 potest,
896 4397 1000 4464 quam
1027 4376 1238 4442 demonstrat
1260 4374 1473 4462 evangelista
1496 4396 1526 4439 v.
1550 4378 1593 4438 37
1620 4383 1653 4438 et

325 4480 448 4547 iterum
463 4480 535 4546 alia
547 4482 726 4572 Scriptura
741 4495 839 4569 γραφή
854 4483 895 4549 de
917 4505 985 4548 uno
1001 4483 1075 4549 loco
1097 4482 1223 4549 dicitur
1240 4482 1376 4571 saepius
1399 4486 1497 4548 ltarc.
1530 4485 1650 4558 1·2‚10;

329 4590 407 4655 Luc.
428 4592 523 4669 &213
547 4596 617 4654 Act.
645 4596 734 4672 aaa,
763 4588 879 4655 dicit:
906 4587 1066 4655 ridebunt
1087 4590 1121 4653 in
1145 4613 1243 4678 quma
1268 4588 1528 4676 transfixerunt,
1547 4585 1650 4652 Zach.

331 4699 443 4774 1210,
470 4717 572 4785 quem
594 4694 705 4762 locum
738 4700 878 4762 loannes
891 4703 1039 4785 ‘quoque
1067 4697 1163 4762 atl'ert
1190 4703 1294 4784 apoc.
1327 4703 1397 4775 1,7;
1425 4692 1586 4760 recitatur
1609 4689 1652 4758 ad

328 4821 465 4867 sensum
485 4825 524 4869 ex
550 4801 646 4868 hebr.
671 4825 679 4868 :
702 4803 869 4892 aspicient
887 4803 931 4869 ad
955 4823 1010 4868 me
1036 4824 1137 4892 quem
1166 4804 1418 4868 transfixerunt.
1448 4799 1547 4889 hpud
1572 4818 1652 4887 pro·
1726 4850 1730 4854 .
