4116 5648
177 39 1794 127 11115Ήεῖκὴε-Δς-ἐκ,ἑτιῑῆετψῑτεγεὶῖιεψε·ῑ;ι·1ῑ1ἒ>·’ἒι-;-ιῑ·“ν;ττῖῑ·«ῖ111ἓωὲιὲὶέἓῇἢξὲὲῑιῖ1111.ἱ*1

447 154 453 167 '
613 159 707 188 meve·
797 182 810 203 q
820 144 881 209 ’λῳ
900 172 912 187 a
924 132 1280 197 ¹5⁴5·cafi-.·='›·1·oma'{tn8ttlt³t¹ftl
1292 153 1379 182 wass-r
1389 154 1411 180 -‚:
1476 143 1491 170 ¹·
1529 160 1536 173 ι
1568 164 1581 192 ⁴.
1608 163 1615 176 .
1666 154 1670 161 ·
1727 168 1734 187 ,-

1667 247 1669 258 l

842 351 924 399 toas.
950 336 1051 412 1131.
1550 335 1607 395 tut

282 506 388 579 quam
407 483 534 552 dedisti
545 485 648 568 milti,
666 481 748 551 dedi
762 485 826 571 eis,
845 496 885 550 ut
898 485 967 553 sint
983 507 1108 568 unum,
1124 485 1213 553 sicut
1227 498 1260 552 ct
1274 506 1336 553 nos
1350 505 1459 549 anaim
1474 506 1609 571 sicaria&

281 596 367 663 haec
382 591 516 661 claritas
526 599 613 675 δόξα,
628 612 735 679 quam
751 596 849 658 Pater
863 593 893 658 ei
906 592 1019 672 dedit,
1035 597 1074 659 ut
1087 592 1184 661 illam
1197 592 1298 658 nobis
1308 594 1421 672 daret,
1440 597 1489 656 est
1501 593 1609 676 gloria

281 698 455 767 filiationis
472 700 623 767 divinae.
647 699 798 766 Christus
813 697 915 766 homo
933 698 1029 788 quia
1049 703 1148 766 Patre
1163 699 1295 786 accepit
1308 698 1455 784 gloriam
1471 697 1609 764 filiatio-

281 805 336 872 nis
353 804 488 874 divinae
503 804 687 887 naturalis,
706 811 743 871 ut
759 810 847 871 essct
867 806 969 872 Filius
987 807 1046 872 Dei
1060 827 1124 894 per
1137 808 1318 884 naturam,
1335 802 1430 870 dedit
1444 803 1610 871 credenti-

281 912 346 978 bus
368 917 570 1002 potestatem
599 911 688 979 filios
720 910 778 976 Dei
802 910 878 978 fieri
903 911 1024 1001 (idi).
1054 916 1125 978 lam
1150 911 1215 977 hac
1237 909 1404 976 filiatione
1430 911 1555 977 collata
1576 909 1608 976 id

280 1017 417 1087 efficere
436 1019 524 1099 vult,
547 1025 585 1084 ut
606 1017 670 1084 filii
692 1016 729 1083 hi
748 1016 841 1084 inter
858 1039 893 1085 se
919 1017 986 1084 sint
1010 1039 1135 1099 unum;
1157 1017 1281 1083 eodem
1299 1016 1391 1083 enim
1414 1016 1536 1105 spiritu
1553 1018 1609 1083 lici

279 1134 443 1212 aguntur,
465 1124 558 1191 idem
579 1126 615 1192 in
639 1124 687 1190 cis
705 1124 846 1213 spiritus
865 1124 988 1191 Christi
1008 1124 1093 1191 vivit
1110 1124 1167 1214 (ci.
1192 1127 1290 1191 Rom.
1314 1129 1382 1204 8,9.
1410 1129 1462 1189 10.
1483 1130 1535 1189 11.
1555 1128 1607 1189 lt.

283 1238 340 1314 16;
357 1239 378 1298 2
392 1236 465 1299 Cor.
485 1237 574 1314 13‚5.
588 1230 659 1298 Cal.
678 1233 790 1319 230),
805 1230 892 1298 sicut
907 1235 1006 1297 Pater
1018 1237 1053 1297 et
1066 1230 1169 1298 Filius
1185 1251 1291 1297 unum
1307 1236 1387 1297 sunt
1400 1228 1519 1296 eadem
1535 1229 1607 1295 scil.

279 1344 420 1419 natura,
437 1337 630 1419 intellectu,
647 1336 835 1404 voluntate.
855 1341 945 1404 llaec
960 1336 1043 1403 unio
1064 1335 1221 1403 fidelium
1238 1336 1400 1403 laudatur
1414 1336 1451 1402 in
1464 1335 1609 1424 primor-

279 1443 345 1512 diis
359 1443 410 1511 rei
420 1444 629 1512 christianae
642 1442 726 1531 (hcl.
744 1449 841 1526 a‚tu;
857 1445 966 1530 tau),
984 1442 1249 1512 commendatur
1260 1443 1375 1510 valide
1390 1443 1435 1509 ab
1449 1442 1612 1532 apostolis

281 1551 393 1640 (Rom.
419 1557 509 1631 15,5.
533 1557 570 1632 63
596 1557 611 1616 1
636 1552 710 1616 Cor.
738 1555 830 1636 1‚10.
855 1549 942 1639 uph.
969 1553 1025 1632 t‚3
1041 1549 1142 1638 etc),
1166 1546 1377 1636 efflagitatur
1399 1550 1560 1615 continuo
1575 1547 1610 1614 in

280 1655 430 1725 Ecclesia
443 1655 579 1724 Christi.
595 1660 661 1722 Vae
675 1654 758 1738 iltis,
781 1656 842 1746 qui
855 1655 922 1722 hoc
942 1677 1027 1746 opus
1041 1655 1168 1723 Christi
1187 1655 1223 1722 in
1242 1653 1417 1743 aliquibus
1438 1655 1610 1721 destruere

279 1766 465 1830 attentant!

319 1924 411 1986 Varie
427 1922 600 1985 claritatem
613 1923 689 1992 δόξαν
704 1923 873 2002 explicant.
888 1920 1093 1985 Filiationem
1113 1923 1270 1994 divinam,
1292 1921 1472 2002 adoptivam
1491 1921 1609 1982 intelli-

279 2026 361 2101 gunt
375 2019 456 2102 Rup.
473 2020 559 2081 lana.
576 2018 656 2102 an.
673 2018 748 2081 Nat.
766 2017 875 2098 Scltz.,·
889 2038 971 2100 quae
992 2021 1159 2100 explicatio
1179 2021 1318 2082 maxime
1339 2024 1387 2081 est
1406 2020 1497 2081 obvia
1519 2024 1550 2080 et
1570 2020 1609 2080 ad

280 2119 414 2180 verbum
438 2119 556 2199 gloriae
579 2119 818 2180 accommodata
835 2123 867 2179 et
892 2117 930 2179 ad
956 2119 1108 2179 unionem
1137 2118 1227 2178 illam
1255 2117 1458 2178 alliciendam
1482 2134 1609 2196 prorsus

279 2219 503 2279 consentanca.
521 2217 606 2278 llaec
620 2216 731 2277 filiatio
746 2234 809 2294 qua
823 2215 951 2277 divinae
971 2219 1136 2277 consortes
1151 2215 1311 2277 efficimur
1328 2219 1460 2276 naturae
1481 2220 1528 2275 est
1548 2212 1610 2281 δόξα

277 2317 313 2378 in
327 2332 361 2376 se
376 2315 440 2376 iam
455 2317 488 2375 et
502 2314 663 2376 inchoatio
677 2313 835 2392 quaedam
847 2313 967 2393 gloriae
983 2319 1146 2386 aeternae,
1162 2313 1254 2376 cuius
1269 2317 1319 2375 est
1331 2312 1420 2373 radix
1435 2317 1467 2373 et
1483 2314 1607 2392 pignus.

278 2410 367 2474 Sicut
383 2412 479 2491 igitur
495 2412 571 2472 iusti
587 2411 673 2473 hisce
693 2413 726 2472 in
741 2411 833 2473 terris
848 2411 998 2474 dicuntur
1012 2411 1130 2472 habere
1145 2412 1246 2471 vitam
1259 2415 1421 2471 aeternam
1440 2411 1535 2489 (3,l5.
1552 2412 1608 2482 36;

276 2511 366 2584 5,21;
382 2511 465 2585 aar.
482 2513 536 2582 553
555 2510 662 2584 ia‚50;
677 2510 777 2589 ira),
793 2509 839 2571 ita
854 2509 969 2571 merito
983 2509 1062 2570 haec
1077 2509 1188 2570 filiatio
1201 2508 1380 2587 appellatur
1394 2507 1519 2568 claritas
1533 2508 1606 2575 δόξα.

278 2610 305 2669 Α
325 2625 388 2687 qua
406 2609 590 2687 acceptione
610 2625 674 2668 non
698 2608 840 2668 multum
860 2601 958 2668 abest
973 2604 1072 2668 Salm.
1090 2606 1252 2685 explicans
1275 2605 1314 2666 de
1339 2605 1495 2666 universis
1517 2605 1608 2665 donis

277 2723 360 2784 quae
381 2707 503 2766 meritis
527 2706 644 2767 Christi
668 2706 761 2767 nobis
785 2705 975 2775 obveniunt,
997 2721 1102 2783 neque
1123 2701 1204 2785 ch.
1231 2704 1446 2782 interpretans
1471 2703 1607 2783 gratiam

277 2802 389 2865 salutis
403 2804 609 2875 messianam‚
623 2821 725 2881 neque
739 2800 829 2884 Scltq.
843 2819 1005 2882 exponens
1018 2802 1058 2862 de
1074 2803 1190 2863 unione
1204 2817 1279 2862 cum
1296 2801 1429 2862 Christo.
1444 2800 1508 2861 Sed
1523 2801 1604 2881 Any.

278 2900 414 2980 intelligi
428 2901 498 2962 vult
510 2901 783 2961 immortalitatem
801 2898 898 2978 quam
913 2916 1002 2961 more
1020 2915 1079 2961 suo
1094 2902 1225 2978 propter
1240 2899 1498 2959 immobilitatem
1519 2916 1606 2977 prae·

277 2998 500 3060 destinationis
517 2999 623 3060 verbis
639 2998 802 3077 praeteriti
818 2998 973 3077 temporis
990 2997 1165 3076 significet,
1186 2996 1292 3058 Thom.
1309 2997 1461 3057 similiter
1474 2998 1606 3075 gloriam

278 3098 536 3171 resurrectionis;
554 3101 587 3158 at
608 3098 727 3158 donum
742 3097 839 3158 debet
860 3097 996 3175 intelligi
1017 3095 1102 3174 quod
1124 3096 1157 3155 in
1172 3096 1231 3156 hoc
1252 3095 1317 3156 iam
1336 3103 1481 3173 tempore
1498 3112 1606 3155 revera

276 3193 439 3256 confertur
454 3199 486 3254 et
500 3194 587 3273 quod
608 3200 719 3274 aptum
736 3195 778 3255 sit
796 3195 836 3255 ad
857 3195 1012 3255 unionem
1030 3193 1117 3254 illam
1138 3193 1357 3267 alliciendam
1375 3210 1446 3252 nam
1465 3193 1605 3253 Christus

277 3291 358 3352 dicit
371 3309 405 3352 se
427 3292 569 3365 dedisse,
586 3298 622 3351 ut
636 3293 699 3352 sint
721 3311 828 3352 anum.
846 3292 907 3353 Alii
932 3292 1090 3371 explicant
1111 3291 1150 3354 de
1170 3291 1271 3370 signis
1291 3296 1324 3352 et
1346 3290 1494 3351 doctrina
1516 3288 1604 3367 (Clu.

280 3386 415 3469 Thespi.
432 3387 530 3449 Eatt.
550 3387 678 3469 Cata),
693 3387 923 3450 similiterAtb.
942 3387 1023 3450 Bon.
1040 3388 1080 3450 de
1094 3389 1237 3450 claritate
1253 3389 1416 3467 potentiae
1434 3405 1491 3467 per
1504 3389 1602 3448 mira-

275 3485 364 3559 cula,
381 3487 555 3564 sapientiae
571 3492 603 3548 et
618 3487 784 3562 bonitatis;
802 3487 895 3549 aliter
911 3483 979 3548 Coi.
994 3506 1004 3546 :
1018 3486 1120 3567 gloria
1134 3486 1208 3548 data
1219 3503 1237 3547 a
1248 3485 1339 3546 Patre
1356 3487 1428 3547 lesu
1442 3490 1505 3559 est,
1519 3485 1603 3563 quod

275 3584 363 3646 lesus
379 3584 465 3645 venit
480 3585 514 3643 in
530 3586 657 3646 nomine
671 3585 785 3655 Patris,
803 3585 888 3663 quod
904 3585 995 3646 venit
1008 3601 1167 3662 quaerens
1181 3583 1282 3644 Patris
1297 3583 1432 3663 gloriam
1444 3602 1451 3655 ;
1465 3583 1523 3643 hoc
1537 3600 1604 3643 ma-

275 3698 377 3761 gnum
388 3681 507 3742 donum
525 3682 615 3743 dedit
630 3682 816 3761 discipulis,
828 3687 862 3743 ut
875 3683 976 3744 solam
992 3683 1048 3742 Dei
1059 3682 1195 3761 gloriam
1207 3685 1412 3759 quaererent;
1431 3679 1506 3741 Bor.
1524 3681 1606 3741 inter

274 3778 336 3840 alia
356 3777 506 3858 intelligit
525 3779 662 3855 gloriam
685 3781 847 3840 missionis
873 3780 1076 3858 apostolicae.
1095 3779 1157 3839 Alii
1179 3779 1359 3839 claritatem
1384 3778 1544 3856 accipiunt
1565 3778 1604 3837 dc

278 3900 294 3932 a
315 3875 416 3956 gloria
432 3877 606 3937 divinitatis
619 3894 716 3955 quam
736 3877 880 3939 Christus
895 3879 989 3957 paulo
1004 3879 1078 3938 ante
1092 3877 1261 3954 discipulis
1277 3875 1345 3936 suis
1362 3876 1605 3937 communicavit

276 3973 382 4035 dando
396 3992 437 4035 ss.
455 3975 696 4047 eucharistiam;
714 3977 760 4037 sic
776 3976 861 4036 enim
876 3976 1012 4036 eandem
1025 3992 1153 4036 carnem
1167 3992 1259 4036 suam
1274 3974 1361 4034 carni
1378 3974 1521 4033 fidelium
1536 3974 1605 4033 uni·

275 4072 323 4132 vit
344 4075 377 4133 et
399 4089 457 4150 per
479 4072 612 4134 eandem
638 4074 684 4134 eis
709 4073 911 4133 divinitatem
935 4089 1025 4134 suam
1045 4072 1164 4144 univit,
1188 4071 1274 4133 unde
1295 4087 1406 4131 omnes
1429 4071 1460 4130 in
1481 4069 1604 4131 Christo

277 4169 544 4231 excellentissime
561 4171 645 4234 inter
657 4172 872 4242 seuniuntur;
887 4171 927 4231 cl.
944 4172 960 4230 1
977 4171 1047 4231 Cor.
1066 4171 1183 4242 10,16.
1200 4171 1253 4240 li;
1271 4169 1357 4229 loan.
1370 4170 1440 4239 6,57
1458 4192 1473 4223 »
1491 4165 1605 4244 (Cori,-

278 4284 376 4345 quam
391 4268 580 4328 sententiam
597 4269 694 4329 ctiam
712 4266 786 4350 Cpr.
809 4266 873 4328 rot.
892 4266 968 4326 Bor.
985 4266 1065 4349 ιαμ.
1081 4265 1193 4327 Bceten
1209 4272 1240 4328 et
1256 4267 1310 4327 alii
1321 4267 1524 4346 proponunt).
1541 4264 1604 4324 Sed

277 4361 377 4425 Mati.
393 4383 451 4444 per
470 4366 647 4426 claritatem
662 4366 778 4444 accipit
794 4366 1017 4438 dilectionem,
1036 4383 1101 4443 qua
1121 4367 1214 4425 Pater
1229 4365 1388 4426 Christum
1409 4370 1441 4424 et
1463 4364 1604 4424 Christus

277 4461 451 4540 discipulos
470 4464 682 4542 prosequitur,
698 4482 780 4541 quae
803 4465 963 4525 sententia
983 4464 1076 4524 lacile
1098 4462 1138 4522 ad
1154 4464 1291 4541 primam
1307 4461 1480 4526 reducitur,
1500 4476 1570 4518 nam
1596 4477 1602 4517 :

277 4558 384 4620 uidete
399 4561 525 4638 qualem
539 4561 705 4621 caritatem
721 4561 812 4622 dedit
823 4561 916 4623 nohis
932 4563 1034 4632 Pater,
1050 4565 1085 4622 ut
1101 4560 1158 4621 lilii
1174 4560 1230 4621 Dei
1243 4560 1449 4620 nominemur
1459 4562 1490 4618 et
1505 4558 1605 4618 simus

279 4656 307 4735 (l
323 4657 406 4717 loan.
421 4660 496 4738 3,1),
508 4659 657 4737 quamvis
671 4657 769 4720 Mate.
784 4661 922 4738 primam
934 4658 1019 4718 illam
1034 4659 1280 4738 explicationem
1292 4657 1394 4718 solum
1406 4655 1604 4734 prohabilem

281 4754 365 4815 dicat
378 4756 532 4817 arbitrans
546 4758 577 4818 in
593 4776 621 4817 v.
635 4758 674 4817 26
693 4758 871 4818 claritatem
891 4759 931 4818 ab
947 4756 1017 4836 ipso
1038 4756 1162 4819 Christo
1182 4755 1330 4833 explicari
1347 4755 1386 4815 dc
1402 4754 1583 4814 dilectione.
