4116 5648
1059 351 1141 400 om.
1166 340 1268 427 aas.
1767 341 1825 402 ras
1900 384 1903 390 ,
1930 320 2055 423 1„thss

1945 424 1975 455 μ’*
2014 427 2032 459 s
2040 450 2049 463 .‹

496 487 607 576 2,18);
634 506 731 570 nam,
764 496 800 557 ut
825 495 914 581 Καρ.
935 486 1091 577 apposite
1119 484 1286 569 advertit,
1304 487 1477 576 pharisaei
1503 485 1714 556 hereditario
1750 493 1825 560 iure

496 597 637 686 propter
651 599 808 682 petresse
818 617 928 685 regno
943 592 1001 659 Dei
1018 592 1159 664 idoneos
1173 592 1355 684 putabant,
1372 603 1493 664 contra
1507 615 1611 687 quam
1625 615 1827 687 praesump-
2017 662 2051 690 -,=

495 700 623 766 tionem
638 699 706 769 iam
728 710 848 792 egerat
867 698 1017 789 baptista
1039 700 1168 789 (ltatth.
1186 699 1276 786 3,9);
1299 699 1443 769 eandem
1467 702 1665 794 opinionem
1688 700 1825 769 letalem
1870 738 1873 743 ·
2045 698 2057 767 ἰ.

497 807 642 894 (patrem
658 807 824 878 habemus
836 806 1028 889 Abraham,
1045 808 1107 876 lilii
1126 807 1225 895 regni
1237 827 1368 888 sumus,
1382 810 1494 876 tlatth.
1512 809 1606 898 am)
1623 812 1715 874 lesus
1738 828 1829 874 nunc
1931 808 1934 814 '
2032 818 2049 869 ³.

495 912 529 977 in
553 912 733 1001 pharisaeo
764 912 961 983 vehementi
982 913 1047 981 hac
1069 912 1324 983 asseveratione
1346 912 1545 1003 impugnat,
1560 916 1665 984 aliam
1686 934 1829 1003 prorsus
2031 916 2050 1001 ’ᾖ

495 1017 586 1087 viam
601 1027 635 1088 et
647 1021 880 1091 conditionem
896 1018 1089 1107 assignans,
1105 1023 1154 1089 ita
1169 1025 1206 1086 ut
1221 1046 1237 1080 α
1250 1018 1345 1087 lilius
1359 1020 1459 1106 regni
1480 1049 1495 1080 »
1513 1043 1584 1111 qua
1600 1021 1678 1090 talis
1692 1022 1828 1110 ineptus

495 1149 602 1215 perse
611 1136 777 1219 appareat
788 1146 896 1212 regno
909 1126 968 1193 Dei
981 1146 989 1193 :
1000 1129 1071 1196 nisi
1081 1129 1160 1219 quis
1175 1125 1238 1214 (re)
1251 1139 1355 1194 natus
1365 1125 1475 1215 [uerit
1490 1129 1622 1210 denuo,
1636 1151 1705 1195 non
1715 1138 1827 1219 polest

494 1232 609 1302 videre
627 1255 772 1324 requam
796 1232 877 1313 Dei,
899 1240 1028 1320 ἄνωθεν,
1047 1235 1136 1302 duas
1160 1231 1291 1300 habere
1316 1257 1412 1324 posse
1433 1232 1701 1320 significationes
1721 1234 1826 1302 etiam

497 1341 576 1409 etr.
594 1347 705 1419 notat,
726 1339 812 1406 alios
833 1338 1003 1427 explicare
1026 1351 1061 1410 ἐκ
1081 1357 1134 1410 τοῦ
1157 1344 1282 1426 οὐρανοῦ
1295 1341 1318 1423 ¹,
1335 1341 1420 1409 alios
1439 1345 1471 1423 ἐξ
1490 1343 1601 1428 ἀρχῆς,
1622 1340 1782 1429 desuper,
1806 1361 1827 1406 a

494 1447 664 1539 principio
685 1444 747 1532 (uti
760 1444 797 1511 in
811 1467 898 1514 vers.
917 1449 1003 1537 syr.)
1018 1448 1060 1515 de
1076 1468 1179 1528 novo,
1196 1445 1323 1514 denuo.
1340 1447 1377 1515 ai
1391 1448 1498 1515 inesse
1516 1468 1652 1537 quoque
1667 1445 1757 1532 (licet
1770 1465 1827 1512 ra·

494 1552 577 1641 rius)
591 1551 766 1618 notionem
784 1549 896 1619 denuo
914 1559 1048 1622 certum
1066 1558 1115 1620 est
1139 1550 1197 1639 (cl.
1215 1552 1390 1642 reseptos,
1412 1555 1527 1644 antiq.
1548 1558 1676 1636 1,18,3;
1694 1557 1824 1620 Artem.

493 1658 705 1739 oneir.1,13;
723 1658 781 1725 Dio
792 1660 909 1748 Chrys.
929 1664 1043 1742 1,60t;
1060 1658 1103 1726 cl.
1125 1657 1272 1738 Grimm,
1288 1665 1364 1727 Lex.
1377 1659 1599 1746 graeco-lat,
1616 1663 1710 1752 Papa
1723 1681 1750 1728 s.
1762 1658 1825 1748 u).
1972 1724 1992 1757 a.
2025 1725 2027 1733 ,

490 1764 643 1860 ¹Priorem
662 1765 838 1832 notionem
850 1765 1005 1857 desuper,
1023 1764 1166 1832 coelitus
1178 1764 1232 1831 vix
1252 1786 1350 1855 posse
1363 1764 1420 1831 hic
1437 1765 1563 1832 assumi
1577 1766 1658 1834 satis
1677 1765 1827 1834 ostendi·
1933 1803 1937 1811 ,
1957 1753 2023 1807 ·“’

494 1879 550 1938 tur
566 1871 835 1958 interrogatione
859 1872 1046 1940 Nicodemi.
1067 1873 1101 1939 Si
1120 1871 1213 1939 enim
1240 1871 1284 1938 de
1306 1893 1459 1962 superna
1481 1871 1536 1939 vel
1548 1871 1685 1938 coelesti
1702 1872 1827 1939 nativi·
1936 1884 1938 1891 ’
1961 1866 1970 1891 ³

494 1983 562 2046 tate
576 1976 682 2044 verba
700 1977 935 2062 intellexisset,
949 2000 1020 2047 non
1038 1979 1204 2070 potuisset
1223 1978 1255 2046 ei
1279 1977 1322 2046 de
1347 1978 1472 2047 iterato
1493 1977 1636 2045 introitu
1653 1977 1689 2043 in
1709 1976 1828 2044 matris

494 2084 630 2150 vulvam
645 2084 808 2171 cogitatio
829 2085 993 2153 incidere.
1015 2091 1106 2153 lesus
1124 2085 1407 2176 probabilissime
1418 2084 1589 2153 aramaice
1607 2083 1740 2152 locutus
1755 2087 1823 2167 est3

494 2191 687 2258 coniectent
709 2212 787 2257 eum
812 2213 912 2259 usum
931 2192 1005 2259 'esse
1035 2214 1117 2260 voce
1137 2216 1208 2272 arn,
1223 2215 1307 2264 auu
1323 2191 1425 2279 (Tol.)
1441 2208 1520 2257 nrm
1536 2205 1588 2282 pn,
1617 2191 1668 2260 uti
1689 2190 1726 2258 in
1749 2211 1823 2258 ver.

493 2319 560 2384 syr.

536 2403 748 2480 Nicodamus,
765 2403 867 2471 sicuti
882 2402 1054 2494 pharisaei
1069 2424 1199 2483 omnes,
1217 2402 1464 2484 arbitrabatur,
1481 2403 1564 2493 quia
1578 2402 1748 2489 originem
1762 2400 1826 2469 du·

492 2517 583 2578 caret
593 2509 640 2578 ab
656 2511 829 2578 Abraham
845 2532 882 2578 se
901 2511 970 2577 iam
990 2517 1108 2577 natum
1125 2532 1199 2577 csse
1218 2509 1328 2577 lilium
1344 2509 1459 2596 regni;
1477 2509 1570 2578 unde
1589 2509 1731 2577 audiens
1750 2514 1823 2575 lesu

493 2617 599 2684 verba
620 2617 662 2684 de
681 2619 880 2685 necessitate
903 2639 1012 2685 novae
1035 2615 1245 2700 nativitatiS,
1263 2616 1348 2684 acsi
1366 2617 1470 2684 semel
1491 2638 1562 2684 esse
1575 2623 1695 2684 natum
1710 2621 1744 2683 et
1762 2614 1824 2682 de·

492 2724 652 2792 scendere
667 2725 711 2790 ab
727 2724 900 2792 Abraham
914 2729 985 2791 non
999 2723 1185 2805 sufficeret,
1204 2746 1236 2790 v.
1255 2729 1274 2790 t
1290 2721 1375 2790 dicit
1394 2721 1442 2790 ad
1452 2745 1531 2790 eum
1544 2744 1557 2788 .·
1570 2721 1739 2813 quomodo
1744 2733 1825 2812 pot-

492 2843 540 2897 est
561 2828 662 2896 homo
681 2831 793 2915 nasci,
821 2852 898 2897 cum
923 2830 968 2897 sit
986 2852 1106 2911 senen,
1129 2835 1344 2897 senectutem
1366 2850 1638 2896 commemorans
1655 2850 1695 2895 eo
1714 2827 1826 2915 magis

492 2935 610 3002 efferre
626 2935 698 3003 vult
713 2958 784 3002 rem
799 2936 966 3026 postulari
982 2958 1070 3026 quae
1086 2936 1188 3026 plane
1204 2936 1281 3003 fieri
1300 2941 1466 3026 nequeat;
1483 2934 1655 3026 numquid
1663 2945 1775 3025 potest
1789 2933 1826 3001 in
2000 3006 2006 3027 ,Ι

491 3055 640 3108 ventrem
658 3043 879 3108 matrissuae
900 3043 1022 3108 iterato
1041 3043 1183 3108 introire
1202 3055 1236 3108 et
1256 3042 1441 3131 (re)nasci;
1455 3041 1672 3109 nativitatem
1691 3063 1731 3108 ex
1745 3062 1826 3130 pro·
1918 3064 1922 3071 ’
1982 3048 1994 3072 ”

491 3149 590 3234 genie
606 3148 779 3215 Abraham
792 3148 845 3215 ius
862 3149 1012 3215 tribuere
1031 3149 1130 3235 regni
1154 3149 1212 3215 [lei
1235 3149 1420 3231 existimat;
1440 3170 1548 3238 quare
1566 3147 1675 3215 alium
1689 3166 1825 3214 sensum
1859 3142 1865 3154 ’

492 3256 528 3320 in
544 3260 616 3321 lesu
638 3255 748 3322 verbis
770 3277 839 3322 non
859 3254 1087 3344 deprehendit
1102 3254 1169 3321 nisi
1190 3277 1294 3344 quem
1312 3255 1472 3323 exsistere
1491 3261 1524 3321 et
1539 3255 1575 3321 in
1597 3276 1683 3344 opus
1701 3253 1825 3320 deduci

492 3383 560 3428 non
580 3384 676 3451 posse
695 3361 874 3449 intelligit,
893 3389 909 3423 α
931 3361 1065 3428 audivit
1081 3363 1344 3448 generationem
1364 3383 1427 3428 nec
1441 3360 1610 3428 intellexit
1628 3382 1704 3428 eam
1722 3359 1824 3452 spiri-

493 3470 619 3536 tualem
635 3490 720 3550 esse,
738 3467 846 3535 sedin
861 3469 971 3536 carnis
985 3467 1152 3536 vilitatem
1164 3468 1294 3536 dictum
1309 3467 1489 3558 pertraxit;
1507 3467 1585 3535 ideo
1601 3488 1710 3554 nugas
1727 3473 1761 3535 et
1775 3465 1822 3534 ri-

490 3574 623 3642 diculas
649 3575 864 3664 quaestiones
884 3574 1185 3642 comminiscitur»
1204 3573 1328 3663 (cta).
1351 3581 1435 3642 Eum
1457 3574 1581 3642 ardore
1599 3573 1755 3641 discendi
1773 3573 1824 3641 ita

492 3681 717 3768 interrogasse
732 3685 818 3771 Καρ.
837 3687 968 3762 censet,
985 3680 1092 3747 velut
1110 3681 1187 3747 aliis
1206 3680 1340 3770 placet,
1358 3680 1570 3770 paradoxum
1588 3681 1769 3770 proponit,
1786 3686 1825 3746 ut

492 3787 753 3877 explicationem
770 3793 942 3877 provocet.
959 3787 1025 3855 Sed
1038 3787 1124 3854 mihi
1138 3787 1277 3855 videtur
1286 3810 1326 3855 ex
1338 3786 1574 3878 praeiudicata
1587 3786 1647 3854 illa
1661 3784 1823 3876 opinione

491 3894 767 3982 pharisaeorum,
780 3899 900 3961 contra
917 3915 1023 3983 quam
1040 3892 1190 3983 baptista
1207 3895 1278 3961 iam
1297 3900 1434 3980 egerat,
1450 3915 1555 3983 quam
1571 3891 1725 3960 Christus
1740 3891 1825 3959 alias

491 4023 627 4090 quoque
641 4001 824 4092 impugnat
834 4000 927 4089 (833
943 4003 1028 4090 seq.)
1043 4008 1076 4067 et
1091 4001 1196 4091 quam
1213 4001 1335 4068 Paulus
1355 4001 1459 4068 etiam
1474 3999 1635 4068 convellit
1660 4001 1770 4087 (Rom.
1789 4005 1822 4080 9,

492 4114 522 4172 7.
542 4108 615 4175 Gal.
634 4114 712 4186 ’4,ἓῖ
735 4107 823 4197 seq.)
844 4106 1008 4173 facillime
1032 4106 1258 4194 explicarint
1282 4105 1424 4175 modum
1454 4105 1616 4195 loquendi
1640 4110 1714 4172 lesu
1736 4103 1824 4171 adeo

492 4214 723 4302 emphaticam
739 4238 769 4280 v.
788 4221 820 4292 3,
838 4214 886 4279 ita
902 4213 1160 4303 responsionem
1176 4213 1364 4279 Nicodemi.

536 4321 585 4387 ad
599 4320 743 4388 eandem
758 4321 958 4410 opinionem
972 4318 1128 4409 stirpitus
1147 4318 1362 4386 eximendam
1378 4341 1449 4385 non
1470 4319 1595 4385 minori
1614 4316 1769 4405 emphasi
1785 4338 1821 4383 v.

492 4436 511 4495 5
535 4425 705 4517 respondit
722 4430 812 4494 Iesus
832 4448 844 4492 :
862 4447 980 4507 amen,
997 4447 1099 4493 aaran
1118 4423 1196 4491 dico
1217 4425 1296 4507 tici,
1314 4425 1382 4492 nisi
1399 4425 1477 4516 quis
1496 4437 1634 4490 renatus
1651 4423 1823 4510 faeritas

492 4557 584 4623 aquo
602 4547 633 4601 el
648 4535 779 4624 Spiritu
800 4532 964 4623 (cuncto),
979 4555 1049 4599 non
1060 4544 1171 4623 potest
1187 4532 1331 4600 introire
1352 4533 1389 4599 in
1407 4553 1551 4620 requam
1570 4529 1654 4617 Dei;
1671 4530 1822 4619 baptista

525 4779 544 4821 t.
562 4773 624 4824 Vide
635 4778 689 4830 331
706 4776 730 4822 et
750 4775 831 4830 t9,11;
848 4771 918 4823 notio
931 4770 1046 4833 desuper
1060 4776 1128 4832 1923
1147 4770 1271 4831 hebetum
1286 4776 1343 4831 &23
1359 4770 1454 4834 legitur
1467 4772 1494 4820 lx
1508 4774 1557 4819 τῶν
1572 4771 1631 4820 ἄνω.
