4116 5648
759 411 761 415 ¹
796 456 879 503 ioan.
904 442 1006 512 two.
1510 440 1569 501 505

240 587 313 656 scil.
330 585 368 654 in
390 568 472 678 ipsis
493 597 543 659 est
563 596 598 655 et
618 589 792 659 inhabitat
806 588 984 658 excellenti
999 588 1150 679 quodam
1163 589 1266 656 modo
1288 587 1404 668 Filius,
1427 592 1517 658 unde
1533 591 1570 657 in

240 694 282 760 iis
303 693 396 760 videt
411 699 512 764 Pater
528 702 563 762 et
585 695 699 786 diligit
718 697 908 785 imaginem
931 697 1020 780 Filii,
1045 693 1162 781 diligit
1182 718 1240 761 eos
1258 696 1376 762 intime
1391 717 1470 761 cnm
1488 698 1570 764 Filio

240 799 354 868 unitos
375 800 491 893 (roc).
513 806 559 868 Ex
587 802 651 870 hac
671 804 856 881 sententia,
876 824 945 891 qua
973 801 1156 869 maximam
1179 823 1241 889 pro
1265 803 1331 868 suis
1351 801 1570 868 dilectionem

241 907 348 974 Patris
364 914 521 1000 exoptat,
546 915 640 998 patet
657 910 760 976 etiam
784 907 872 977 illud
894 922 1014 974 notum
1022 907 1159 995 facicm
1175 929 1246 972 non
1259 929 1335 973 cum
1352 914 1441 997 Attq.
1464 907 1509 974 ad
1523 907 1572 975 al-

241 1019 350 1082 teram
371 1016 476 1083 vitam
504 1036 601 1103 posse
621 1016 759 1098 reterri,
777 1036 896 1083 verum
915 1037 992 1083 cuni
1013 1014 1237 1104 explicatione
1257 1015 1432 1079 communi
1449 1015 1491 1081 de
1504 1037 1571 1081 ma·

240 1119 454 1189 nilestatione
473 1120 509 1186 in
533 1122 598 1190 hac
622 1121 691 1188 vita
712 1143 783 1188 esse
800 1120 1077 1207 intelligendum.
1102 1125 1240 1188 Summa
1256 1127 1289 1186 et
1304 1120 1477 1186 conclusio
1497 1144 1572 1210 pre·

240 1227 384 1295 cationis
403 1231 470 1308 est,
488 1234 527 1294 ut
539 1227 698 1296 exhibeat
713 1250 792 1295 suos
806 1228 926 1295 intime
943 1228 1010 1293 sihi
1027 1227 1161 1294 iunctos
1180 1233 1214 1293 et
1228 1228 1327 1316 proin
1348 1227 1471 1313 dignus
1486 1249 1572 1316 quos

241 1339 339 1402 Pater
358 1334 504 1401 maxime
519 1335 655 1420 diligat.

280 1529 423 1592 Postulat
436 1531 544 1609 itaque
558 1529 699 1593 Christus
713 1549 732 1592 a
744 1531 848 1604 Patre,
863 1537 898 1592 ut
914 1533 1004 1591 Pater
1021 1531 1195 1591 maximum
1211 1547 1304 1590 sunm
1322 1547 1463 1590 amorem
1481 1529 1572 1589 disci·

240 1627 324 1708 pulis
339 1628 446 1691 donet.
464 1630 512 1690 lta
535 1629 628 1709 longe
641 1629 802 1708 plerique;
820 1626 894 1710 Cpr.
912 1647 1028 1689 nexum
1044 1629 1180 1708 explicat
1200 1629 1254 1707 qui
1271 1629 1313 1688 sit
1334 1628 1417 1688 inter
1432 1632 1572 1688 nostram

240 1725 280 1788 de
296 1725 360 1787 Deo
371 1726 589 1806 cognitionem
605 1727 729 1788 ethane
738 1727 794 1788 Dei
811 1727 1015 1788 dilectionem
1034 1744 1040 1784 :
1061 1726 1234 1804 «namqui
1251 1744 1307 1804 per
1325 1726 1483 1786 sinceram
1500 1743 1572 1784 con·

240 1823 481 1904 templationem
503 1827 605 1886 Deum
627 1842 663 1886 ac
684 1825 808 1886 Patrem
824 1843 995 1905 agnoscere
1019 1825 1183 1903 potuerint
1202 1831 1233 1885 et
1249 1825 1407 1884 rationem
1429 1824 1572 1900 mysterii

239 1920 402 1982 christiani
422 1925 568 1984 accurate
588 1921 776 1996 didicerint,
793 1922 843 1983 his
864 1924 1012 2000 utiquea
1032 1924 1121 1982 Patre
1146 1921 1282 2001 perlecto
1303 1920 1391 1999 diligi
1411 1923 1574 1998 continget

240 2016 280 2079 ad
302 2019 549 2081 similitudinem
567 2020 653 2091 Filii;
671 2021 904 2100 perfectissime
927 2022 1013 2081 enim
1031 2020 1134 2099 diligit
1155 2037 1247 2081 suuni
1267 2020 1382 2079 Filium
1401 2021 1502 2090 Pater,
1517 2017 1573 2077 sed

240 2120 272 2177 et
293 2115 362 2195 ipse
381 2117 524 2179 Christus
544 2117 701 2178 inhahitat
716 2135 772 2196 per
793 2126 936 2180 sanctuni
957 2119 1112 2195 Spiritum
1145 2119 1176 2176 in
1197 2117 1396 2194 spiritualem
1422 2117 1573 2177 unionem

240 2215 439 2293 coniungens
452 2233 510 2295 per
525 2217 669 2294 seipsum
691 2217 756 2276 Deo
771 2234 807 2276 ac
824 2217 910 2276 Patri
925 2234 998 2277 eum
1015 2216 1068 2293 qui
1091 2215 1215 2275 noverit
1236 2216 1343 2292 ipsum
1364 2239 1390 2272 n.
1404 2213 1574 2284 Quomodo

240 2315 348 2374 autem
369 2312 498 2375 dilectio
522 2331 584 2391 qua
605 2313 718 2374 dilexit
740 2315 833 2375 Pater
856 2315 972 2374 Filium
998 2315 1030 2373 in
1053 2315 1146 2373 nobis
1169 2314 1226 2383 sit¹
1248 2313 1330 2392 Aug.
1355 2330 1393 2372 eo
1419 2313 1571 2390 explicat,

243 2433 259 2466 «
282 2411 358 2487 quia
372 2412 519 2472 membra
540 2411 611 2473 eius
627 2428 736 2474 sumus
752 2418 784 2472 et
799 2413 833 2472 in
848 2410 903 2473 illo
916 2412 1092 2491 diligimur.
1116 2428 1191 2472 eum
1215 2413 1283 2489 ipse
1303 2412 1454 2489 diligatur
1473 2415 1571 2481 totus,

240 2507 274 2569 id
289 2511 338 2569 est
351 2514 448 2586 caput
462 2512 494 2571 et
508 2525 640 2589 ccrpns;
656 2509 729 2571 ideo
751 2511 938 2572 subiunxit:
956 2519 985 2569 et
1005 2528 1059 2589 epo
1082 2511 1114 2568 in
1134 2508 1225 2590 ipsis,
1246 2515 1409 2585 tamquam
1428 2508 1571 2567 diceret:

242 2605 395 2684 quoniam
408 2623 466 2686 ego
482 2624 555 2668 sum
570 2610 603 2668 et
622 2607 655 2667 in
670 2608 750 2686 ipsis
767 2628 799 2682 »3
814 2608 893 2669 item
909 2607 985 2668 Bed.
994 2627 1006 2684 ;
1020 2613 1116 2685 atque
1135 2608 1193 2668 hac
1208 2607 1264 2666 Dei
1278 2607 1311 2665 in
1327 2624 1384 2665 nos
1403 2605 1573 2665 dilectione

240 2704 334 2764 nohis
348 2704 416 2764 dari
432 2705 585 2784 spiritum
595 2711 738 2768 sanctum
752 2705 982 2767 inhabitantem
998 2705 1077 2766 bene
1091 2709 1180 2764 notat
1196 2703 1279 2784 Rup.
1298 2723 1334 2761 s«
1354 2704 1483 2764 dilectio
1496 2703 1574 2763 haec
1686 2716 1689 2722 ·

241 2799 380 2880 Spiritus
401 2807 530 2864 sanctus
550 2807 614 2873 est,
631 2821 694 2881 qua
713 2804 812 2864 Filius
832 2805 957 2863 Patrem
977 2809 1008 2863 et
1031 2803 1145 2862 Filium
1167 2801 1273 2879 diligit
1290 2804 1394 2873 Pater;
1415 2818 1488 2880 ergo
1507 2825 1521 2853 κ
1541 2803 1576 2861 ut

242 2898 372 2961 dilectio
386 2916 450 2978 qua
467 2900 606 2961 dilexisti
623 2917 674 2961 me
690 2900 732 2960 sit
753 2901 786 2961 in
803 2901 882 2981 ipsis
899 2905 931 2962 et
947 2919 1005 2979 ego
1021 2901 1052 2960 in
1071 2901 1149 2978 ipsis
1168 2925 1194 2969 n,
1214 2899 1299 2959 idem
1321 2905 1368 2959 cst
1382 2916 1418 2959 ac
1435 2899 1460 2958 si
1477 2898 1573 2972 dicat,

243 3000 279 3057 ut
297 2996 438 3076 Spiritus
453 3003 582 3059 sanetus
603 2999 782 3060 Paracletus
794 2999 833 3059 ad
850 3000 936 3079 ipsos
953 2999 1058 3060 veniat
1074 2999 1129 3075 qui
1150 3014 1224 3058 cuni
1241 2997 1272 3056 in
1291 2997 1368 3074 ipsis
1390 2997 1500 3067 luerit,
1516 3013 1574 3076 ego

241 3112 371 3173 quoqne
390 3095 535 3157 habitem
555 3097 588 3156 in
609 3097 758 3158 cordibus
778 3114 889 3158 eorum
912 3122 938 3157 ».
960 3098 1060 3157 Etiam
1083 3094 1161 3155 Bon.
1179 3095 1271 3155 docet
1292 3095 1574 3172 perdonationem

240 3191 376 3270 Spiritus
391 3210 464 3254 >esse
485 3195 540 3254 Dei
556 3195 638 3254 hanc
658 3194 863 3256 dilectionem
887 3195 918 3254 in
942 3195 1035 3254 nobis
1056 3199 1088 3253 ct
1109 3194 1200 3253 atiert
1223 3196 1311 3252 Rom.
1329 3195 1380 3254 55
1399 3198 1430 3252 et
1451 3195 1464 3251 1
1490 3193 1572 3251 loun·

241 3291 536 3368 a,13quontamde
552 3291 671 3370 Spiritu
688 3310 744 3354 suo
761 3293 851 3354 dedit
866 3293 968 3353 nobis.
987 3295 1025 3352 Et
1046 3291 1147 3351 Thom.
1162 3292 1239 3351 dicit
1253 3291 1369 3350 metius
1387 3293 1429 3350 ita
1446 3289 1573 3368 exponi,

243 3390 279 3449 ut
301 3387 432 3449 dilectio
451 3406 514 3467 qua
540 3389 679 3450 dilexisti
707 3392 814 3451 mein
839 3408 893 3452 eos
926 3391 1096 3456 derivetur,
1127 3395 1157 3449 et
1184 3389 1296 3466 diligas
1329 3406 1384 3448 eos
1412 3390 1494 3448 sicut
1526 3405 1575 3448 me

243 3483 397 3560 dilexisti;
408 3490 505 3564 atque
519 3487 633 3548 eodem
644 3489 738 3549 modo
750 3488 790 3549 de
803 3489 859 3549 Dei
877 3489 909 3548 in
922 3506 980 3549 nos
991 3488 1164 3548 dilectione
1175 3488 1356 3565 intelligunt
1369 3487 1463 3546 verba
1474 3484 1572 3545 Satin.

245 3588 420 3653 cetram.
446 3590 512 3653 Tol.
536 3591 636 3654 Mate
660 3592 740 3675 ch.
763 3593 840 3655 Bar.
866 3592 966 3656 Catm.
988 3595 1058 3673 (hos
1079 3611 1164 3665 ania,
1186 3595 1288 3661 Pater,
1311 3601 1344 3653 ut
1367 3610 1417 3653 me
1436 3591 1572 3670 amasti),

245 3685 330 3750 Corl.
348 3686 440 3766 Sclq.
462 3689 544 3771 Kep.
559 3689 639 3769 Fu,-
656 3699 816 3771 exponunt
828 3698 934 3753 autem
954 3693 993 3752 de
1010 3698 1119 3753 nostra
1139 3692 1170 3751 in
1189 3693 1289 3752 Deum
1307 3691 1477 3751 dilectione
1500 3687 1572 3751 Cirr·

248 3785 383 3868 Theoph.
399 3785 499 3847 Eutli.
516 3786 604 3850 Schz.
624 3790 690 3868 (qui
707 3795 812 3850 tamen
831 3806 889 3868 pro
912 3808 949 3851 ea
968 3792 1152 3867 acceptione
1173 3807 1339 3867 perperam
1355 3789 1471 3867 allegat
1493 3789 1573 3866 Aug.

244 3885 315 3963 Cyr.
342 3885 409 3946 Tol.
434 3886 532 3947 Calui.
556 3886 662 3966 Schg.‚
685 3894 720 3948 ut
742 3905 780 3949 ex
796 3895 891 3948 antea
912 3889 1005 3949 dictis
1019 3887 1174 3966 apparet).
1200 3889 1282 3946 llaec
1308 3887 1490 3964 explicatio,
1514 3904 1575 3963 qua

243 3979 331 4043 Selia.
348 3981 416 4044 vult
430 3981 461 4044 id
477 3984 683 4062 postularint
702 4003 758 4046 nos
778 3986 939 4047 Christum
955 4002 1117 4059 amemus,
1135 3986 1219 4045 sicut
1234 3987 1324 4044 Pater
1338 3990 1424 4043 amat
1443 3983 1573 4054 Filium,

243 4080 357 4158 nequit
368 4081 512 4156 admitti;
529 4081 670 4143 Christus
685 4083 772 4143 enim
788 4084 820 4143 in
836 4089 902 4145 tota
920 4083 976 4145 hac
991 4084 1134 4143 oratione
1151 4083 1231 4160 petit
1247 4099 1304 4160 pro
1319 4081 1497 4159 discipulis,
1518 4097 1576 4158 pro

245 4194 279 4238 se
294 4177 375 4255 petit
388 4179 539 4256 gloriam;
557 4179 676 4240 mirum
693 4184 777 4240 esset
797 4181 823 4240 si
840 4181 872 4239 in
893 4181 953 4241 tine
976 4198 1033 4258 pro
1050 4199 1082 4241 se
1099 4186 1221 4259 peteret
1245 4197 1387 4239 amorem
1403 4178 1576 4255 discipulo-

243 4274 439 4354 rum,idque
455 4277 561 4338 subito
578 4281 610 4338 et
630 4295 668 4339 eo
685 4281 834 4339 contextu
852 4284 888 4338 ut
908 4278 1048 4338 diceret:
1067 4283 1176 4338 notum
1193 4278 1252 4337 leci
1269 4282 1300 4335 et
1323 4277 1436 4336 luciam
1459 4293 1574 4336 nomen

243 4377 338 4436 tuum
351 4391 388 4436 eo
404 4375 482 4445 dne,
498 4381 532 4436 ut
547 4392 599 4436 me
615 4377 762 4456 diligant,
781 4378 863 4436 sicut
877 4382 911 4436 tu
929 4394 979 4435 me
997 4376 1148 4436 dilexisti.
1167 4411 1204 4419 -
1223 4375 1284 4436 Sed
1303 4376 1450 4452 quami-is
1468 4393 1503 4434 ea
1519 4392 1574 4435 ex·

243 4471 371 4548 plicatio
395 4480 530 4551 nequeat
551 4473 678 4535 admitti
703 4480 866 4551 tamquam
887 4474 1026 4533 directus
1048 4492 1084 4533 ac
1104 4474 1219 4534 unicus
1241 4475 1412 4533 vertunum
1438 4489 1569 4543 sensus,

241 4574 349 4630 tamen
364 4570 497 4631 omnino
517 4588 717 4650 consequens
733 4579 797 4640 est,
815 4578 848 4631 ut
865 4573 946 4633 sicut
970 4590 1006 4631 ex
1028 4573 1080 4632 uei
1105 4573 1135 4631 in
1152 4590 1209 4631 nos
1230 4572 1400 4630 dilectione
1421 4570 1567 4646 sequitur

243 4666 370 4728 collatio
389 4669 619 4731 beneficiorum
634 4674 666 4729 et
684 4671 873 4749 gratiarum,
893 4671 935 4729 ita
957 4672 1053 4730 etiam
1075 4689 1112 4731 ex
1134 4670 1247 4729 eastern
1268 4668 1439 4728 dilectione
1462 4674 1573 4728 noster

243 4781 372 4842 quoque
389 4767 421 4826 in
440 4769 542 4828 Deum
556 4783 647 4827 amor
666 4786 684 4827 a
703 4770 767 4829 Deo
787 4769 957 4840 excitetur3
978 4787 1014 4829 ex
1035 4770 1090 4829 Dei
1116 4769 1145 4827 in
1162 4786 1220 4827 nos
1245 4767 1418 4826 dilectione
1436 4766 1574 4826 donatur

244 4862 338 4924 nobis
361 4863 498 4941 Spiritus
516 4871 644 4927 sanctus
663 4865 863 4941 inhabitans,
880 4868 933 4944 qni
955 4867 1066 4944 utique
1084 4867 1115 4926 in
1137 4867 1253 4926 animis
1273 4865 1389 4924 nostris
1409 4866 1573 4926 caritatem
