4050 5648
892 491 912 542 ·’
928 526 1009 573 roan.
1034 516 1114 586 1·,51.

230 732 232 737 ,
352 662 484 736 'terram
496 657 675 745 ,auctorem
691 667 725 739 et
744 658 939 741 dominum,
959 666 1181 751 omniumque
1202 661 1369 730 bonorum
1396 664 1468 731 eius
1486 667 1680 734 effectorem

356 794 397 842 ac
422 775 627 863 largitorem
650 789 722 839 esse
740 768 861 838 Filium
889 766 1036 839 hominis
1056 772 1080 836 i.
1105 790 1136 834 e.
1161 767 1320 836 Messium.
1343 769 1443 837 lacoh
1463 771 1548 840 vidit
1567 772 1681 842 Domi-

350 861 441 951 'num
461 870 609 950 stantem
632 896 735 965 super
756 874 902 958 scalam,
929 878 988 966 qni
1018 879 1049 944 ei
1079 875 1318 963 promissiones
1350 877 1530 944 confirmat
1552 887 1586 946 et
1606 900 1681 971 spe-

348 990 478 1066 cialem
511 980 684 1074 promittit
713 981 973 1070 protectionem.
999 988 1060 1049 Pro
1092 982 1235 1050 Domino
1274 985 1383 1049 stante
1417 1006 1521 1074 super
1550 987 1679 1054 scalam

349 1094 523 1167 ,habemus
541 1087 599 1156 hic
617 1111 625 1159 :
642 1088 803 1180 videbitis
818 1091 951 1156 coelum
969 1099 1138 1176 opertum,
1155 1112 1254 1156 sensu
1271 1086 1409 1170 eodem;
1426 1090 1529 1179 proin
1543 1098 1680 1181 protec-

348 1201 484 1276 tionem
502 1196 699 1278 coelestem,
715 1194 856 1282 gratim,
874 1196 1050 1262 thesauros
1068 1195 1230 1262 coelestes
1250 1195 1297 1262 ita
1317 1202 1454 1281 paratos
1472 1206 1506 1265 et
1526 1188 1675 1288 apertos,

353 1310 393 1372 ut
412 1325 476 1394 per
493 1303 637 1392 angelos
653 1303 853 1371 delerentur
873 1303 911 1368 in
936 1310 1074 1369 terram.
1101 1300 1193 1369 Unde
1217 1301 1374 1368 uidebitis
1388 1302 1479 1369 idem
1499 1306 1564 1372 erit
1583 1328 1623 1373 ao
1638 1289 1679 1374 re

353 1412 429 1501 ipsa
448 1411 692 1502 experiemini,
714 1408 943 1494 cognoscetis,
970 1408 1074 1473 oeulis
1098 1408 1220 1475 mentis
1240 1407 1414 1492 videbitis,
1437 1431 1500 1499 per
1523 1415 1677 1485 Messinm

350 1518 426 1586 fieri
445 1524 483 1586 nt
496 1519 591 1585 hona
608 1514 767 1582 coelestia
782 1515 963 1602 terrigenis
979 1514 1182 1596 obveniant3
1202 1515 1319 1602 inquo
1337 1516 1540 1585 commercio
1557 1519 1676 1608 utique

348 1612 466 1715 partes
479 1621 575 1690 haud
590 1621 733 1709 exiguae
746 1620 880 1708 angelis
894 1620 1123 1711 depulsurum
1139 1620 1252 1687 videte
1270 1642 1312 1686 ne
1328 1624 1553 1690 contemnatis
1567 1646 1674 1691 unum

348 1754 389 1800 ex
403 1731 458 1819 his
473 1726 625 1819 pusillis;
639 1727 717 1796 dieo
732 1728 826 1794 enim
847 1727 961 1807 vohis,
982 1727 1064 1817 quia
1085 1727 1201 1814 angeli
1218 1749 1338 1793 eorum
1357 1727 1394 1793 in
1414 1729 1518 1797 coelis
1540 1752 1676 1822 semper

343 1835 465 1905 vident
485 1835 607 1929 faciem
627 1832 732 1902 Patris
751 1836 819 1901 mei
843 1835 902 1923 qni
927 1837 962 1901 in
984 1833 1084 1902 coelis
1104 1842 1153 1920 est
1176 1833 1309 1922 (tlatth.
1335 1839 1445 1921 talo)
1471 1845 1504 1903 et
1527 1859 1535 1904 ι
1560 1823 1676 1906 nonne

343 1950 467 2011 'omnes
480 1946 561 2010 sunt
578 1937 863 2028 administratorii
882 1941 1020 2029 spiritus
1044 1941 1079 2008 in
1102 1941 1327 2007 ministerium
1349 1943 1440 2007 missi
1460 1951 1602 2034 propter
1620 1967 1678 2012 eos

344 2034 406 2142 qui
418 2046 658 2145 ¹hereditatem
671 2046 811 2136 capiunt
824 2046 944 2114 salutis
962 2047 1074 2136 (Hehr.
1095 2048 1208 2132 1,1t)?
1221 2033 1342 2113 llaiora
1354 2048 1471 2138 itaque
1486 2071 1575 2138 quae
1586 2053 1677 2129 lesus

343 2157 388 2224 iis
412 2147 587 2246 promittit
611 2147 851 2241 cognoscenda
874 2176 933 2221 seu
958 2153 1116 2232 videnda,
1134 2162 1184 2221 est
1206 2154 1318 2242 ipsum
1343 2176 1429 2243 opus
1446 2156 1674 2226 messianum:

344 2262 584 2346 reconciliatio
598 2260 690 2328 inter
703 2261 836 2328 coelum
852 2266 885 2327 et
899 2268 1041 2340 terram,
1063 2260 1231 2327 bonorum
1252 2261 1448 2327 coelestium
1466 2262 1503 2330 in
1519 2263 1676 2332 homines

343 2369 476 2455 effusio,
489 2368 547 2458 (of.
565 2368 651 2458 Eph.
670 2373 742 2450 1,3;
766 2373 857 2449 3,1u.
874 2366 942 2434 Col.
972 2369 1071 2451 ¹‚2⁰)·
1093 2371 1134 2434 Se
1155 2373 1254 2434 vocat
1275 2372 1364 2433 lesus
1378 2367 1486 2434 filium
1505 2369 1672 2452 hominis,

346 2499 438 2568 quae
459 2482 510 2544 est
534 2474 727 2563 designatio
746 2475 881 2541 llessiae
899 2473 1104 2563 deprompta
1127 2496 1167 2539 ex
1191 2479 1383 2555 Dan.7,13.
1412 2483 1452 2542 1t
1477 2475 1569 2564 (vide
1585 2500 1673 2567 quae

224 2655 227 2662 ,
345 2583 416 2652 dixi
439 2582 477 2651 in
500 2586 689 2669 Commeat.
717 2581 831 2649 llatth.
854 2586 920 2670 lp.
949 2585 1025 2660 snt,
1050 2585 1148 2647 nare.
1175 2604 1210 2669 p.
1238 2587 1297 2659 723
1327 2589 1359 2648 et
1381 2581 1459 2648 vide
1484 2590 1601 2672 postea
1625 2585 1671 2653 ad

344 2687 455 2782 Ι5,2’1).
481 2690 668 2774 «Christus
686 2687 744 2754 hic
768 2684 871 2755 finem
891 2686 1027 2754 dicendi
1045 2686 1126 2753 lacit
1145 2686 1258 2754 sinam
1273 2688 1372 2755 illum
1387 2688 1603 2758 dictasecum
1620 2714 1674 2758 re-

346 2803 469 2888 putare
491 2806 562 2878 nee‘
574 2794 692 2880 volens
704 2793 822 2861 omnia
835 2793 950 2861 statim
970 2793 1161 2874 effundere,
1177 2794 1235 2861 sed
1249 2795 1338 2861 iacto
1359 2796 1394 2861 in
1405 2795 1531 2863 honam
1549 2803 1673 2865 terram

346 2903 477 2972 semine
496 2901 578 2970 sinit
596 2900 816 2968 eumfructus
831 2901 1012 2989 parotium
1027 2900 1180 2991 prolerre
1198 2928 1213 2960 a
1233 2900 1326 2989 (Chr.
1350 2901 1483 2988 aaran).

392 3015 475 3080 Cum
489 3008 632 3100 quidam
651 3006 803 3074 indolem
820 3006 1014 3073 historicam
1033 3006 1134 3072 huius
1153 3007 1326 3093 evangelii
1341 3017 1469 3095 negent
1484 3010 1538 3076 vel
1555 3011 1595 3078 in
1609 3011 1674 3079 du-

345 3117 442 3185 bium
459 3118 600 3199 vocent,
614 3136 686 3181 non
700 3114 766 3180 erit
780 3112 841 3180 abs
854 3136 890 3180 re
904 3135 1041 3179 mouere
1057 3121 1095 3180 ut
1107 3112 1316 3205 attendatur,
1335 3124 1464 3204 quanta
1483 3118 1533 3183 rei
1555 3125 1672 3205 gestae

346 3223 490 3292 veritate
504 3220 643 3308 singula
660 3219 724 3287 sub
744 3225 919 3310 aspectum
937 3219 1175 3300 subiiciuntur,
1198 3242 1302 3308 quam
1321 3230 1478 3290 accurate
1498 3225 1603 3293 verba
1617 3249 1673 3293 re-

347 3332 504 3400 serantur
523 3337 556 3396 et
573 3333 703 3417 quanta
726 3325 943 3415 simplicitate
968 3334 1091 3393 cuncta
1112 3326 1160 3393 ita
1173 3334 1378 3422 narrentur,
1402 3337 1438 3396 ut
1462 3353 1536 3397 rem
1556 3355 1672 3400 coram

242 3415 247 3429 ’
345 3437 421 3525 geri
444 3437 516 3503 fere
537 3433 665 3519 uideas.
684 3439 788 3500 Porro
812 3432 856 3499 ad
878 3431 964 3521 quid
988 3433 1072 3498 haec
1095 3433 1328 3518 fingerentur?
1348 3434 1382 3501 si
1407 3436 1485 3524 quis
1509 3438 1674 3507 voluisset

345 3542 494 3633 gloriam
510 3539 612 3608 Verbi
627 3538 806 3620 extollere,
832 3561 913 3630 sane
932 3561 1002 3604 non
1021 3545 1191 3606 narrasset
1211 3541 1341 3629 primos
1357 3541 1542 3633 discipulos
1561 3549 1672 3613 lesum

345 3648 514 3740 accepisse
532 3670 594 3740 per
613 3646 697 3714 alios
712 3645 759 3713 ita
777 3652 813 3712 ut
831 3645 1037 3734 exquirique
1057 3645 1128 3734 ipso
1147 3646 1255 3713 solum
1272 3669 1378 3715 uuum
1398 3649 1593 3719 immediate
1614 3675 1672 3720 vo-

342 3755 439 3826 oarit.

386 3958 469 4021 lllud
486 3957 526 4018 de
541 3956 662 4036 angelis
683 3956 767 4016 varie
788 3957 973 4034 explicatur.
989 3958 1095 4034 Aliqui
1116 3958 1253 4016 contenti
1268 3965 1340 4018 sunt
1359 3976 1526 4022 recensere
1541 3966 1671 4042 appari·

345 4060 450 4122 tiones
472 4055 658 4136 angelorum
685 4054 716 4113 in
742 4055 988 4127 resurreetione,
1014 4055 1046 4114 in
1072 4054 1272 4126 ascensione,
1300 4056 1349 4116 vel
1380 4057 1478 4118 etiam
1504 4061 1535 4120 in
1554 4064 1670 4140 agonia

345 4156 461 4222 Christi
474 4153 528 4236 (cl.
547 4149 621 4214 Car.
637 4149 663 4211 Τ
662 4142 769 4233 irrupit.
788 4149 820 4211 E
821 4150 887 4211 utic.
899 4150 995 4210 Burli.
1013 4150 1083 4212 Ata.
1099 4151 1125 4211 Τ
1124 4151 1205 4212 Ιιοιιι.
1219 4152 1299 4213 Bon.
1313 4151 1446 4235 Satin.);
1463 4157 1598 4221 sednon
1615 4179 1669 4222 ex-

345 4256 467 4337 plicant
481 4249 643 4332 quomodo
658 4249 782 4311 coelum
801 4250 905 4310 visum
921 4250 962 4309 sit
975 4255 1135 4328 apertunr;
1157 4251 1231 4311 dein
1249 4252 1281 4311 in
1297 4255 1527 4317 resurrectione
1542 4275 1606 4319 non
1622 4260 1668 4320 le-

345 4354 433 4434 gitur
446 4348 612 4428 discipulis
627 4347 760 4427 angelos
776 4365 808 4408 se
827 4347 979 4408 videndos
995 4348 1186 4409 exhibuisse.
1203 4350 1290 4410 Unde
1308 4348 1375 4411 Cui.
1392 4350 1481 4414 Inus.
1500 4364 1669 4418 recurrunt

346 4450 387 4511 ad
405 4451 438 4512 id
451 4448 537 4528 quod
549 4463 616 4507 non
630 4445 739 4506 omnia
754 4446 872 4523 scripta
886 4446 964 4518 sint;
982 4447 1098 4506 vidisse
1114 4447 1208 4526 igitur
1223 4466 1277 4508 eos
1292 4449 1421 4527 saepius
1437 4452 1597 4514 eiusmodi
1614 4473 1668 4534 ap·

345 4547 534 4627 paritiones,
549 4560 630 4623 quae
646 4546 753 4602 tamen
769 4543 801 4601 in
817 4545 984 4622 evangeliis
1000 4562 1063 4604 non
1080 4545 1262 4608 referantur.
1282 4547 1528 4610 Promissionem
1545 4537 1618 4612 eam
1634 4553 1668 4613 in

345 4644 460 4707 ultimo
480 4643 601 4706 iudicio
620 4639 749 4701 tandem
771 4656 839 4700 esse
860 4642 1055 4719 implendam
1073 4641 1175 4702 llatd.
1191 4645 1348 4721 opinatur.
1367 4648 1522 4708 Praestari
1542 4648 1573 4708 in
1594 4651 1665 4710 uni-

344 4759 475 4804 versum
488 4740 679 4818 obsequium
692 4737 852 4797 mandatis
865 4739 978 4800 Christi
998 4740 1036 4799 ab
1054 4741 1188 4818 angelis,
1202 4748 1363 4819 exponunt
1378 4743 1451 4826 Cpr.
1471 4743 1538 4806 Tol.
1553 4747 1644 4831 Schg.
1653 4768 1665 4826 ‚-

344 4837 476 4901 indicari
493 4837 696 4900 concordiam
715 4835 779 4895 tore
797 4837 978 4913 angelorum
996 4841 1026 4896 et
1039 4836 1204 4898 hominum
1221 4836 1302 4920 Rup.
1320 4848 1438 4904 censet.
1457 4843 1518 4903 liii
1531 4843 1664 4909 demum

344 4937 385 4999 ad
399 4936 599 5016 allegoricam
610 4933 863 5014 explanationem
876 4936 1076 5014 confugiunt3
1094 4936 1137 4994 ita
1151 4935 1231 5016 Aug.
1242 4941 1371 5017 angelos
1387 4958 1455 5001 esse
1469 4943 1664 5019 praedicato
