<?xml version="1.0" encoding="UTF-8"?>
<!DOCTYPE html PUBLIC "-//W3C//DTD XHTML 1.0 Transitional//EN"
    "http://www.w3.org/TR/xhtml1/DTD/xhtml1-transitional.dtd">
<html xmlns="http://www.w3.org/1999/xhtml" xml:lang="en" lang="en">
 <head>
  <title>
</title>
<meta http-equiv="Content-Type" content="text/html;charset=utf-8" />
  <meta name='ocr-system' content='tesseract 3.04.00' />
  <meta name='ocr-capabilities' content='ocr_page ocr_carea ocr_par ocr_line ocrx_word'/>
</head>
<body>
  <div class='ocr_page' id='page_1' title='image "./commentariusinq00knabgoog_0094.png"; bbox 0 0 4116 5648; ppageno 0'>
   <div class='ocr_carea' id='block_1_1' title="bbox 426 471 1929 1200">
    <p class='ocr_par' dir='ltr' id='par_1_1' title="bbox 427 458 1912 562">
     <span class='ocr_line' id='line_1_1' title="bbox 427 471 1762 562; baseline 0.003 -24"><span class='ocrx_word' id='word_1_1' title='bbox 427 479 463 545; x_wconf 86' lang='lat' dir='ltr'><strong>in</strong></span> <span class='ocrx_word' id='word_1_2' title='bbox 478 473 669 562; x_wconf 90' lang='lat' dir='ltr'><strong>quemlibet</strong></span> <span class='ocrx_word' id='word_1_3' title='bbox 685 483 812 544; x_wconf 89' lang='lat' dir='ltr'><strong>temere</strong></span> <span class='ocrx_word' id='word_1_4' title='bbox 826 471 984 552; x_wconf 80' lang='lat' dir='ltr'><strong>infundi,</strong></span> <span class='ocrx_word' id='word_1_5' title='bbox 1001 473 1062 540; x_wconf 89' lang='lat' dir='ltr'><strong>sed</strong></span> <span class='ocrx_word' id='word_1_6' title='bbox 1082 475 1118 542; x_wconf 92' lang='lat' dir='ltr'><strong>in</strong></span> <span class='ocrx_word' id='word_1_7' title='bbox 1139 493 1195 538; x_wconf 90' lang='lat' dir='ltr'><strong>eos</strong></span> <span class='ocrx_word' id='word_1_8' title='bbox 1218 474 1279 561; x_wconf 92' lang='lat' dir='ltr'><strong>qui</strong></span> <span class='ocrx_word' id='word_1_9' title='bbox 1302 471 1487 542; x_wconf 86' lang='lat' dir='ltr'><strong>voluntatis</strong></span> <span class='ocrx_word' id='word_1_10' title='bbox 1502 475 1716 559; x_wconf 90' lang='lat' dir='ltr'><strong>propositum</strong></span> <span class='ocrx_word' id='word_1_11' title='bbox 1729 475 1762 539; x_wconf 90' lang='lat' dir='ltr'><strong>et</strong></span> 
     </span>
    </p>

    <p class='ocr_par' dir='ltr' id='par_1_2' title="bbox 426 560 1929 1095">
     <span class='ocr_line' id='line_1_2' title="bbox 426 560 1929 678; baseline -0.001 -31"><span class='ocrx_word' id='word_1_12' title='bbox 426 580 645 664; x_wconf 79' lang='lat' dir='ltr'>diligentiam</span> <span class='ocrx_word' id='word_1_13' title='bbox 663 578 848 663; x_wconf 86' lang='lat' dir='ltr'><strong>adhibent;</strong></span> <span class='ocrx_word' id='word_1_14' title='bbox 870 579 906 646; x_wconf 94' lang='lat' dir='ltr'><strong>in</strong></span> <span class='ocrx_word' id='word_1_15' title='bbox 931 579 1054 647; x_wconf 90' lang='lat' dir='ltr'><strong>horum</strong></span> <span class='ocrx_word' id='word_1_16' title='bbox 1073 580 1163 647; x_wconf 89' lang='lat' dir='ltr'><strong>enim</strong></span> <span class='ocrx_word' id='word_1_17' title='bbox 1185 585 1351 668; x_wconf 76' lang='lat' dir='ltr'><strong>potestate</strong></span> <span class='ocrx_word' id='word_1_18' title='bbox 1372 566 1474 648; x_wconf 85' lang='lat' dir='ltr'><strong>situm</strong></span> <span class='ocrx_word' id='word_1_19' title='bbox 1498 580 1548 644; x_wconf 89' lang='lat' dir='ltr'><strong>est</strong></span> <span class='ocrx_word' id='word_1_20' title='bbox 1567 583 1606 642; x_wconf 87' lang='lat' dir='ltr'><strong>ul</strong></span> <span class='ocrx_word' id='word_1_21' title='bbox 1624 577 1688 644; x_wconf 87' lang='lat' dir='ltr'><strong>lilii</strong></span> <span class='ocrx_word' id='word_1_22' title='bbox 1704 579 1763 647; x_wconf 85' lang='lat' dir='ltr'><strong>Dei</strong></span> <span class='ocrx_word' id='word_1_23' title='bbox 1878 560 1929 678; x_wconf 67' lang='grc' dir='ltr'><strong>-ξζ</strong></span> 
     </span>
     <span class='ocr_line' id='line_1_3' title="bbox 427 683 1929 775; baseline 0.001 -26"><span class='ocrx_word' id='word_1_24' title='bbox 427 686 509 752; x_wconf 87' lang='lat' dir='ltr'><strong>fiant</strong></span> <span class='ocrx_word' id='word_1_25' title='bbox 532 717 562 756; x_wconf 87' lang='lat'><strong>».</strong></span> <span class='ocrx_word' id='word_1_26' title='bbox 586 689 684 755; x_wconf 79' lang='lat' dir='ltr'><strong>Fiunt</strong></span> <span class='ocrx_word' id='word_1_27' title='bbox 702 694 816 753; x_wconf 89' lang='lat' dir='ltr'><strong>autem</strong></span> <span class='ocrx_word' id='word_1_28' title='bbox 839 693 918 754; x_wconf 87' lang='lat' dir='ltr'><strong>actu</strong></span> <span class='ocrx_word' id='word_1_29' title='bbox 939 687 1110 774; x_wconf 71' lang='lat' dir='ltr'><strong>perfectae</strong></span> <span class='ocrx_word' id='word_1_30' title='bbox 1130 686 1282 753; x_wconf 87' lang='lat' dir='ltr'><strong>caritatis</strong></span> <span class='ocrx_word' id='word_1_31' title='bbox 1297 692 1356 752; x_wconf 90' lang='lat' dir='ltr'><strong>aut</strong></span> <span class='ocrx_word' id='word_1_32' title='bbox 1371 692 1527 775; x_wconf 85' lang='lat' dir='ltr'><strong>suscepta</strong></span> <span class='ocrx_word' id='word_1_33' title='bbox 1543 683 1761 774; x_wconf 88' lang='lat' dir='ltr'><strong>baptismate.</strong></span> <span class='ocrx_word' id='word_1_34' title='bbox 1883 710 1929 773; x_wconf 65' lang='lat'><strong>3¹2</strong></span> 
     </span>
     <span class='ocr_line' id='line_1_4' title="bbox 429 790 1929 882; baseline -0.002 -25"><span class='ocrx_word' id='word_1_35' title='bbox 429 797 465 858; x_wconf 92' lang='lat' dir='ltr'><strong>ln</strong></span> <span class='ocrx_word' id='word_1_36' title='bbox 482 801 595 863; x_wconf 87' lang='lat' dir='ltr'><strong>vetere</strong></span> <span class='ocrx_word' id='word_1_37' title='bbox 616 793 750 859; x_wconf 84' lang='lat' dir='ltr'><strong>loedere</strong></span> <span class='ocrx_word' id='word_1_38' title='bbox 765 795 875 861; x_wconf 93' lang='lat' dir='ltr'><strong>solum</strong></span> <span class='ocrx_word' id='word_1_39' title='bbox 895 791 992 881; x_wconf 91' lang='lat' dir='ltr'><strong>prior</strong></span> <span class='ocrx_word' id='word_1_40' title='bbox 1013 795 1068 860; x_wconf 87' lang='lat' dir='ltr'><strong>via</strong></span> <span class='ocrx_word' id='word_1_41' title='bbox 1088 796 1162 858; x_wconf 89' lang='lat' dir='ltr'><strong>erat</strong></span> <span class='ocrx_word' id='word_1_42' title='bbox 1180 798 1312 880; x_wconf 89' lang='lat' dir='ltr'><strong>aperta.</strong></span> <span class='ocrx_word' id='word_1_43' title='bbox 1329 790 1539 879; x_wconf 83' lang='lat' dir='ltr'><strong>Quandoque</strong></span> <span class='ocrx_word' id='word_1_44' title='bbox 1559 797 1691 873; x_wconf 71' lang='grc' dir='ltr'><strong>ἐξουσίαν</strong></span> <span class='ocrx_word' id='word_1_45' title='bbox 1707 810 1766 855; x_wconf 84' lang='lat' dir='ltr'><strong>ex·</strong></span> <span class='ocrx_word' id='word_1_46' title='bbox 1927 808 1929 882; x_wconf 51' lang='lat' dir='ltr'>j</span> 
     </span>
     <span class='ocr_line' id='line_1_5' title="bbox 427 896 1767 988; baseline -0.002 -24"><span class='ocrx_word' id='word_1_47' title='bbox 427 900 555 988; x_wconf 88' lang='lat' dir='ltr'><strong>plicant</strong></span> <span class='ocrx_word' id='word_1_48' title='bbox 579 899 796 980; x_wconf 75' lang='lat' dir='ltr'><strong>facultatem,</strong></span> <span class='ocrx_word' id='word_1_49' title='bbox 820 897 1026 986; x_wconf 89' lang='lat' dir='ltr'><strong>dignitatem</strong></span> <span class='ocrx_word' id='word_1_50' title='bbox 1050 897 1188 987; x_wconf 75' lang='lat' dir='ltr'><strong>(laras.);</strong></span> <span class='ocrx_word' id='word_1_51' title='bbox 1212 897 1249 963; x_wconf 89' lang='lat' dir='ltr'><strong>id</strong></span> <span class='ocrx_word' id='word_1_52' title='bbox 1265 896 1360 986; x_wconf 92' lang='lat' dir='ltr'><strong>quod</strong></span> <span class='ocrx_word' id='word_1_53' title='bbox 1384 902 1500 963; x_wconf 85' lang='lat' dir='ltr'><strong>tamen</strong></span> <span class='ocrx_word' id='word_1_54' title='bbox 1524 897 1653 964; x_wconf 88' lang='lat' dir='ltr'><strong>abusu</strong></span> <span class='ocrx_word' id='word_1_55' title='bbox 1674 896 1767 964; x_wconf 89' lang='lat' dir='ltr'><strong>vocis</strong></span> 
     </span>
     <span class='ocr_line' id='line_1_6' title="bbox 428 1001 1766 1095; baseline -0.003 -22"><span class='ocrx_word' id='word_1_56' title='bbox 428 1006 573 1076; x_wconf 89' lang='lat' dir='ltr'><strong>nimium</strong></span> <span class='ocrx_word' id='word_1_57' title='bbox 594 1005 733 1074; x_wconf 83' lang='lat' dir='ltr'><strong>recedit.</strong></span> <span class='ocrx_word' id='word_1_58' title='bbox 759 1007 829 1074; x_wconf 87' lang='lat' dir='ltr'><strong>Dici</strong></span> <span class='ocrx_word' id='word_1_59' title='bbox 852 1011 966 1072; x_wconf 89' lang='lat' dir='ltr'><strong>autem</strong></span> <span class='ocrx_word' id='word_1_60' title='bbox 985 1004 1082 1073; x_wconf 84' lang='lat' dir='ltr'><strong>dedit</strong></span> <span class='ocrx_word' id='word_1_61' title='bbox 1093 1016 1320 1095; x_wconf 82' lang='lat' dir='ltr'><strong>potestatem,</strong></span> <span class='ocrx_word' id='word_1_62' title='bbox 1339 1004 1387 1070; x_wconf 86' lang='lat' dir='ltr'><strong>ait</strong></span> <span class='ocrx_word' id='word_1_63' title='bbox 1412 1001 1527 1069; x_wconf 79' lang='lat' dir='ltr'><strong>Tlom.</strong></span> <span class='ocrx_word' id='word_1_64' title='bbox 1554 1003 1637 1092; x_wconf 89' lang='lat' dir='ltr'><strong>quia</strong></span> <span class='ocrx_word' id='word_1_65' title='bbox 1655 1005 1692 1070; x_wconf 92' lang='lat' dir='ltr'><strong>in</strong></span> <span class='ocrx_word' id='word_1_66' title='bbox 1705 1026 1766 1094; x_wconf 88' lang='lat' dir='ltr'><strong>po·</strong></span> 
     </span>
    </p>

    <p class='ocr_par' dir='ltr' id='par_1_3' title="bbox 429 1097 1916 1200">
     <span class='ocr_line' id='line_1_7' title="bbox 429 1109 1916 1200; baseline -0.002 -20"><span class='ocrx_word' id='word_1_67' title='bbox 429 1120 546 1182; x_wconf 87' lang='lat' dir='ltr'><strong>testate</strong></span> <span class='ocrx_word' id='word_1_68' title='bbox 571 1112 719 1179; x_wconf 90' lang='lat' dir='ltr'><strong>hominis</strong></span> <span class='ocrx_word' id='word_1_69' title='bbox 741 1118 793 1180; x_wconf 87' lang='lat' dir='ltr'><strong>est</strong></span> <span class='ocrx_word' id='word_1_70' title='bbox 815 1118 852 1177; x_wconf 90' lang='lat' dir='ltr'><strong>ut</strong></span> <span class='ocrx_word' id='word_1_71' title='bbox 875 1113 1067 1180; x_wconf 90' lang='lat' dir='ltr'><strong>consentiat</strong></span> <span class='ocrx_word' id='word_1_72' title='bbox 1088 1117 1120 1178; x_wconf 90' lang='lat' dir='ltr'><strong>et</strong></span> <span class='ocrx_word' id='word_1_73' title='bbox 1145 1133 1211 1177; x_wconf 90' lang='lat' dir='ltr'><strong>non</strong></span> <span class='ocrx_word' id='word_1_74' title='bbox 1231 1111 1421 1177; x_wconf 87' lang='lat' dir='ltr'><strong>consentiat</strong></span> <span class='ocrx_word' id='word_1_75' title='bbox 1439 1117 1474 1176; x_wconf 87' lang='lat' dir='ltr'><strong>et</strong></span> <span class='ocrx_word' id='word_1_76' title='bbox 1491 1109 1550 1176; x_wconf 89' lang='lat' dir='ltr'><strong>dat</strong></span> <span class='ocrx_word' id='word_1_77' title='bbox 1563 1114 1764 1200; x_wconf 89' lang='lat' dir='ltr'><strong>potestatem</strong></span> <span class='ocrx_word' id='word_1_78' title='bbox 1886 1122 1916 1187; x_wconf 73' lang='lat' dir='ltr'><strong><em>j</em></strong></span> 
     </span>
    </p>
   </div>
   <div class='ocr_carea' id='block_1_2' title="bbox 428 1215 1929 1733">
    <p class='ocr_par' dir='ltr' id='par_1_4' title="bbox 428 1215 1929 1739">
     <span class='ocr_line' id='line_1_8' title="bbox 429 1215 1763 1307; baseline -0.005 -20"><span class='ocrx_word' id='word_1_79' title='bbox 429 1217 598 1288; x_wconf 89' lang='lat' dir='ltr'><strong>movendo</strong></span> <span class='ocrx_word' id='word_1_80' title='bbox 623 1219 769 1287; x_wconf 90' lang='lat' dir='ltr'><strong>liberum</strong></span> <span class='ocrx_word' id='word_1_81' title='bbox 792 1217 975 1285; x_wconf 78' lang='lat' dir='ltr'><strong>arbitrium</strong></span> <span class='ocrx_word' id='word_1_82' title='bbox 1000 1217 1166 1298; x_wconf 92' lang='lat' dir='ltr'><strong>hominis,</strong></span> <span class='ocrx_word' id='word_1_83' title='bbox 1185 1226 1223 1284; x_wconf 91' lang='lat' dir='ltr'><strong>ut</strong></span> <span class='ocrx_word' id='word_1_84' title='bbox 1241 1216 1433 1284; x_wconf 86' lang='lat' dir='ltr'><strong>consentiat</strong></span> <span class='ocrx_word' id='word_1_85' title='bbox 1453 1216 1497 1283; x_wconf 88' lang='lat' dir='ltr'><strong>ad</strong></span> <span class='ocrx_word' id='word_1_86' title='bbox 1515 1215 1763 1307; x_wconf 86' lang='lat' dir='ltr'><strong>susceptionem</strong></span> 
     </span>
     <span class='ocr_line' id='line_1_9' title="bbox 429 1316 1916 1416; baseline -0.002 -23"><span class='ocrx_word' id='word_1_87' title='bbox 429 1328 573 1414; x_wconf 86' lang='lat' dir='ltr'><strong>gratiae.</strong></span> <span class='ocrx_word' id='word_1_88' title='bbox 600 1329 691 1392; x_wconf 82' lang='lat' dir='ltr'><strong>lianc</strong></span> <span class='ocrx_word' id='word_1_89' title='bbox 725 1347 805 1392; x_wconf 93' lang='lat' dir='ltr'><strong>vero</strong></span> <span class='ocrx_word' id='word_1_90' title='bbox 833 1325 1036 1392; x_wconf 83' lang='lat' dir='ltr'><strong>filiationem</strong></span> <span class='ocrx_word' id='word_1_91' title='bbox 1062 1324 1151 1391; x_wconf 92' lang='lat' dir='ltr'><strong>bene</strong></span> <span class='ocrx_word' id='word_1_92' title='bbox 1174 1323 1337 1391; x_wconf 88' lang='lat' dir='ltr'><strong>describit</strong></span> <span class='ocrx_word' id='word_1_93' title='bbox 1369 1324 1447 1412; x_wconf 75' lang='lat' dir='ltr'><strong>Cpr.</strong></span> <span class='ocrx_word' id='word_1_94' title='bbox 1471 1321 1764 1412; x_wconf 89' lang='lat' dir='ltr'><strong>pulchritudinem</strong></span> <span class='ocrx_word' id='word_1_95' title='bbox 1886 1316 1916 1416; x_wconf 44' lang='grc' dir='ltr'><strong><em>ᾗ</em></strong></span> 
     </span>
     <span class='ocr_line' id='line_1_10' title="bbox 428 1421 1920 1520; baseline -0.003 -20"><span class='ocrx_word' id='word_1_96' title='bbox 428 1431 591 1518; x_wconf 85' lang='lat' dir='ltr'><strong>imaginis</strong></span> <span class='ocrx_word' id='word_1_97' title='bbox 609 1432 763 1500; x_wconf 89' lang='lat' dir='ltr'><strong>coelestis</strong></span> <span class='ocrx_word' id='word_1_98' title='bbox 779 1431 939 1510; x_wconf 92' lang='lat' dir='ltr'><strong>hominis,</strong></span> <span class='ocrx_word' id='word_1_99' title='bbox 957 1430 1094 1513; x_wconf 84' lang='lat' dir='ltr'><strong>Christi,</strong></span> <span class='ocrx_word' id='word_1_100' title='bbox 1109 1431 1311 1520; x_wconf 89' lang='lat' dir='ltr'><strong>impressam</strong></span> <span class='ocrx_word' id='word_1_101' title='bbox 1324 1428 1435 1512; x_wconf 88' lang='lat' dir='ltr'><strong>nobis,</strong></span> <span class='ocrx_word' id='word_1_102' title='bbox 1451 1457 1468 1490; x_wconf 90' lang='lat'>«</span> <span class='ocrx_word' id='word_1_103' title='bbox 1481 1428 1664 1519; x_wconf 87' lang='lat' dir='ltr'><strong>participes</strong></span> <span class='ocrx_word' id='word_1_104' title='bbox 1672 1429 1763 1495; x_wconf 90' lang='lat' dir='ltr'><strong>enim</strong></span> <span class='ocrx_word' id='word_1_105' title='bbox 1851 1463 1856 1471; x_wconf 92' lang='lat'>·</span> <span class='ocrx_word' id='word_1_106' title='bbox 1874 1421 1920 1519; x_wconf 43' lang='lat'><strong>„³42</strong></span> 
     </span>
     <span class='ocr_line' id='line_1_11' title="bbox 430 1522 1929 1628; baseline -0.003 -24"><span class='ocrx_word' id='word_1_107' title='bbox 430 1540 501 1605; x_wconf 90' lang='lat' dir='ltr'><strong>eius</strong></span> <span class='ocrx_word' id='word_1_108' title='bbox 519 1537 600 1604; x_wconf 83' lang='lat' dir='ltr'><strong>iacti</strong></span> <span class='ocrx_word' id='word_1_109' title='bbox 621 1561 683 1627; x_wconf 88' lang='lat' dir='ltr'><strong>per</strong></span> <span class='ocrx_word' id='word_1_110' title='bbox 696 1537 863 1628; x_wconf 87' lang='lat' dir='ltr'><strong>Spiritum</strong></span> <span class='ocrx_word' id='word_1_111' title='bbox 875 1537 1050 1622; x_wconf 88' lang='lat' dir='ltr'><strong>obsignati</strong></span> <span class='ocrx_word' id='word_1_112' title='bbox 1068 1557 1186 1603; x_wconf 89' lang='lat' dir='ltr'><strong>sumus</strong></span> <span class='ocrx_word' id='word_1_113' title='bbox 1202 1536 1237 1604; x_wconf 94' lang='lat' dir='ltr'><strong>in</strong></span> <span class='ocrx_word' id='word_1_114' title='bbox 1260 1535 1525 1603; x_wconf 91' lang='lat' dir='ltr'><strong>similitudinem</strong></span> <span class='ocrx_word' id='word_1_115' title='bbox 1544 1557 1624 1602; x_wconf 92' lang='lat' dir='ltr'><strong>cum</strong></span> <span class='ocrx_word' id='word_1_116' title='bbox 1642 1536 1716 1624; x_wconf 89' lang='lat' dir='ltr'><strong>ipso</strong></span> <span class='ocrx_word' id='word_1_117' title='bbox 1731 1542 1765 1602; x_wconf 89' lang='lat' dir='ltr'><strong>et</strong></span> <span class='ocrx_word' id='word_1_118' title='bbox 1867 1522 1929 1617; x_wconf 93' lang='lat'><em>4</em></span> 
     </span>
     <span class='ocr_line' id='line_1_12' title="bbox 429 1641 1766 1733; baseline -0.004 -22"><span class='ocrx_word' id='word_1_119' title='bbox 429 1645 475 1711; x_wconf 88' lang='lat' dir='ltr'><strong>ad</strong></span> <span class='ocrx_word' id='word_1_120' title='bbox 498 1641 728 1733; x_wconf 78' lang='lat' dir='ltr'><strong>exemplarem</strong></span> <span class='ocrx_word' id='word_1_121' title='bbox 752 1644 897 1710; x_wconf 79' lang='lat' dir='ltr'><strong>formam</strong></span> <span class='ocrx_word' id='word_1_122' title='bbox 920 1643 1015 1711; x_wconf 91' lang='lat' dir='ltr'><strong>illius</strong></span> <span class='ocrx_word' id='word_1_123' title='bbox 1038 1643 1201 1729; x_wconf 83' lang='lat' dir='ltr'><strong>imaginis</strong></span> <span class='ocrx_word' id='word_1_124' title='bbox 1218 1642 1479 1711; x_wconf 89' lang='lat' dir='ltr'><strong>conscendimus</strong></span> <span class='ocrx_word' id='word_1_125' title='bbox 1506 1671 1535 1707; x_wconf 85' lang='lat'><strong>».</strong></span> <span class='ocrx_word' id='word_1_126' title='bbox 1561 1641 1766 1709; x_wconf 68' lang='lat' dir='ltr'><strong>assimilatio</strong></span> 
     </span>
    </p>
   </div>
   <div class='ocr_carea' id='block_1_3' title="bbox 430 1748 1766 1838">
    <p class='ocr_par' dir='ltr' id='par_1_5' title="bbox 430 1748 1766 1838">
     <span class='ocr_line' id='line_1_13' title="bbox 430 1748 1766 1838; baseline -0.002 -21"><span class='ocrx_word' id='word_1_127' title='bbox 430 1757 545 1817; x_wconf 89' lang='lat' dir='ltr'><strong>autem</strong></span> <span class='ocrx_word' id='word_1_128' title='bbox 569 1752 653 1819; x_wconf 90' lang='lat' dir='ltr'><strong>haec</strong></span> <span class='ocrx_word' id='word_1_129' title='bbox 674 1752 719 1818; x_wconf 90' lang='lat' dir='ltr'><strong>ad</strong></span> <span class='ocrx_word' id='word_1_130' title='bbox 738 1755 843 1817; x_wconf 78' lang='lat' dir='ltr'><strong>neum</strong></span> <span class='ocrx_word' id='word_1_131' title='bbox 867 1749 905 1814; x_wconf 89' lang='lat' dir='ltr'><strong>fit</strong></span> <span class='ocrx_word' id='word_1_132' title='bbox 931 1772 994 1838; x_wconf 93' lang='lat' dir='ltr'><strong>per</strong></span> <span class='ocrx_word' id='word_1_133' title='bbox 1017 1748 1224 1815; x_wconf 88' lang='lat' dir='ltr'><strong>infusionem</strong></span> <span class='ocrx_word' id='word_1_134' title='bbox 1252 1749 1387 1836; x_wconf 89' lang='lat' dir='ltr'><strong>gratiae</strong></span> <span class='ocrx_word' id='word_1_135' title='bbox 1410 1748 1671 1830; x_wconf 89' lang='lat' dir='ltr'><strong>sanctificantis,</strong></span> <span class='ocrx_word' id='word_1_136' title='bbox 1698 1769 1766 1838; x_wconf 88' lang='lat' dir='ltr'><strong>qua</strong></span> 
     </span>
    </p>
   </div>
   <div class='ocr_carea' id='block_1_4' title="bbox 430 1856 1929 1971">
    <p class='ocr_par' dir='ltr' id='par_1_6' title="bbox 430 1856 1929 1971">
     <span class='ocr_line' id='line_1_14' title="bbox 430 1856 1929 1971; baseline -0.003 -48"><span class='ocrx_word' id='word_1_137' title='bbox 430 1857 566 1924; x_wconf 90' lang='lat' dir='ltr'><strong>divinae</strong></span> <span class='ocrx_word' id='word_1_138' title='bbox 586 1857 758 1924; x_wconf 82' lang='lat' dir='ltr'><strong>efficimur</strong></span> <span class='ocrx_word' id='word_1_139' title='bbox 776 1863 951 1923; x_wconf 86' lang='lat' dir='ltr'><strong>consortes</strong></span> <span class='ocrx_word' id='word_1_140' title='bbox 971 1861 1116 1924; x_wconf 87' lang='lat' dir='ltr'><strong>naturae</strong></span> <span class='ocrx_word' id='word_1_141' title='bbox 1136 1859 1168 1941; x_wconf 77' lang='lat'><strong>(2</strong></span> <span class='ocrx_word' id='word_1_142' title='bbox 1184 1860 1271 1922; x_wconf 88' lang='lat' dir='ltr'><strong>Petr.</strong></span> <span class='ocrx_word' id='word_1_143' title='bbox 1293 1856 1362 1945; x_wconf 80' lang='lat' dir='ltr'><strong>l,l)</strong></span> <span class='ocrx_word' id='word_1_144' title='bbox 1376 1861 1409 1922; x_wconf 90' lang='lat' dir='ltr'><strong>et</strong></span> <span class='ocrx_word' id='word_1_145' title='bbox 1424 1877 1573 1944; x_wconf 91' lang='lat' dir='ltr'><strong>quacum</strong></span> <span class='ocrx_word' id='word_1_146' title='bbox 1588 1857 1768 1923; x_wconf 86' lang='lat' dir='ltr'><strong>coniuncta</strong></span> <span class='ocrx_word' id='word_1_147' title='bbox 1858 1864 1859 1868; x_wconf 75' lang='grc'>’</span> <span class='ocrx_word' id='word_1_148' title='bbox 1894 1860 1929 1971; x_wconf 36' lang='grc' dir='ltr'><strong>ἔῃ</strong></span> 
     </span>
    </p>
   </div>
   <div class='ocr_carea' id='block_1_5' title="bbox 431 1961 1532 2053">
    <p class='ocr_par' dir='ltr' id='par_1_7' title="bbox 431 1961 1532 2053">
     <span class='ocr_line' id='line_1_15' title="bbox 431 1961 1532 2053; baseline -0.004 -22"><span class='ocrx_word' id='word_1_149' title='bbox 431 1969 479 2031; x_wconf 93' lang='lat' dir='ltr'><strong>est</strong></span> <span class='ocrx_word' id='word_1_150' title='bbox 494 1962 862 2053; x_wconf 85' lang='lat' dir='ltr'><strong>inhabitatio-Spiritus</strong></span> <span class='ocrx_word' id='word_1_151' title='bbox 877 1962 987 2029; x_wconf 88' lang='lat' dir='ltr'><strong>sancti</strong></span> <span class='ocrx_word' id='word_1_152' title='bbox 1002 1965 1036 2028; x_wconf 94' lang='lat' dir='ltr'><strong>in</strong></span> <span class='ocrx_word' id='word_1_153' title='bbox 1052 1962 1170 2029; x_wconf 89' lang='lat' dir='ltr'><strong>anima</strong></span> <span class='ocrx_word' id='word_1_154' title='bbox 1183 1961 1263 2029; x_wconf 87' lang='lat' dir='ltr'><strong>iusti</strong></span> <span class='ocrx_word' id='word_1_155' title='bbox 1280 1961 1337 2051; x_wconf 86' lang='lat' dir='ltr'><strong>(cf.</strong></span> <span class='ocrx_word' id='word_1_156' title='bbox 1352 1962 1424 2029; x_wconf 87' lang='lat' dir='ltr'><strong>Gal.</strong></span> <span class='ocrx_word' id='word_1_157' title='bbox 1448 1962 1532 2050; x_wconf 66' lang='lat' dir='ltr'><strong>tp).</strong></span> 
     </span>
    </p>
   </div>
   <div class='ocr_carea' id='block_1_6' title="bbox 432 2066 1921 2266">
    <p class='ocr_par' dir='ltr' id='par_1_8' title="bbox 432 2066 1929 2281">
     <span class='ocr_line' id='line_1_16' title="bbox 475 2066 1921 2160; baseline -0.003 -23"><span class='ocrx_word' id='word_1_158' title='bbox 475 2070 555 2137; x_wconf 88' lang='lat' dir='ltr'><strong>Dein</strong></span> <span class='ocrx_word' id='word_1_159' title='bbox 573 2071 663 2137; x_wconf 85' lang='lat' dir='ltr'><strong>laetu</strong></span> <span class='ocrx_word' id='word_1_160' title='bbox 676 2071 929 2160; x_wconf 89' lang='lat' dir='ltr'><strong>comparatione</strong></span> <span class='ocrx_word' id='word_1_161' title='bbox 944 2091 1024 2136; x_wconf 92' lang='lat' dir='ltr'><strong>cum</strong></span> <span class='ocrx_word' id='word_1_162' title='bbox 1040 2069 1219 2135; x_wconf 87' lang='lat' dir='ltr'><strong>nativitate</strong></span> <span class='ocrx_word' id='word_1_163' title='bbox 1232 2067 1386 2136; x_wconf 88' lang='lat' dir='ltr'><strong>naturali</strong></span> <span class='ocrx_word' id='word_1_164' title='bbox 1403 2068 1591 2157; x_wconf 76' lang='lat' dir='ltr'><strong>explicatur</strong></span> <span class='ocrx_word' id='word_1_165' title='bbox 1605 2066 1768 2135; x_wconf 82' lang='lat' dir='ltr'><strong>excellen-</strong></span> <span class='ocrx_word' id='word_1_166' title='bbox 1884 2066 1921 2159; x_wconf 44' lang='grc' dir='ltr'>ᾗ</span> 
     </span>
     <span class='ocr_line' id='line_1_17' title="bbox 432 2174 1892 2266; baseline -0.001 -24"><span class='ocrx_word' id='word_1_167' title='bbox 432 2177 479 2243; x_wconf 85' lang='lat' dir='ltr'><strong>tia</strong></span> <span class='ocrx_word' id='word_1_168' title='bbox 490 2177 585 2244; x_wconf 92' lang='lat' dir='ltr'><strong>istius</strong></span> <span class='ocrx_word' id='word_1_169' title='bbox 600 2176 774 2244; x_wconf 85' lang='lat' dir='ltr'><strong>filiationis</strong></span> <span class='ocrx_word' id='word_1_170' title='bbox 789 2177 924 2243; x_wconf 88' lang='lat' dir='ltr'><strong>divinae</strong></span> <span class='ocrx_word' id='word_1_171' title='bbox 938 2176 1033 2266; x_wconf 73' lang='lat' dir='ltr'><strong>(Cirr.</strong></span> <span class='ocrx_word' id='word_1_172' title='bbox 1052 2174 1197 2266; x_wconf 76' lang='lat' dir='ltr'><strong>Tbeopk.</strong></span> <span class='ocrx_word' id='word_1_173' title='bbox 1215 2175 1325 2242; x_wconf 85' lang='lat' dir='ltr'><strong>Mald.</strong></span> <span class='ocrx_word' id='word_1_174' title='bbox 1336 2176 1438 2266; x_wconf 77' lang='lat' dir='ltr'><strong>Lep.)</strong></span> <span class='ocrx_word' id='word_1_175' title='bbox 1449 2230 1457 2252; x_wconf 92' lang='lat'><strong>,</strong></span> <span class='ocrx_word' id='word_1_176' title='bbox 1470 2198 1502 2242; x_wconf 90' lang='lat' dir='ltr'><strong>v.</strong></span> <span class='ocrx_word' id='word_1_177' title='bbox 1520 2181 1559 2242; x_wconf 88' lang='grc'><strong>13</strong></span> <span class='ocrx_word' id='word_1_178' title='bbox 1573 2175 1636 2265; x_wconf 83' lang='lat' dir='ltr'><strong>qui</strong></span> <span class='ocrx_word' id='word_1_179' title='bbox 1646 2174 1768 2242; x_wconf 83' lang='lat' dir='ltr'><strong>referri</strong></span> <span class='ocrx_word' id='word_1_180' title='bbox 1888 2178 1892 2185; x_wconf 82' lang='lat'>&#39;</span> 
     </span>
    </p>
   </div>
   <div class='ocr_carea' id='block_1_7' title="bbox 431 2280 1772 3970">
    <p class='ocr_par' dir='ltr' id='par_1_9' title="bbox 431 2280 1772 3970">
     <span class='ocr_line' id='line_1_18' title="bbox 431 2280 1767 2373; baseline -0.002 -24"><span class='ocrx_word' id='word_1_181' title='bbox 431 2283 533 2350; x_wconf 90' lang='lat' dir='ltr'><strong>debet</strong></span> <span class='ocrx_word' id='word_1_182' title='bbox 555 2284 600 2351; x_wconf 90' lang='lat' dir='ltr'><strong>ad</strong></span> <span class='ocrx_word' id='word_1_183' title='bbox 623 2283 728 2365; x_wconf 89' lang='lat' dir='ltr'><strong>filios,</strong></span> <span class='ocrx_word' id='word_1_184' title='bbox 749 2306 862 2373; x_wconf 90' lang='lat' dir='ltr'><strong>neque</strong></span> <span class='ocrx_word' id='word_1_185' title='bbox 883 2283 976 2350; x_wconf 91' lang='lat' dir='ltr'><strong>enim</strong></span> <span class='ocrx_word' id='word_1_186' title='bbox 994 2282 1170 2350; x_wconf 90' lang='lat' dir='ltr'><strong>credentes</strong></span> <span class='ocrx_word' id='word_1_187' title='bbox 1190 2283 1393 2373; x_wconf 88' lang='lat' dir='ltr'><strong>simpliciter</strong></span> <span class='ocrx_word' id='word_1_188' title='bbox 1406 2282 1473 2350; x_wconf 93' lang='lat' dir='ltr'><strong>dici</strong></span> <span class='ocrx_word' id='word_1_189' title='bbox 1488 2291 1629 2373; x_wconf 90' lang='lat' dir='ltr'><strong>possunt</strong></span> <span class='ocrx_word' id='word_1_190' title='bbox 1642 2280 1714 2348; x_wconf 90' lang='lat' dir='ltr'><strong>nati</strong></span> <span class='ocrx_word' id='word_1_191' title='bbox 1727 2303 1767 2347; x_wconf 86' lang='lat' dir='ltr'><strong>ex</strong></span> 
     </span>
     <span class='ocr_line' id='line_1_19' title="bbox 433 2386 1766 2479; baseline -0.002 -22"><span class='ocrx_word' id='word_1_192' title='bbox 433 2396 514 2472; x_wconf 85' lang='lat' dir='ltr'><strong>Deo,</strong></span> <span class='ocrx_word' id='word_1_193' title='bbox 535 2412 598 2457; x_wconf 91' lang='lat' dir='ltr'><strong>nec</strong></span> <span class='ocrx_word' id='word_1_194' title='bbox 616 2391 729 2457; x_wconf 89' lang='lat' dir='ltr'><strong>obstat</strong></span> <span class='ocrx_word' id='word_1_195' title='bbox 747 2401 836 2458; x_wconf 78' lang='grc' dir='ltr'>τέκνα</span> <span class='ocrx_word' id='word_1_196' title='bbox 860 2390 970 2478; x_wconf 90' lang='lat' dir='ltr'><strong>(quod</strong></span> <span class='ocrx_word' id='word_1_197' title='bbox 994 2388 1102 2456; x_wconf 84' lang='lat' dir='ltr'><strong>Mcld.</strong></span> <span class='ocrx_word' id='word_1_198' title='bbox 1124 2392 1209 2479; x_wconf 77' lang='lat' dir='ltr'><strong>Lep.</strong></span> <span class='ocrx_word' id='word_1_199' title='bbox 1234 2389 1434 2475; x_wconf 87' lang='lat' dir='ltr'><strong>obiiciunt);</strong></span> <span class='ocrx_word' id='word_1_200' title='bbox 1460 2411 1539 2456; x_wconf 93' lang='lat' dir='ltr'><strong>nam</strong></span> <span class='ocrx_word' id='word_1_201' title='bbox 1561 2386 1766 2455; x_wconf 90' lang='lat' dir='ltr'><strong>constructio</strong></span> 
     </span>
     <span class='ocr_line' id='line_1_20' title="bbox 432 2494 1766 2586; baseline -0.002 -23"><span class='ocrx_word' id='word_1_202' title='bbox 432 2496 626 2564; x_wconf 90' lang='lat' dir='ltr'><strong>adsensum</strong></span> <span class='ocrx_word' id='word_1_203' title='bbox 649 2496 753 2564; x_wconf 87' lang='lat' dir='ltr'><strong>obvia</strong></span> <span class='ocrx_word' id='word_1_204' title='bbox 767 2503 833 2578; x_wconf 89' lang='lat' dir='ltr'><strong>est;</strong></span> <span class='ocrx_word' id='word_1_205' title='bbox 849 2497 874 2563; x_wconf 93' lang='lat' dir='ltr'><strong>ii</strong></span> <span class='ocrx_word' id='word_1_206' title='bbox 897 2498 1013 2586; x_wconf 90' lang='lat' dir='ltr'><strong>itaque</strong></span> <span class='ocrx_word' id='word_1_207' title='bbox 1030 2495 1093 2561; x_wconf 90' lang='lat' dir='ltr'><strong>lilii</strong></span> <span class='ocrx_word' id='word_1_208' title='bbox 1114 2495 1171 2562; x_wconf 83' lang='lat' dir='ltr'><strong>Dei</strong></span> <span class='ocrx_word' id='word_1_209' title='bbox 1189 2502 1287 2577; x_wconf 91' lang='lat' dir='ltr'><strong>sunt,</strong></span> <span class='ocrx_word' id='word_1_210' title='bbox 1306 2496 1437 2584; x_wconf 87' lang='lat' dir='ltr'><strong>quippe</strong></span> <span class='ocrx_word' id='word_1_211' title='bbox 1454 2494 1515 2583; x_wconf 92' lang='lat' dir='ltr'><strong>qui</strong></span> <span class='ocrx_word' id='word_1_212' title='bbox 1538 2517 1609 2561; x_wconf 73' lang='lat' dir='ltr'><strong>reon</strong></span> <span class='ocrx_word' id='word_1_213' title='bbox 1627 2517 1670 2560; x_wconf 73' lang='lat' dir='ltr'><strong>ccc</strong></span> <span class='ocrx_word' id='word_1_214' title='bbox 1685 2515 1766 2560; x_wconf 84' lang='lat' dir='ltr'><strong>san·</strong></span> 
     </span>
     <span class='ocr_line' id='line_1_21' title="bbox 431 2599 1766 2694; baseline -0.002 -24"><span class='ocrx_word' id='word_1_215' title='bbox 431 2603 598 2694; x_wconf 75' lang='lat' dir='ltr'><strong>quinitas</strong></span> <span class='ocrx_word' id='word_1_216' title='bbox 619 2625 729 2694; x_wconf 81' lang='lat' dir='ltr'><strong>neque</strong></span> <span class='ocrx_word' id='word_1_217' title='bbox 751 2627 794 2670; x_wconf 79' lang='lat' dir='ltr'><strong>ca</strong></span> <span class='ocrx_word' id='word_1_218' title='bbox 816 2604 992 2672; x_wconf 67' lang='lat' dir='ltr'><strong>aeterniate</strong></span> <span class='ocrx_word' id='word_1_219' title='bbox 1017 2602 1132 2668; x_wconf 81' lang='lat' dir='ltr'><strong>camis</strong></span> <span class='ocrx_word' id='word_1_220' title='bbox 1154 2624 1265 2692; x_wconf 80' lang='lat' dir='ltr'><strong>neque</strong></span> <span class='ocrx_word' id='word_1_221' title='bbox 1287 2624 1330 2668; x_wconf 73' lang='lat' dir='ltr'><strong>esc</strong></span> <span class='ocrx_word' id='word_1_222' title='bbox 1350 2601 1527 2669; x_wconf 79' lang='lat' dir='ltr'><strong>voluntate</strong></span> <span class='ocrx_word' id='word_1_223' title='bbox 1547 2600 1629 2687; x_wconf 84' lang='lat' dir='ltr'><strong>ciri,</strong></span> <span class='ocrx_word' id='word_1_224' title='bbox 1651 2599 1711 2667; x_wconf 84' lang='lat' dir='ltr'><strong>sed</strong></span> <span class='ocrx_word' id='word_1_225' title='bbox 1724 2622 1766 2667; x_wconf 76' lang='lat' dir='ltr'><strong>ex</strong></span> 
     </span>
     <span class='ocr_line' id='line_1_22' title="bbox 432 2708 1767 2797; baseline -0.002 -21"><span class='ocrx_word' id='word_1_226' title='bbox 432 2715 500 2778; x_wconf 84' lang='lat' dir='ltr'><strong>Deo</strong></span> <span class='ocrx_word' id='word_1_227' title='bbox 511 2711 587 2777; x_wconf 82' lang='lat' dir='ltr'><strong>noti</strong></span> <span class='ocrx_word' id='word_1_228' title='bbox 601 2723 700 2796; x_wconf 58' lang='lat' dir='ltr'><strong>surm</strong></span> <span class='ocrx_word' id='word_1_229' title='bbox 718 2712 755 2776; x_wconf 93' lang='lat' dir='ltr'><strong>in</strong></span> <span class='ocrx_word' id='word_1_230' title='bbox 770 2710 948 2777; x_wconf 89' lang='lat' dir='ltr'><strong>nativitate</strong></span> <span class='ocrx_word' id='word_1_231' title='bbox 963 2709 1115 2776; x_wconf 90' lang='lat' dir='ltr'><strong>naturali</strong></span> <span class='ocrx_word' id='word_1_232' title='bbox 1130 2709 1228 2776; x_wconf 87' lang='lat' dir='ltr'><strong>affert</strong></span> <span class='ocrx_word' id='word_1_233' title='bbox 1243 2731 1381 2777; x_wconf 88' lang='lat' dir='ltr'><strong>causam</strong></span> <span class='ocrx_word' id='word_1_234' title='bbox 1399 2708 1625 2790; x_wconf 88' lang='lat' dir='ltr'><strong>materialem,</strong></span> <span class='ocrx_word' id='word_1_235' title='bbox 1643 2730 1683 2775; x_wconf 85' lang='lat' dir='ltr'><strong>ex</strong></span> <span class='ocrx_word' id='word_1_236' title='bbox 1697 2729 1767 2797; x_wconf 87' lang='lat' dir='ltr'><strong>qua</strong></span> 
     </span>
     <span class='ocr_line' id='line_1_23' title="bbox 433 2814 1768 2907; baseline -0.002 -24"><span class='ocrx_word' id='word_1_237' title='bbox 433 2840 556 2907; x_wconf 88' lang='lat' dir='ltr'><strong>eorpus</strong></span> <span class='ocrx_word' id='word_1_238' title='bbox 580 2817 721 2884; x_wconf 81' lang='lat' dir='ltr'><strong>formari</strong></span> <span class='ocrx_word' id='word_1_239' title='bbox 744 2839 783 2883; x_wconf 92' lang='lat' dir='ltr'><strong>ac</strong></span> <span class='ocrx_word' id='word_1_240' title='bbox 806 2816 930 2884; x_wconf 89' lang='lat' dir='ltr'><strong>nutriri</strong></span> <span class='ocrx_word' id='word_1_241' title='bbox 956 2815 1151 2905; x_wconf 92' lang='lat' dir='ltr'><strong>concipitur</strong></span> <span class='ocrx_word' id='word_1_242' title='bbox 1175 2815 1229 2905; x_wconf 84' lang='lat' dir='ltr'><strong>(cl.</strong></span> <span class='ocrx_word' id='word_1_243' title='bbox 1250 2819 1331 2905; x_wconf 88' lang='lat' dir='ltr'><strong>Sap.</strong></span> <span class='ocrx_word' id='word_1_244' title='bbox 1350 2820 1406 2897; x_wconf 77' lang='lat'><strong>7,2</strong></span> <span class='ocrx_word' id='word_1_245' title='bbox 1426 2815 1627 2901; x_wconf 90' lang='lat' dir='ltr'><strong>coagulatus</strong></span> <span class='ocrx_word' id='word_1_246' title='bbox 1642 2836 1718 2881; x_wconf 93' lang='lat' dir='ltr'><strong>sum</strong></span> <span class='ocrx_word' id='word_1_247' title='bbox 1732 2814 1768 2880; x_wconf 91' lang='lat' dir='ltr'><strong>in</strong></span> 
     </span>
     <span class='ocr_line' id='line_1_24' title="bbox 432 2919 1769 3014; baseline -0.004 -24"><span class='ocrx_word' id='word_1_248' title='bbox 432 2924 635 3011; x_wconf 84' lang='lat' dir='ltr'><strong>sanguine);</strong></span> <span class='ocrx_word' id='word_1_249' title='bbox 660 2924 830 3014; x_wconf 92' lang='lat' dir='ltr'><strong>pluralem</strong></span> <span class='ocrx_word' id='word_1_250' title='bbox 847 2945 887 2988; x_wconf 89' lang='lat' dir='ltr'><strong>ex</strong></span> <span class='ocrx_word' id='word_1_251' title='bbox 911 2922 1140 3008; x_wconf 83' lang='lat' dir='ltr'><strong>sanguinibus</strong></span> <span class='ocrx_word' id='word_1_252' title='bbox 1163 2944 1232 2989; x_wconf 92' lang='lat' dir='ltr'><strong>non</strong></span> <span class='ocrx_word' id='word_1_253' title='bbox 1257 2943 1329 2989; x_wconf 85' lang='lat' dir='ltr'><strong>esse</strong></span> <span class='ocrx_word' id='word_1_254' title='bbox 1348 2943 1428 2988; x_wconf 89' lang='lat' dir='ltr'><strong>usus</strong></span> <span class='ocrx_word' id='word_1_255' title='bbox 1443 2920 1560 3002; x_wconf 89' lang='lat' dir='ltr'><strong>latini,</strong></span> <span class='ocrx_word' id='word_1_256' title='bbox 1578 2919 1639 2987; x_wconf 90' lang='lat' dir='ltr'><strong>sed</strong></span> <span class='ocrx_word' id='word_1_257' title='bbox 1654 2948 1670 2982; x_wconf 76' lang='grc' dir='ltr'>α</span> <span class='ocrx_word' id='word_1_258' title='bbox 1687 2921 1769 3011; x_wconf 90' lang='lat' dir='ltr'><strong>quia</strong></span> 
     </span>
     <span class='ocr_line' id='line_1_25' title="bbox 432 3027 1769 3120; baseline -0.002 -25"><span class='ocrx_word' id='word_1_259' title='bbox 432 3052 555 3117; x_wconf 87' lang='lat' dir='ltr'><strong>graece</strong></span> <span class='ocrx_word' id='word_1_260' title='bbox 573 3031 722 3120; x_wconf 91' lang='lat' dir='ltr'><strong>positum</strong></span> <span class='ocrx_word' id='word_1_261' title='bbox 738 3034 788 3095; x_wconf 92' lang='lat' dir='ltr'><strong>est</strong></span> <span class='ocrx_word' id='word_1_262' title='bbox 800 3028 982 3118; x_wconf 89' lang='lat' dir='ltr'><strong>pluraliter</strong></span> <span class='ocrx_word' id='word_1_263' title='bbox 994 3027 1118 3096; x_wconf 91' lang='lat' dir='ltr'><strong>maluit</strong></span> <span class='ocrx_word' id='word_1_264' title='bbox 1132 3027 1190 3094; x_wconf 91' lang='lat' dir='ltr'><strong>ille</strong></span> <span class='ocrx_word' id='word_1_265' title='bbox 1201 3027 1261 3117; x_wconf 91' lang='lat' dir='ltr'><strong>qni</strong></span> <span class='ocrx_word' id='word_1_266' title='bbox 1275 3027 1569 3118; x_wconf 87' lang='lat' dir='ltr'><strong>interpretabatur</strong></span> <span class='ocrx_word' id='word_1_267' title='bbox 1580 3027 1628 3094; x_wconf 90' lang='lat' dir='ltr'><strong>sic</strong></span> <span class='ocrx_word' id='word_1_268' title='bbox 1642 3047 1769 3117; x_wconf 89' lang='lat' dir='ltr'><strong>ponere</strong></span> 
     </span>
     <span class='ocr_line' id='line_1_26' title="bbox 434 3134 1769 3226; baseline -0.003 -23"><span class='ocrx_word' id='word_1_269' title='bbox 434 3143 467 3203; x_wconf 91' lang='lat' dir='ltr'><strong>et</strong></span> <span class='ocrx_word' id='word_1_270' title='bbox 482 3137 579 3226; x_wconf 89' lang='lat' dir='ltr'><strong>quasi</strong></span> <span class='ocrx_word' id='word_1_271' title='bbox 595 3137 708 3202; x_wconf 91' lang='lat' dir='ltr'><strong>minus</strong></span> <span class='ocrx_word' id='word_1_272' title='bbox 724 3134 831 3202; x_wconf 88' lang='lat' dir='ltr'><strong>latine</strong></span> <span class='ocrx_word' id='word_1_273' title='bbox 848 3135 945 3225; x_wconf 91' lang='lat' dir='ltr'><strong>loqui</strong></span> <span class='ocrx_word' id='word_1_274' title='bbox 962 3135 1152 3202; x_wconf 90' lang='lat' dir='ltr'><strong>secundum</strong></span> <span class='ocrx_word' id='word_1_275' title='bbox 1171 3134 1417 3222; x_wconf 88' lang='lat' dir='ltr'><strong>grammaticos</strong></span> <span class='ocrx_word' id='word_1_276' title='bbox 1436 3162 1471 3214; x_wconf 74' lang='lat' dir='ltr'><strong>n,</strong></span> <span class='ocrx_word' id='word_1_277' title='bbox 1486 3134 1636 3201; x_wconf 88' lang='lat' dir='ltr'><strong>advertit</strong></span> <span class='ocrx_word' id='word_1_278' title='bbox 1655 3136 1746 3224; x_wconf 76' lang='lat' dir='ltr'><strong>Auq.</strong></span> <span class='ocrx_word' id='word_1_279' title='bbox 1755 3154 1769 3215; x_wconf 89' lang='lat'><em>;</em></span> 
     </span>
     <span class='ocr_line' id='line_1_27' title="bbox 434 3240 1768 3334; baseline -0.001 -26"><span class='ocrx_word' id='word_1_280' title='bbox 434 3243 506 3334; x_wconf 89' lang='lat' dir='ltr'><strong>ipse</strong></span> <span class='ocrx_word' id='word_1_281' title='bbox 525 3243 653 3333; x_wconf 87' lang='lat' dir='ltr'><strong>aliique</strong></span> <span class='ocrx_word' id='word_1_282' title='bbox 678 3241 847 3332; x_wconf 89' lang='lat' dir='ltr'><strong>pluralem</strong></span> <span class='ocrx_word' id='word_1_283' title='bbox 869 3241 1044 3331; x_wconf 89' lang='lat' dir='ltr'><strong>explicant</strong></span> <span class='ocrx_word' id='word_1_284' title='bbox 1062 3241 1144 3331; x_wconf 87' lang='lat' dir='ltr'><strong>quia</strong></span> <span class='ocrx_word' id='word_1_285' title='bbox 1163 3240 1320 3309; x_wconf 91' lang='lat' dir='ltr'><strong>homines</strong></span> <span class='ocrx_word' id='word_1_286' title='bbox 1334 3246 1519 3308; x_wconf 89' lang='lat' dir='ltr'><strong>nascantur</strong></span> <span class='ocrx_word' id='word_1_287' title='bbox 1537 3264 1577 3307; x_wconf 85' lang='lat' dir='ltr'><strong>ex</strong></span> <span class='ocrx_word' id='word_1_288' title='bbox 1590 3240 1768 3327; x_wconf 90' lang='lat' dir='ltr'><strong>sanguini-</strong></span> 
     </span>
     <span class='ocr_line' id='line_1_28' title="bbox 434 3347 1766 3437; baseline -0.003 -20"><span class='ocrx_word' id='word_1_289' title='bbox 434 3351 498 3417; x_wconf 90' lang='lat' dir='ltr'><strong>bus</strong></span> <span class='ocrx_word' id='word_1_290' title='bbox 517 3352 621 3416; x_wconf 90' lang='lat' dir='ltr'><strong>maris</strong></span> <span class='ocrx_word' id='word_1_291' title='bbox 637 3357 670 3415; x_wconf 89' lang='lat' dir='ltr'><strong>ct</strong></span> <span class='ocrx_word' id='word_1_292' title='bbox 682 3349 831 3415; x_wconf 84' lang='lat' dir='ltr'><strong>feminae</strong></span> <span class='ocrx_word' id='word_1_293' title='bbox 848 3347 944 3437; x_wconf 75' lang='lat' dir='ltr'><strong>(aed.</strong></span> <span class='ocrx_word' id='word_1_294' title='bbox 975 3348 1078 3436; x_wconf 84' lang='lat' dir='ltr'><strong>Bup.)</strong></span> <span class='ocrx_word' id='word_1_295' title='bbox 1104 3348 1156 3414; x_wconf 90' lang='lat' dir='ltr'><strong>vel</strong></span> <span class='ocrx_word' id='word_1_296' title='bbox 1174 3371 1214 3414; x_wconf 85' lang='lat' dir='ltr'><strong>ex</strong></span> <span class='ocrx_word' id='word_1_297' title='bbox 1230 3349 1468 3415; x_wconf 91' lang='lat' dir='ltr'><strong>commistione</strong></span> <span class='ocrx_word' id='word_1_298' title='bbox 1481 3347 1650 3414; x_wconf 89' lang='lat' dir='ltr'><strong>seminum</strong></span> <span class='ocrx_word' id='word_1_299' title='bbox 1668 3349 1766 3436; x_wconf 83' lang='lat' dir='ltr'><strong>(Bon.</strong></span> 
     </span>
     <span class='ocr_line' id='line_1_29' title="bbox 435 3453 1769 3544; baseline -0.004 -20"><span class='ocrx_word' id='word_1_300' title='bbox 435 3458 542 3524; x_wconf 84' lang='lat' dir='ltr'><strong>Sclm.</strong></span> <span class='ocrx_word' id='word_1_301' title='bbox 559 3457 650 3544; x_wconf 84' lang='lat' dir='ltr'><strong>Cui.)</strong></span> <span class='ocrx_word' id='word_1_302' title='bbox 661 3480 669 3537; x_wconf 76' lang='lat'>3</span> <span class='ocrx_word' id='word_1_303' title='bbox 682 3456 742 3522; x_wconf 90' lang='lat' dir='ltr'><strong>alii</strong></span> <span class='ocrx_word' id='word_1_304' title='bbox 759 3457 966 3542; x_wconf 88' lang='lat' dir='ltr'><strong>sanguinem</strong></span> <span class='ocrx_word' id='word_1_305' title='bbox 979 3460 1196 3521; x_wconf 88' lang='lat' dir='ltr'><strong>menstruum</strong></span> <span class='ocrx_word' id='word_1_306' title='bbox 1211 3455 1305 3544; x_wconf 90' lang='lat' dir='ltr'><strong>quod</strong></span> <span class='ocrx_word' id='word_1_307' title='bbox 1319 3455 1363 3520; x_wconf 90' lang='lat' dir='ltr'><strong>sit</strong></span> <span class='ocrx_word' id='word_1_308' title='bbox 1378 3453 1769 3524; x_wconf 85' lang='lat' dir='ltr'><strong>nutrimentumintelli-</strong></span> 
     </span>
     <span class='ocr_line' id='line_1_30' title="bbox 435 3559 1766 3653; baseline -0.002 -23"><span class='ocrx_word' id='word_1_309' title='bbox 435 3571 522 3650; x_wconf 88' lang='lat' dir='ltr'><strong>gunt</strong></span> <span class='ocrx_word' id='word_1_310' title='bbox 547 3563 709 3653; x_wconf 76' lang='lat' dir='ltr'><strong>(Tlrcoplr.</strong></span> <span class='ocrx_word' id='word_1_311' title='bbox 738 3565 815 3629; x_wconf 81' lang='lat' dir='ltr'><strong>Bar.</strong></span> <span class='ocrx_word' id='word_1_312' title='bbox 844 3562 966 3648; x_wconf 78' lang='lat' dir='ltr'><strong>lana).</strong></span> <span class='ocrx_word' id='word_1_313' title='bbox 990 3561 1160 3627; x_wconf 89' lang='lat' dir='ltr'><strong>Pluralem</strong></span> <span class='ocrx_word' id='word_1_314' title='bbox 1181 3559 1291 3629; x_wconf 87' lang='lat' dir='ltr'><strong>Mald.</strong></span> <span class='ocrx_word' id='word_1_315' title='bbox 1317 3561 1554 3628; x_wconf 90' lang='lat' dir='ltr'><strong>hebraismum</strong></span> <span class='ocrx_word' id='word_1_316' title='bbox 1577 3583 1648 3627; x_wconf 89' lang='lat' dir='ltr'><strong>esse</strong></span> <span class='ocrx_word' id='word_1_317' title='bbox 1667 3560 1766 3642; x_wconf 91' lang='lat' dir='ltr'><strong>dicit;</strong></span> 
     </span>
     <span class='ocr_line' id='line_1_31' title="bbox 436 3667 1770 3760; baseline -0.003 -23"><span class='ocrx_word' id='word_1_318' title='bbox 436 3669 535 3760; x_wconf 65' lang='lat' dir='ltr'><strong>quod*</strong></span> <span class='ocrx_word' id='word_1_319' title='bbox 553 3669 669 3736; x_wconf 78' lang='lat' dir='ltr'><strong>Thom.</strong></span> <span class='ocrx_word' id='word_1_320' title='bbox 701 3669 805 3736; x_wconf 89' lang='lat' dir='ltr'><strong>habet</strong></span> <span class='ocrx_word' id='word_1_321' title='bbox 829 3692 836 3735; x_wconf 92' lang='lat'>:</span> <span class='ocrx_word' id='word_1_322' title='bbox 861 3691 902 3734; x_wconf 85' lang='lat' dir='ltr'><strong>ex</strong></span> <span class='ocrx_word' id='word_1_323' title='bbox 927 3667 1158 3754; x_wconf 82' lang='lat' dir='ltr'><strong>sanguinibus</strong></span> <span class='ocrx_word' id='word_1_324' title='bbox 1180 3667 1412 3754; x_wconf 83' lang='lat' dir='ltr'><strong>:intelligitur</strong></span> <span class='ocrx_word' id='word_1_325' title='bbox 1436 3667 1606 3757; x_wconf 84' lang='lat' dir='ltr'><strong>quidquid</strong></span> <span class='ocrx_word' id='word_1_326' title='bbox 1630 3690 1670 3735; x_wconf 89' lang='lat' dir='ltr'><strong>ex</strong></span> <span class='ocrx_word' id='word_1_327' title='bbox 1691 3688 1770 3734; x_wconf 90' lang='lat' dir='ltr'><strong>san·</strong></span> 
     </span>
     <span class='ocr_line' id='line_1_32' title="bbox 435 3773 1772 3863; baseline -0.001 -21"><span class='ocrx_word' id='word_1_328' title='bbox 435 3778 538 3863; x_wconf 86' lang='lat' dir='ltr'><strong>guine</strong></span> <span class='ocrx_word' id='word_1_329' title='bbox 553 3781 750 3861; x_wconf 85' lang='lat' dir='ltr'><strong>generatur,</strong></span> <span class='ocrx_word' id='word_1_330' title='bbox 765 3781 804 3841; x_wconf 90' lang='lat' dir='ltr'><strong>ut</strong></span> <span class='ocrx_word' id='word_1_331' title='bbox 818 3775 961 3840; x_wconf 89' lang='lat' dir='ltr'><strong>materia</strong></span> <span class='ocrx_word' id='word_1_332' title='bbox 975 3774 1021 3841; x_wconf 90' lang='lat' dir='ltr'><strong>ad</strong></span> <span class='ocrx_word' id='word_1_333' title='bbox 1035 3774 1213 3840; x_wconf 90' lang='lat' dir='ltr'><strong>carnalem</strong></span> <span class='ocrx_word' id='word_1_334' title='bbox 1229 3775 1507 3859; x_wconf 86' lang='lat' dir='ltr'><strong>generationem,</strong></span> <span class='ocrx_word' id='word_1_335' title='bbox 1527 3774 1599 3840; x_wconf 88' lang='lat' dir='ltr'><strong>lere</strong></span> <span class='ocrx_word' id='word_1_336' title='bbox 1613 3773 1772 3840; x_wconf 88' lang='lat' dir='ltr'><strong>coincidit</strong></span> 
     </span>
     <span class='ocr_line' id='line_1_33' title="bbox 436 3879 1771 3970; baseline -0.003 -20"><span class='ocrx_word' id='word_1_337' title='bbox 436 3905 513 3950; x_wconf 88' lang='lat' dir='ltr'><strong>eum</strong></span> <span class='ocrx_word' id='word_1_338' title='bbox 527 3903 590 3948; x_wconf 90' lang='lat' dir='ltr'><strong>usu</strong></span> <span class='ocrx_word' id='word_1_339' title='bbox 607 3903 749 3968; x_wconf 84' lang='lat' dir='ltr'><strong>graeco,</strong></span> <span class='ocrx_word' id='word_1_340' title='bbox 770 3880 959 3946; x_wconf 91' lang='lat' dir='ltr'><strong>secundum</strong></span> <span class='ocrx_word' id='word_1_341' title='bbox 975 3901 1080 3970; x_wconf 89' lang='lat' dir='ltr'><strong>quem</strong></span> <span class='ocrx_word' id='word_1_342' title='bbox 1099 3880 1244 3969; x_wconf 88' lang='lat' dir='ltr'><strong>pluralis</strong></span> <span class='ocrx_word' id='word_1_343' title='bbox 1262 3879 1426 3970; x_wconf 82' lang='lat' dir='ltr'><strong>explicari</strong></span> <span class='ocrx_word' id='word_1_344' title='bbox 1441 3885 1552 3968; x_wconf 88' lang='lat' dir='ltr'><strong>potest</strong></span> <span class='ocrx_word' id='word_1_345' title='bbox 1568 3880 1665 3970; x_wconf 87' lang='lat' dir='ltr'><strong>quasi</strong></span> <span class='ocrx_word' id='word_1_346' title='bbox 1681 3901 1771 3946; x_wconf 92' lang='lat' dir='ltr'><strong>com-</strong></span> 
     </span>
    </p>
   </div>
   <div class='ocr_carea' id='block_1_8' title="bbox 436 3941 1927 4083">
    <p class='ocr_par' dir='ltr' id='par_1_10' title="bbox 436 3941 1927 4083">
     <span class='ocr_line' id='line_1_34' title="bbox 436 3941 1927 4083; baseline -0.035 12"><span class='ocrx_word' id='word_1_347' title='bbox 436 3989 545 4079; x_wconf 71' lang='lat' dir='ltr'><strong>pum</strong></span> <span class='ocrx_word' id='word_1_348' title='bbox 563 3985 745 4083; x_wconf 61' lang='lat' dir='ltr'><strong>aarum</strong></span> <span class='ocrx_word' id='word_1_349' title='bbox 773 3986 924 4076; x_wconf 70' lang='lat' dir='ltr'><strong>partium</strong></span> <span class='ocrx_word' id='word_1_350' title='bbox 951 3987 1168 4073; x_wconf 70' lang='lat' dir='ltr'><strong>singularum</strong></span> <span class='ocrx_word' id='word_1_351' title='bbox 1193 3986 1372 4073; x_wconf 65' lang='lat' dir='ltr'><strong>sanguinis</strong></span> <span class='ocrx_word' id='word_1_352' title='bbox 1402 3985 1545 4075; x_wconf 60' lang='lat' dir='ltr'><strong>(sce).</strong></span> <span class='ocrx_word' id='word_1_353' title='bbox 1571 3985 1773 4075; x_wconf 74' lang='lat' dir='ltr'><strong>assignatur</strong></span> <span class='ocrx_word' id='word_1_354' title='bbox 1883 3941 1927 4011; x_wconf 55' lang='lat'><strong>2²1·</strong></span> 
     </span>
    </p>
   </div>
   <div class='ocr_carea' id='block_1_9' title="bbox 437 4093 1773 4503">
    <p class='ocr_par' dir='ltr' id='par_1_11' title="bbox 437 4093 1773 4503">
     <span class='ocr_line' id='line_1_35' title="bbox 437 4093 1772 4186; baseline -0.001 -25"><span class='ocrx_word' id='word_1_355' title='bbox 437 4118 538 4186; x_wconf 88' lang='lat' dir='ltr'><strong>porro</strong></span> <span class='ocrx_word' id='word_1_356' title='bbox 554 4116 656 4162; x_wconf 86' lang='lat' dir='ltr'><strong>causa</strong></span> <span class='ocrx_word' id='word_1_357' title='bbox 672 4095 796 4159; x_wconf 86' lang='lat' dir='ltr'><strong>motiva</strong></span> <span class='ocrx_word' id='word_1_358' title='bbox 810 4093 1045 4180; x_wconf 88' lang='lat' dir='ltr'><strong>generationis</strong></span> <span class='ocrx_word' id='word_1_359' title='bbox 1064 4094 1211 4159; x_wconf 87' lang='lat' dir='ltr'><strong>carnalis</strong></span> <span class='ocrx_word' id='word_1_360' title='bbox 1237 4115 1245 4162; x_wconf 91' lang='lat'><strong>:</strong></span> <span class='ocrx_word' id='word_1_361' title='bbox 1273 4115 1383 4183; x_wconf 82' lang='lat' dir='ltr'><strong>neque</strong></span> <span class='ocrx_word' id='word_1_362' title='bbox 1402 4116 1445 4159; x_wconf 73' lang='lat' dir='ltr'><strong>esc</strong></span> <span class='ocrx_word' id='word_1_363' title='bbox 1467 4094 1643 4159; x_wconf 77' lang='lat' dir='ltr'><strong>colemtate</strong></span> <span class='ocrx_word' id='word_1_364' title='bbox 1656 4101 1772 4176; x_wconf 83' lang='grc' dir='ltr'>θέλημα</span> 
     </span>
     <span class='ocr_line' id='line_1_36' title="bbox 437 4197 1773 4290; baseline -0.004 -21"><span class='ocrx_word' id='word_1_365' title='bbox 437 4205 459 4269; x_wconf 92' lang='lat' dir='ltr'><strong>i.</strong></span> <span class='ocrx_word' id='word_1_366' title='bbox 478 4225 507 4269; x_wconf 89' lang='lat' dir='ltr'><strong>c.</strong></span> <span class='ocrx_word' id='word_1_367' title='bbox 526 4211 664 4285; x_wconf 75' lang='grc' dir='ltr'><strong>ἐπιθυμία</strong></span> <span class='ocrx_word' id='word_1_368' title='bbox 683 4200 837 4290; x_wconf 62' lang='lat' dir='ltr'><strong>(Erilli),</strong></span> <span class='ocrx_word' id='word_1_369' title='bbox 856 4197 1151 4287; x_wconf 88' lang='lat' dir='ltr'><strong>concupiscentia,</strong></span> <span class='ocrx_word' id='word_1_370' title='bbox 1163 4199 1338 4290; x_wconf 89' lang='lat' dir='ltr'><strong>appetitus</strong></span> <span class='ocrx_word' id='word_1_371' title='bbox 1353 4198 1469 4265; x_wconf 83' lang='lat' dir='ltr'><strong>earnis</strong></span> <span class='ocrx_word' id='word_1_372' title='bbox 1482 4197 1773 4287; x_wconf 77' lang='lat' dir='ltr'><strong>nequecxoolun-</strong></span> 
     </span>
     <span class='ocr_line' id='line_1_37' title="bbox 438 4304 1771 4394; baseline -0.004 -18"><span class='ocrx_word' id='word_1_373' title='bbox 438 4324 505 4376; x_wconf 81' lang='lat' dir='ltr'><strong>talc</strong></span> <span class='ocrx_word' id='word_1_374' title='bbox 519 4308 601 4391; x_wconf 81' lang='lat' dir='ltr'><strong>viri,</strong></span> <span class='ocrx_word' id='word_1_375' title='bbox 625 4308 852 4393; x_wconf 89' lang='lat' dir='ltr'><strong>designantur</strong></span> <span class='ocrx_word' id='word_1_376' title='bbox 869 4305 937 4372; x_wconf 92' lang='lat' dir='ltr'><strong>duo</strong></span> <span class='ocrx_word' id='word_1_377' title='bbox 964 4305 1027 4372; x_wconf 90' lang='lat' dir='ltr'><strong>illa</strong></span> <span class='ocrx_word' id='word_1_378' title='bbox 1046 4327 1134 4394; x_wconf 87' lang='lat' dir='ltr'><strong>quae</strong></span> <span class='ocrx_word' id='word_1_379' title='bbox 1154 4304 1191 4370; x_wconf 92' lang='lat' dir='ltr'><strong>in</strong></span> <span class='ocrx_word' id='word_1_380' title='bbox 1205 4305 1430 4392; x_wconf 89' lang='lat' dir='ltr'><strong>generatione</strong></span> <span class='ocrx_word' id='word_1_381' title='bbox 1445 4305 1598 4372; x_wconf 89' lang='lat' dir='ltr'><strong>bumana</strong></span> <span class='ocrx_word' id='word_1_382' title='bbox 1619 4327 1771 4372; x_wconf 92' lang='lat' dir='ltr'><strong>commu-</strong></span> 
     </span>
     <span class='ocr_line' id='line_1_38' title="bbox 439 4410 1770 4503; baseline -0.002 -20"><span class='ocrx_word' id='word_1_383' title='bbox 439 4420 525 4483; x_wconf 90' lang='lat' dir='ltr'><strong>niter</strong></span> <span class='ocrx_word' id='word_1_384' title='bbox 553 4415 801 4503; x_wconf 87' lang='lat' dir='ltr'><strong>reperiuntur:</strong></span> <span class='ocrx_word' id='word_1_385' title='bbox 827 4412 1106 4500; x_wconf 86' lang='lat' dir='ltr'><strong>concupiscentia</strong></span> <span class='ocrx_word' id='word_1_386' title='bbox 1134 4416 1167 4478; x_wconf 91' lang='lat' dir='ltr'><strong>et</strong></span> <span class='ocrx_word' id='word_1_387' title='bbox 1193 4411 1404 4479; x_wconf 90' lang='lat' dir='ltr'><strong>desiderium</strong></span> <span class='ocrx_word' id='word_1_388' title='bbox 1436 4410 1604 4501; x_wconf 84' lang='lat' dir='ltr'><strong>gignendi</strong></span> <span class='ocrx_word' id='word_1_389' title='bbox 1629 4411 1770 4496; x_wconf 89' lang='lat' dir='ltr'><strong>liberos;</strong></span> 
     </span>
    </p>
   </div>
   <div class='ocr_carea' id='block_1_10' title="bbox 438 4516 1896 4613">
    <p class='ocr_par' dir='ltr' id='par_1_12' title="bbox 438 4516 1896 4613">
     <span class='ocr_line' id='line_1_39' title="bbox 438 4516 1896 4613; baseline -0.002 -23"><span class='ocrx_word' id='word_1_390' title='bbox 438 4547 544 4613; x_wconf 86' lang='lat' dir='ltr'><strong>quare</strong></span> <span class='ocrx_word' id='word_1_391' title='bbox 570 4526 649 4587; x_wconf 80' lang='lat' dir='ltr'><strong>Bur.</strong></span> <span class='ocrx_word' id='word_1_392' title='bbox 673 4520 767 4587; x_wconf 88' lang='lat' dir='ltr'><strong>baud</strong></span> <span class='ocrx_word' id='word_1_393' title='bbox 786 4520 901 4609; x_wconf 91' lang='lat' dir='ltr'><strong>inepte</strong></span> <span class='ocrx_word' id='word_1_394' title='bbox 918 4520 1094 4585; x_wconf 88' lang='lat' dir='ltr'><strong>voluntate</strong></span> <span class='ocrx_word' id='word_1_395' title='bbox 1109 4518 1220 4585; x_wconf 86' lang='lat' dir='ltr'><strong>carnis</strong></span> <span class='ocrx_word' id='word_1_396' title='bbox 1232 4523 1265 4584; x_wconf 87' lang='lat' dir='ltr'><strong>et</strong></span> <span class='ocrx_word' id='word_1_397' title='bbox 1283 4517 1347 4584; x_wconf 93' lang='lat' dir='ltr'><strong>viri</strong></span> <span class='ocrx_word' id='word_1_398' title='bbox 1367 4523 1499 4607; x_wconf 87' lang='lat' dir='ltr'><strong>patrem</strong></span> <span class='ocrx_word' id='word_1_399' title='bbox 1515 4516 1583 4586; x_wconf 90' lang='lat' dir='ltr'><strong>dici</strong></span> <span class='ocrx_word' id='word_1_400' title='bbox 1597 4522 1769 4588; x_wconf 90' lang='lat' dir='ltr'><strong>carnalem</strong></span> <span class='ocrx_word' id='word_1_401' title='bbox 1894 4554 1896 4559; x_wconf 93' lang='lat'>·</span> 
     </span>
    </p>
   </div>
   <div class='ocr_carea' id='block_1_11' title="bbox 439 4623 1770 4823">
    <p class='ocr_par' dir='ltr' id='par_1_13' title="bbox 439 4623 1770 4823">
     <span class='ocr_line' id='line_1_40' title="bbox 439 4623 1766 4718; baseline -0.002 -22"><span class='ocrx_word' id='word_1_402' title='bbox 439 4638 562 4698; x_wconf 89' lang='lat' dir='ltr'><strong>censet.</strong></span> <span class='ocrx_word' id='word_1_403' title='bbox 582 4635 716 4696; x_wconf 86' lang='lat' dir='ltr'><strong>Veteres</strong></span> <span class='ocrx_word' id='word_1_404' title='bbox 732 4649 833 4718; x_wconf 90' lang='lat' dir='ltr'><strong>saepe</strong></span> <span class='ocrx_word' id='word_1_405' title='bbox 844 4648 985 4693; x_wconf 87' lang='lat' dir='ltr'><strong>earnem</strong></span> <span class='ocrx_word' id='word_1_406' title='bbox 1006 4626 1163 4692; x_wconf 88' lang='lat' dir='ltr'><strong>hocloco</strong></span> <span class='ocrx_word' id='word_1_407' title='bbox 1187 4624 1353 4693; x_wconf 82' lang='lat' dir='ltr'><strong>seminam</strong></span> <span class='ocrx_word' id='word_1_408' title='bbox 1367 4624 1515 4711; x_wconf 88' lang='lat' dir='ltr'><strong>intelligi</strong></span> <span class='ocrx_word' id='word_1_409' title='bbox 1529 4623 1648 4692; x_wconf 91' lang='lat' dir='ltr'><strong>volunt</strong></span> <span class='ocrx_word' id='word_1_410' title='bbox 1663 4626 1766 4716; x_wconf 75' lang='lat' dir='ltr'><strong>(Auq.</strong></span> 
     </span>
     <span class='ocr_line' id='line_1_41' title="bbox 441 4730 1770 4823; baseline -0.004 -19"><span class='ocrx_word' id='word_1_411' title='bbox 441 4741 526 4823; x_wconf 81' lang='lat' dir='ltr'><strong>llup.</strong></span> <span class='ocrx_word' id='word_1_412' title='bbox 550 4737 624 4804; x_wconf 69' lang='lat' dir='ltr'><strong>Alb.</strong></span> <span class='ocrx_word' id='word_1_413' title='bbox 654 4734 769 4801; x_wconf 67' lang='lat' dir='ltr'><strong>Tiona.</strong></span> <span class='ocrx_word' id='word_1_414' title='bbox 795 4732 904 4802; x_wconf 82' lang='lat' dir='ltr'><strong>Salm.</strong></span> <span class='ocrx_word' id='word_1_415' title='bbox 934 4733 1039 4821; x_wconf 83' lang='lat' dir='ltr'><strong>lans.)</strong></span> <span class='ocrx_word' id='word_1_416' title='bbox 1058 4733 1111 4798; x_wconf 90' lang='lat' dir='ltr'><strong>vel</strong></span> <span class='ocrx_word' id='word_1_417' title='bbox 1137 4733 1239 4800; x_wconf 88' lang='lat' dir='ltr'><strong>etiam</strong></span> <span class='ocrx_word' id='word_1_418' title='bbox 1255 4730 1580 4822; x_wconf 86' lang='lat' dir='ltr'><strong>concupiscentiam,</strong></span> <span class='ocrx_word' id='word_1_419' title='bbox 1602 4742 1636 4801; x_wconf 91' lang='lat' dir='ltr'><strong>et</strong></span> <span class='ocrx_word' id='word_1_420' title='bbox 1652 4734 1770 4800; x_wconf 91' lang='lat' dir='ltr'><strong>volun-</strong></span> 
     </span>
    </p>
   </div>
   <div class='ocr_carea' id='block_1_12' title="bbox 0 0 2079 5648">
    <p class='ocr_par' dir='ltr' id='par_1_14' title="bbox 0 0 2079 5648">
     <span class='ocr_line' id='line_1_42' title="bbox 0 0 2079 5648; baseline 0 0"><span class='ocrx_word' id='word_1_421' title='bbox 0 0 2079 5648; x_wconf 95' lang='lat' dir='ltr'><strong> </strong></span> 
     </span>
    </p>
   </div>
  </div>
 </body>
</html>
