4116 5648
848 387 931 433 rom.
958 371 1076 442 lar-2.
1562 377 1620 437 tlt

293 526 431 601 clesiae;
456 547 473 580 α
498 524 654 610 quamvis
680 524 793 586 autem
816 522 967 590 Christus
986 518 1063 586 vitis
1086 543 1155 587 non
1179 528 1283 603 esset,
1306 521 1371 589 nisi
1395 521 1496 589 homo
1515 533 1618 611 esset,

292 638 406 699 tamen
422 626 522 696 istam
529 629 678 718 gratiam
694 625 896 715 palmitibus
908 647 978 692 non
993 629 1184 715 praeberet,
1204 628 1267 693 nisi
1284 629 1386 695 eliam
1404 634 1489 696 Deus
1503 641 1619 698 esset»

292 738 395 824 (Arcp.
422 735 496 805 sim.
522 734 635 803 Thom.
665 731 750 824 Tol.)
777 739 912 801 Patrem
933 730 1016 799 dicit
1035 733 1234 813 vinitorem,
1258 735 1353 800 varia
1378 737 1507 804 ratione
1524 739 1622 803 l'ater

291 845 401 930 potest
414 841 462 911 ita
477 839 609 920 vocari;
627 865 643 899 «
660 839 732 930 ipse
747 841 838 908 enim
853 838 978 927 estqui
996 838 1084 907 hanc
1097 840 1200 906 vitem
1217 860 1287 904 non
1304 846 1436 908 tantum
1452 843 1622 933 plantavit

289 952 322 1013 et
341 947 469 1036 rigavit
494 966 697 1036 semperque
717 946 884 1028 excoluit,
910 945 970 1011 sed
993 945 1052 1033 qui
1072 946 1104 1011 ei
1128 946 1230 1012 ctiam
1246 967 1382 1035 semper
1399 947 1496 1015 dedit
1512 958 1544 1017 et
1563 949 1620 1017 dal

287 1075 387 1122 suum
407 1057 674 1135 incrementum
695 1058 829 1119 Patrem
855 1059 1025 1119 tamense
1048 1050 1175 1119 habere
1198 1059 1234 1117 ut
1254 1052 1442 1138 agricolam
1464 1063 1621 1145 respectu

287 1160 390 1231 huius
409 1159 486 1227 vitis
496 1180 568 1226 non
583 1159 741 1228 declarat
753 1181 793 1225 cx
803 1158 1017 1250 plantatione
1036 1163 1095 1224 aut
1113 1157 1189 1224 aliis
1203 1158 1337 1224 actibus
1358 1161 1417 1225 viti
1439 1161 1618 1251 impensis,

285 1268 348 1335 sed
362 1265 473 1353 magis
485 1288 524 1334 ex
538 1267 610 1334 eius
623 1264 715 1332 circa
729 1265 808 1331 vitis
823 1263 980 1354 palmites
994 1263 1116 1331 officiis
1132 1293 1147 1324 n
1167 1265 1300 1353 (lans).

327 1482 394 1553 Quo
407 1498 503 1543 sensu
524 1480 648 1542 dicatur
666 1479 740 1539 vitis
755 1497 842 1553 veru,
859 1478 945 1539 varie
963 1478 1158 1556 concipitur;
1176 1495 1245 1538 esse
1269 1479 1369 1538 vitem
1385 1480 1553 1550 eximiam,
1572 1482 1619 1543 in-

284 1578 545 1659 corruptibilem,
561 1576 765 1656 spiritualem
780 1575 880 1638 Eutli.
896 1576 1045 1655 explicat,
1061 1574 1111 1636 vel
1126 1576 1188 1637 dici
1204 1593 1327 1643 veram,
1347 1579 1424 1656 quia
1438 1596 1496 1656 pro
1512 1579 1616 1642 tractu

284 1676 422 1756 proterat
438 1677 618 1738 veritatem.
636 1674 703 1735 Dici
718 1691 829 1735 veram
843 1675 876 1734 in
891 1673 1092 1754 oppositione
1108 1672 1147 1734 ad
1163 1672 1292 1744 talsam;
1309 1698 1324 1727 «
1340 1692 1411 1735 cum
1427 1676 1506 1737 dicit
1524 1694 1530 1734 :
1557 1695 1616 1757 ago

285 1791 357 1836 sum
376 1775 451 1835 vitis
465 1790 553 1844 vera,
569 1774 609 1834 ab
629 1772 685 1833 illa
702 1789 736 1833 se
752 1772 861 1850 utique
878 1768 1032 1833 discernit
1050 1772 1099 1832 cui
1120 1771 1261 1832 dicitur:
1279 1773 1439 1849 quomodo
1461 1791 1617 1836 conversa

284 1890 320 1933 es
341 1873 374 1932 in
389 1870 648 1940 amaritudinem,
666 1869 741 1930 vitis
761 1869 865 1930 aliena
887 1868 959 1948 (ler.
976 1869 1080 1947 231γὲ
1094 1885 1169 1930 nam
1190 1886 1252 1947 quo
1273 1875 1365 1947 pacto
1385 1878 1435 1931 est
1449 1872 1522 1932 vitis
1539 1890 1613 1934 vera

285 1986 366 2048 quae
378 1971 560 2049 exspectata
573 1971 622 2030 est
635 1972 671 2029 ut
685 1965 802 2028 laceret
814 1984 926 2036 uvam,
944 1967 1020 2027 tecit
1034 1973 1141 2027 autem
1157 1967 1266 2044 spinas
1280 1991 1294 2021 a
1310 1968 1361 2047 (ls.
1377 1968 1458 2047 5.r);
1476 1971 1520 2029 ita
1534 1969 1615 2051 Aup.

284 2073 318 2129 et
336 2067 486 2128 similiter
507 2064 589 2148 Καρ.
612 2063 739 2142 Tlom.;
758 2064 858 2126 alludi
879 2064 920 2125 ad
940 2064 1054 2135 vitem,
1072 2064 1132 2124 sub
1154 2065 1244 2126 cuius
1265 2067 1365 2143 ligura
1386 2069 1512 2127 llessias
1535 2068 1612 2128 olim

284 2166 461 2245 praedictus
480 2164 595 2225 luisset
611 2167 721 2224 censet
742 2159 840 2239 Cart,
855 2162 912 2224 sed
927 2163 1008 2223 bene
1028 2161 1118 2223 addit
1132 2162 1195 2223 dici
1210 2179 1335 2230 veram,
1355 2170 1387 2224 ut
1406 2166 1437 2223 in
1460 2183 1492 2225 se
1509 2166 1614 2225 veriti·

283 2281 358 2324 cans
378 2280 474 2324 sensu
488 2261 593 2323 altiori
614 2277 651 2322 ac
673 2260 806 2340 proinde
827 2259 945 2322 veriori
962 2259 1118 2338 quidquid
1134 2265 1183 2320 est
1199 2258 1230 2318 in
1252 2260 1317 2321 vite
1338 2262 1440 2338 quoad
1461 2263 1614 2339 palmites

285 2379 364 2422 erus.

327 2547 381 2615 Uti
395 2547 478 2614 abbi
493 2544 637 2614 Peterin
653 2543 816 2634 parabola
824 2542 1030 2611 describitur
1040 2550 1218 2631 tamquam
1235 2565 1292 2608 rex
1308 2544 1366 2632 qui
1380 2544 1460 2610 lecit
1475 2550 1612 2638 nuptias

284 2653 356 2721 lilio
377 2676 438 2721 suo
456 2653 580 2741 (llatth.
607 2650 720 2737 223),
743 2650 793 2718 ita
814 2650 871 2716 hio
894 2670 1037 2716 munere
1060 2649 1158 2736 iungi
1181 2647 1308 2715 dicitur
1330 2651 1501 2732 vinitoris,
1518 2655 1612 2721 cuius

282 2782 388 2850 opera
412 2761 481 2829 iam
510 2760 729 2827 declarantur
759 2780 790 2823 v.
818 2762 839 2822 2
866 2778 999 2822 omnem
1016 2754 1198 2846 palmitem
1223 2755 1259 2821 iu
1276 2778 1330 2823 mc
1354 2781 1422 2823 mm
1445 2760 1610 2846 letantem

276 2867 436 2954 fructum
455 2866 601 2957 (explica
618 2887 743 2953 graece
764 2861 1013 2930 nominativum
1028 2860 1221 2928 absolutum
1238 2864 1430 2953 emphatico
1447 2870 1610 2955 praemis-

281 2997 357 3041 sum
375 2995 383 3042 :
401 2975 495 3064 quod
510 2978 641 3063 spectat
662 2971 708 3039 ad
731 2992 869 3037 omnem
894 2967 1130 3058 palmitem...)
1151 2968 1244 3034 tollet
1261 2969 1362 3051 [tollit
1379 2976 1467 3058 αἴρει)
1488 2998 1564 3039 rum
1580 2989 1611 3041 e!

281 3103 415 3148 omnem
430 3081 572 3171 quisert
587 3079 745 3167 smctum
757 3074 926 3166 purgabit
944 3097 1022 3141 eccm
1044 3086 1081 3140 ut
1092 3079 1250 3164 salictum
1268 3075 1347 3165 plus
1362 3079 1506 3165 (isserat,
1524 3104 1611 3170 pur-

279 3202 341 3277 qot
354 3196 501 3276 καθαίρει,
527 3184 664 3253 attende
689 3183 803 3251 lusum
825 3181 1008 3249 verborum
1028 3190 1139 3269 αἴρειν,
1155 3191 1304 3268 καθαίρειν
1328 3212 1343 3241 «
1362 3207 1449 3272 quae
1464 3209 1610 3274 parono-

282 3295 389 3361 masia
408 3293 512 3361 latine
533 3291 631 3360 reddi
659 3312 730 3358 non
753 3289 865 3380 potuit
887 3293 921 3354 et
941 3288 1010 3354 vim
1037 3289 1252 3377 gratiamque
1268 3291 1414 3356 orationi
1434 3292 1574 3361 adhibet
1592 3326 1606 3353 n

279 3400 433 3489 (Melet).
459 3399 590 3467 Vinitor
613 3397 834 3485 infrugiferas
860 3392 1018 3485 palmites
1039 3401 1184 3473 resecat;
1211 3395 1395 3481 frugiferos
1426 3409 1606 3487 repurgat,

276 3506 532 3598 supervacanea
556 3511 730 3573 sarmenta
747 3510 781 3570 et
801 3500 940 3568 inutiles
957 3499 1186 3568 extremitates
1210 3500 1429 3577 abscindens,
1448 3528 1515 3594 quo
1532 3508 1609 3595 plus

281 3614 414 3681 roboris
432 3619 570 3680 sumant
585 3618 619 3679 et
636 3610 713 3701 plus
736 3609 867 3676 tructus
887 3607 1009 3674 lerant.
1028 3610 1212 3697 Utrumque
1232 3612 1365 3674 Patrem
1386 3610 1494 3677 facere
1510 3611 1607 3680 docet

277 3719 444 3788 Christus.
461 3717 555 3798 Quod
576 3718 727 3786 Christus
748 3713 833 3781 alibi
857 3713 961 3780 modo
982 3713 1191 3802 proverbiali
1206 3717 1396 3781 enuntiavit
1417 3718 1533 3784 :ouini
1549 3720 1608 3786 lra-

279 3825 375 3894 benti
403 3826 544 3893 dabitur
567 3831 602 3891 et
622 3819 831 3902 abundabit,
849 3819 883 3886 ei
899 3824 1014 3887 autem
1034 3818 1092 3907 qui
1109 3820 1297 3885 nonhabet
1316 3829 1349 3887 et
1365 3822 1454 3909 quod
1474 3824 1608 3893 videtur

280 3930 642 4002 habercaulereturab
653 3951 694 3996 eo
709 3925 835 4017 (llatth.
849 3925 1025 4009 25,·29;cl.
1046 3931 1161 4005 13,12;
1174 3931 1271 3992 llarc.
1295 3933 1381 4003 aas.
1402 3933 1477 3996 luc.
1497 3939 1604 4013 8,18,‚

281 4042 337 4110 bic
348 4040 532 4127 allegorice
547 4036 719 4127 proponit.
736 4034 869 4101 Christo
888 4031 1164 4122 complantamur
1183 4055 1245 4122 per
1262 4033 1470 4123 baptismum
1495 4040 1603 4123 (llom.

280 4150 366 4236 θῶ),
384 4149 420 4213 in
436 4167 515 4214 eum
534 4143 633 4234 quasi
647 4141 809 4210 inseritur
823 4138 1011 4228 intimaque
1031 4159 1109 4205 cum
1128 4139 1200 4227 ipso
1217 4142 1439 4226 coniungitur
1453 4145 1607 4234 quisquis

280 4257 394 4343 gratia
421 4251 652 4320 sanctificante
674 4255 830 4315 ornatur.
858 4247 920 4324 Qui
941 4245 969 4311 si
991 4266 1060 4310 non
1077 4266 1179 4333 opera
1200 4246 1293 4310 bona
1313 4247 1393 4323 fert,
1412 4250 1541 4336 palmes
1557 4262 1606 4320 cst

278 4361 426 4444 inutilis,
443 4358 583 4447 suscipit
605 4357 697 4423 enim
717 4375 835 4421 sucum
857 4350 1080 4438 vigoremque
1102 4372 1140 4415 ex
1162 4351 1226 4415 vitc
1251 4352 1273 4417 i.
1297 4376 1326 4418 c.
1353 4356 1475 4444 accipit
1497 4358 1606 4425 varias

280 4469 408 4555 gratias
422 4464 572 4535 actuales
587 4485 608 4529 a
621 4460 772 4543 Christo,
787 4465 823 4526 at
843 4457 884 4524 iis
904 4479 974 4523 non
988 4456 1111 4538 utitur;
1130 4478 1197 4522 non
1213 4478 1277 4547 ope
1298 4458 1433 4527 illarum
1451 4462 1526 4529 illos
1542 4466 1605 4531 tort

282 4576 446 4642 virtutum
465 4569 720 4657 fructus,‘quos
741 4565 892 4634 Christus
912 4587 933 4631 a
957 4563 1025 4629 suis
1048 4572 1216 4653 exspectat
1238 4572 1272 4630 el
1295 4566 1415 4653 cxig·il;
1436 4568 1516 4635 sides
1534 4573 1606 4638 cius

279 4681 350 4747 sine
370 4680 531 4770 operibus
549 4681 687 4744 mortua
710 4679 761 4741 est
781 4674 862 4763 (lac.
887 4671 993 4755 230).
1016 4669 1102 4735 Talis
1126 4670 1227 4737 homo
1244 4673 1400 4758 neglectu
1415 4677 1604 4761 gri-aliarum

282 4786 421 4854 tandem
441 4788 477 4853 in
491 4790 670 4876 peccatum
681 4781 827 4848 mortale
839 4777 1043 4870 prolabitur,
1060 4799 1127 4866 quo
1141 4777 1184 4843 ab
1210 4777 1267 4845 illa
1283 4802 1361 4845 cum
1378 4783 1507 4852 Christo
1524 4809 1605 4852 cou-
