4050 5648
336 661 449 744 gentis
461 663 645 730 adscribit:
664 653 745 742 quia
756 640 873 721 vi'clisti
884 680 938 726 me
949 658 1022 726 scil.
1043 656 1174 731 vivum,
1192 677 1306 722 eoram
1324 659 1529 735 testantem;
1548 674 1659 742 neque

337 765 420 835 dicit
436 792 444 837 :
467 772 548 858 quia
567 761 705 846 tetigisti
724 759 760 825 in
777 783 920 854 corpore
937 788 1013 832 meo
1031 760 1185 829 vulnera.
1204 761 1305 829 Proin
1322 760 1484 830 standum
1502 763 1566 830 erit
1586 762 1660 849 ipsa

334 877 547 950 mratione3
566 889 677 956 neque
697 890 782 957 opus
804 876 853 937 est
867 871 942 962 plus
960 889 1109 938 asserere
1131 872 1165 933 et
1180 867 1293 935 nescio
1309 889 1396 958 quas
1421 889 1534 936 moras
1553 867 1658 934 inter·

336 978 567 1072 [militer
585 995 617 1038 v.
641 981 681 1039 27
708 981 741 1041 et
759 982 814 1044 28.
837 982 953 1065 Neque
969 977 1058 1043 valet
1078 973 1170 1062 quod
1189 974 1383 1061 generatim
1403 994 1481 1040 eum
1498 979 1589 1065 Aeeq.
1609 972 1659 1040 di·

335 1091 417 1154 eunt
431 1106 442 1147 τ
457 1080 630 1168 generalis
644 1082 897 1174 quodammodo
914 1104 1032 1149 sensus
1049 1086 1099 1146 est
1117 1079 1223 1161 visus;
1241 1081 1334 1149 unde
1349 1079 1469 1148 vidisti
1489 1102 1542 1146 me
1561 1102 1659 1171 posse

340 1192 517 1281 praeterea
530 1187 727 1274 significare
745 1212 755 1257 :
771 1187 914 1273 tetigisti
929 1210 995 1255 me.
1017 1192 1140 1253 Verum
1165 1186 1267 1254 talem
1291 1209 1390 1256 usum
1407 1188 1501 1254 vocis
1517 1186 1659 1255 minime

335 1294 484 1386 probant
499 1295 685 1362 locutiones
699 1317 708 1362 τ
723 1295 852 1367 audiet
867 1293 943 1360 vide
956 1316 1062 1386 quam
1079 1293 1166 1359 bene
1181 1301 1294 1376 sonet;
1310 1294 1400 1362 ollae
1416 1300 1450 1362 et
1464 1292 1541 1361 vide
1555 1314 1660 1382 quam

335 1402 422 1469 bene
437 1401 543 1481 oleat,
561 1408 663 1489 tange
679 1409 714 1468 et
728 1400 806 1466 vide
819 1400 1026 1488 quambene
1041 1399 1151 1467 caleat
1165 1399 1303 1490 (Arae),
1328 1423 1440 1490 neque
1455 1401 1657 1477 locutiones

335 1530 420 1598 quas
441 1508 511 1576 Tol.
535 1509 634 1575 affert
659 1531 666 1575 :
691 1511 746 1572 Ex.
771 1511 827 1584 20,
853 1517 1002 1579 cunctus
1015 1505 1163 1601 populus
1180 1505 1318 1573 videbat
1342 1527 1456 1587 voces3
1481 1512 1579 1574 llare.
1606 1512 1657 1586 15,

335 1613 412 1682 vide
432 1614 468 1682 in
482 1615 619 1705 quantis
637 1619 671 1679 te
685 1617 858 1679 accusant.

379 1724 526 1789 Thomas
542 1720 681 1807 cognita
700 1718 949 1786 resurrectione
965 1724 1076 1786 lesum
1093 1741 1217 1789 verum
1231 1725 1336 1793 Deum
1352 1710 1535 1786 confitetur
1551 1720 1660 1799 ὁΘεές

336 1857 391 1913 μου
406 1829 433 1906 ¹;
460 1856 476 1888 a
494 1827 581 1893 duas
605 1826 699 1892 enim
724 1832 864 1892 naturas
883 1830 916 1891 et
936 1809 1040 1892 anain
1056 1826 1254 1914 hypostasin
1269 1825 1378 1901 nuiss
1386 1825 1509 1894 Christi
1524 1824 1657 1903 docuit;

283 1981 289 2000 ι
335 1934 480 2002 dicendo
496 1934 675 1998 Dominum
698 1932 886 2019 humanam
904 1930 1033 1999 indicat
1047 1938 1223 2014 naturam,
1245 1930 1396 1999 dicendo
1410 1936 1525 2004 uam
1548 1933 1660 2012 ὁθεὲς

335 2069 390 2124 μευ
406 2038 561 2106 divinam
583 2037 812 2105 substantiam
827 2037 978 2104 ostendit
1003 2045 1036 2104 et
1058 2041 1106 2105 ita
1128 2060 1234 2106 unum
1251 2044 1284 2104 et
1300 2038 1448 2105 eundem
1464 2059 1538 2111 esse
1550 2038 1659 2108 [tomi-

334 2170 416 2215 num
437 2156 471 2213 et
495 2151 599 2212 [terrm
620 2174 635 2205 n
658 2143 850 2235 (Theophp
872 2145 987 2211 tlerito
1007 2142 1090 2211 dieit
1113 2147 1207 2211 Patr.
1233 2166 1246 2209 .·
1264 2143 1324 2234 qui
1341 2151 1472 2232 negant
1493 2145 1664 2215 Thomam

336 2254 419 2321 haec
431 2252 670 2344 pronuntiasse
683 2250 923 2341 compellando
936 2250 1107 2317 Christum
1122 2253 1247 2340 ipsum,
1261 2250 1321 2318 sed
1335 2250 1564 2317 admiratione
1581 2273 1664 2341 rap-

333 2368 406 2426 tum
431 2361 468 2425 in
487 2358 768 2424 exclamationem
794 2357 991 2447 prorupisse
1016 2362 1119 2424 Deum
1142 2358 1352 2441 invocando,
1375 2357 1446 2424 risu
1468 2379 1526 2424 eos
1550 2360 1661 2445 magis

334 2465 442 2556 excipi
465 2487 569 2555 quam
593 2464 808 2551 argumentis
831 2465 973 2531 refutari
996 2487 1059 2555 par
1084 2470 1134 2531 est
1159 2494 1187 2531 a.
1211 2469 1255 2531 Ex
1280 2465 1451 2531 veteribus
1474 2473 1587 2531 tamen
1611 2464 1661 2531 ita

333 2572 466 2663 accepit
483 2570 604 2638 Tlaeod.
627 2573 674 2636 lt.
696 2591 707 2636 :
726 2593 794 2637 non
808 2572 920 2661 ipsum
944 2570 1080 2658 (lesum)
1106 2570 1289 2638 Dominum
1305 2593 1344 2638 ac
1361 2576 1466 2637 Deum
1482 2571 1581 2646 dicit,
1599 2570 1658 2638 sed

333 2679 430 2769 quasi
452 2700 515 2768 pro
537 2677 701 2745 miraculo
720 2682 824 2744 Deam
840 2676 1030 2756 collaudat;
1052 2700 1141 2767 quae
1156 2677 1337 2767 explicatio
1354 2676 1390 2743 in
1410 2676 1540 2765 synodo
1556 2698 1659 2744 oecu-

333 2785 468 2853 menica
487 2785 609 2875 quinta
623 2784 784 2851 damnata
800 2789 849 2850 est
864 2784 953 2873 (ean.
972 2789 1014 2849 12
1028 2805 1068 2849 ex
1082 2806 1158 2851 ean.
1180 2791 1217 2852 tt
1233 2783 1275 2850 de
1297 2783 1406 2850 tribus
1418 2782 1592 2872 capitulis;
1613 2781 1657 2850 cl.

335 2891 539 2980 Deazinqer‚
554 2888 773 2957 Euchiridion
786 2913 821 2957 n.
840 2890 929 2976 183).
948 2893 986 2956 Et
1003 2890 1145 2957 evidens
1160 2897 1210 2957 est
1223 2912 1298 2956 eam
1313 2889 1573 2979 explicationem
1589 2911 1661 2956 esse

333 2999 468 3078 salsam,
483 3019 561 3063 cunr
577 2997 734 3086 explicite
749 2996 883 3064 dicatur
898 2997 989 3062 elicit
1006 2997 1039 3063 ei
1048 3050 1055 3075 ‚
1073 2999 1157 3065 εἶπεν
1173 3003 1252 3085 alep
1275 2996 1309 3064 id
1332 2997 1425 3087 quod
1450 2995 1559 3063 Weiss
1572 3018 1659 3086 quo·

332 3128 399 3196 que
420 3109 539 3170 contra
558 3103 817 3193 explicationem
836 3103 1099 3170 Socinianorum
1124 3111 1239 3189 urget3
1266 3113 1445 3193 praeterea
1467 3107 1557 3168 lesus
1572 3103 1661 3169 hanc

332 3212 579 3279 contessionem
594 3209 735 3276 assumit
755 3215 788 3275 et
807 3208 979 3298 approbat
1000 3232 1007 3277 :
1029 3212 1172 3295 agnovit
1192 3208 1343 3275 Christus
1369 3207 1488 3298 utique
1507 3208 1661 3298 repulsu-

332 3339 405 3394 rus,
420 3317 449 3382 si
464 3315 548 3382 falso
563 3315 674 3382 dictus
696 3316 810 3382 luisset
825 3320 912 3383 Deus
932 3317 1035 3405 (quae
1054 3314 1184 3382 Erasini
1203 3315 1306 3382 verba
1338 3315 1443 3381 Weiss
1462 3315 1661 3404 approbans

331 3422 485 3511 allegat).
513 3428 652 3510 insuper
677 3422 741 3488 hoc
766 3423 921 3510 exemplo
943 3422 1091 3488 ostendit
1114 3422 1326 3508 evangelista
1352 3421 1478 3489 iterum
1503 3423 1660 3488 suumin

334 3527 584 3595 conscribendo
597 3527 779 3594 consilium
799 3550 1009 3617 seopumque
1022 3530 1255 3603 manifestans.
1274 3527 1448 3618 quomodo
1465 3527 1661 3594 manifesta-

335 3633 428 3701 tione
445 3638 518 3700 lesu
540 3635 696 3700 homiues
712 3633 928 3701 adducantur
942 3634 985 3700 ad
1002 3634 1103 3700 fldem
1124 3634 1244 3701 ineius
1260 3634 1490 3701 divinitatem.

379 3740 531 3806 Christus
545 3739 670 3829 accipit
684 3749 718 3806 et
731 3739 1103 3807 laudatconiessionem
1119 3742 1268 3808 Thomae
1286 3765 1316 3808 v.
1332 3747 1374 3807 an
1388 3739 1480 3806 dieii
1498 3740 1529 3807 ei
1546 3743 1661 3808 Iesus:

333 3846 418 3936 qaia
438 3845 557 3912 vidisti
576 3870 628 3913 me
642 3847 783 3931 leonae,
806 3843 1001 3929 credentiam
1016 3847 1178 3937 beatiqai
1194 3869 1265 3914 non
1281 3846 1440 3914 ciderunt
1458 3859 1491 3913 et
1506 3845 1662 3914 credide·

334 3938 436 4035 raam
453 3981 468 4013 a
487 3952 584 4020 audit
598 3957 757 4020 Sci-vator
771 3953 974 4042 discipulum
992 3952 1166 4021 dicentem
1184 3954 1389 4022 sentientem
1405 3976 1444 4021 ae
1464 3952 1660 4020 credentem

334 4059 515 4126 Dominum
530 4082 565 4125 se
589 4081 707 4125 revera
722 4082 791 4126 esse
806 4081 846 4125 ae
870 4064 991 4141 Deum,
1011 4083 1074 4127 nec
1093 4061 1418 4150 reprehendendum
1436 4059 1584 4142 censuit,
1602 4061 1663 4128 sed

229 4199 231 4209 ν
331 4164 487 4232 laudavit
501 4164 694 4232 credentem
716 4193 731 4224 »
750 4166 872 4253 (Cpr).
896 4165 962 4231 Sed
977 4167 1061 4232 dum
1080 4166 1183 4234 fidem
1202 4168 1275 4234 eius
1293 4166 1480 4256 approbat,
1502 4167 1663 4233 nonnihil

331 4271 606 4362 reprehensionis
617 4271 714 4338 addit
730 4295 737 4340 :
753 4269 978 4361 qaiavidisti,
993 4275 1072 4340 acsi
1089 4273 1216 4340 diceret
1234 4293 1242 4339 :
1258 4296 1327 4339 non
1340 4279 1430 4339 recte
1446 4273 1553 4340 iecisti
1569 4273 1663 4364 quod

332 4379 464 4446 tamdiu
477 4377 617 4445 eredere
629 4378 806 4457 distulisti,
821 4377 929 4444 donec
945 4378 1095 4460 videres;
1109 4379 1253 4446 debuisti
1266 4379 1360 4467 prius
1373 4380 1512 4446 credere
1521 4378 1661 4469 quando

227 4537 228 4540 ,
330 4484 457 4552 audisti
474 4485 758 4552 resurrectionem
781 4506 893 4551 meam
909 4483 1010 4573 (Tot.)
1031 4510 1051 4552 a
1068 4508 1121 4552 me
1140 4485 1351 4576 praedictam
1368 4495 1401 4552 et
1417 4509 1437 4553 a
1452 4492 1501 4553 tot
1518 4486 1662 4553 testibus

330 4590 398 4658 fide
418 4592 534 4678 dignis
549 4591 611 4657 tibi
627 4597 802 4656 assertam.
823 4590 917 4657 Fides
931 4592 1003 4658 eius
1022 4615 1099 4658 vera
1113 4599 1199 4667 erat,
1214 4592 1273 4658 sed
1289 4594 1411 4662 naudus
1430 4616 1498 4682 quo
1519 4592 1561 4658 ad
1582 4614 1657 4659 earn

365 4776 386 4818 ι.
399 4767 437 4816 ad
460 4768 598 4817 articulum
622 4766 807 4816 attendendum
821 4780 876 4817 esse
900 4772 987 4817 monet
1004 4773 1067 4831 Car.
1087 4786 1096 4818 .·
1110 4768 1298 4819 obseruandum
1313 4775 1352 4820 est
1367 4770 1437 4835 qxaod
1461 4771 1595 4829 aomina:
1620 4772 1661 4818 καὶ

330 4849 468 4915 coaptem
482 4848 587 4906 dieitur,
607 4861 637 4896 ne
651 4846 710 4910 quis
731 4846 860 4897 existimet
884 4847 914 4897 ad
932 4853 1043 4898 nostram
1065 4857 1110 4898 aut
1132 4848 1282 4911 angelorum
1304 4850 1499 4901 similitudinem
1524 4853 1660 4899 troanimun

329 4944 388 4983 eum
403 4928 502 4979 dietum
517 4941 617 4978 esseae
633 4929 721 4977 Deum.
