4050 5648
737 165 819 210 roan.
846 148 1006 221 reptes.
1331 149 1333 152 ⁴
1475 150 1532 210 547

208 298 286 359 adeo
298 301 392 361 talem
403 302 807 376 tantumqueessenecesse
816 303 876 374 est,
885 301 1085 380 quilcauues
1094 299 1179 362 alius
1190 299 1375 374 sitluturus,
1384 304 1533 378 utquam-

208 397 381 459 admodum
394 397 542 470 loannes,
560 397 675 460 itidem
692 395 788 456 etiam
807 401 841 459 et
860 398 920 460 iste
943 395 1044 458 alesu
1059 397 1147 488 lesus
1165 402 1320 460 exsistere
1335 395 1531 462 ostendatur.

209 497 288 556 Nam
303 495 330 555 si
344 490 452 553 nullus
468 499 516 556 est
536 496 650 557 llariae
669 491 755 554 lilius
776 493 897 558 iudicio
912 510 1023 555 eorum
1044 495 1100 575 qui
1121 494 1161 556 de
1181 495 1250 574 ipsa
1270 513 1348 559 saue
1367 501 1535 558 senserunt

209 597 431 672 praeterquam
457 593 562 667 lesus,
579 592 722 669 dicitque
740 591 828 654 lesus
850 591 947 653 matri
969 609 1066 654 :ecce
1086 591 1172 654 tilius
1191 595 1283 669 tuus,
1300 596 1333 653 et
1350 611 1439 655 uon:
1461 610 1532 656 ecce

209 690 305 751 etiam
317 687 371 750 hic
385 691 617 763 estdliustuus‚
631 688 763 768 perinde
776 695 825 752 est
839 707 876 752 ac
885 687 1040 752 dixisset:
1058 706 1131 752 ecce
1140 687 1192 751 hic
1204 693 1253 750 est
1264 690 1353 751 lesus
1368 708 1467 769 quem
1480 708 1533 772 ge-

207 785 318 846 nuisti.
336 788 463 850 Etenim
478 786 627 867 quisquis
646 787 807 865 perlectus
823 792 887 860 est,
904 802 968 847 uon
987 787 1126 868 amplius
1139 787 1218 849 vivit
1231 787 1320 867 ipse,
1338 787 1395 848 sed
1415 787 1533 868 inipso

209 883 287 945 vivit
306 886 465 958 Christus;
479 900 621 962 cumque
641 883 674 945 in
694 885 766 965 ipso
779 886 864 947 vivat
878 884 1037 958 Christus,
1052 885 1170 947 dicitur
1187 884 1227 947 de
1242 903 1281 949 eo
1301 885 1415 947 ldariae
1434 901 1441 944 :
1461 902 1533 948 ecce

210 982 293 1045 tilius
308 989 381 1046 tuus
399 983 575 1046 cbristus»
593 981 647 1061 (M.
665 984 779 1064 inas).
798 981 860 1045 Sed
879 982 961 1044 haec
974 984 1127 1063 Origenes
1139 983 1247 1062 potius
1266 985 1373 1056 alieri,
1388 987 1426 1045 ut
1439 983 1536 1061 expli-

210 1085 259 1142 cet
272 1098 330 1142 cur
344 1081 487 1143 cbristus
501 1078 617 1140 dixerit
632 1098 640 1141 ε
658 1098 733 1143 ecce
746 1081 830 1143 tilius
844 1084 936 1151 tuus,
954 1085 986 1141 et
1000 1098 1064 1141 non
1081 1098 1089 1141 :
1104 1081 1197 1142 etiam
1211 1079 1265 1141 hic
1282 1085 1332 1142 est
1346 1080 1433 1142 illius
1448 1084 1533 1142 tuus.

249 1180 352 1240 Verba
365 1179 419 1238 illa
435 1175 487 1258 pie
501 1174 642 1238 adbiberi
654 1197 743 1260 posse
759 1179 799 1240 ad
819 1177 1112 1241 commendandum
1131 1179 1255 1241 cultum
1271 1179 1302 1240 b.
1320 1179 1460 1259 Virginis
1473 1195 1536 1241 uon

209 1283 256 1338 est
270 1274 356 1354 quod
370 1276 404 1335 in
419 1275 557 1337 dubium
567 1280 708 1339 vocetur.
720 1277 788 1338 Dici
803 1277 890 1338 enim
902 1280 1009 1356 potest
1021 1293 1094 1338 cum
1110 1276 1177 1336 Van
1187 1274 1357 1338 Steenkiate
1366 1275 1413 1358 (in
1426 1293 1535 1355 evang.

212 1373 320 1435 ltatth.
333 1375 364 1434 2.
381 1372 432 1434 ed.
451 1374 478 1434 ll
493 1390 525 1452 p.
543 1374 611 1454 586)
627 1391 635 1434 :
653 1397 669 1430 s
685 1378 821 1454 possunt
835 1373 992 1448 adhiberi,
1009 1373 1064 1437 sed
1077 1391 1172 1437 sensu
1188 1374 1328 1453 quodam
1341 1374 1483 1438 deducto
1496 1391 1534 1435 ex

210 1489 306 1537 sensu
318 1471 447 1532 litterali
463 1488 520 1551 per
533 1471 705 1551 paritatem
719 1471 853 1532 rationis
867 1471 929 1534 hoc
939 1472 1035 1534 modo
1051 1489 1059 1532 :
1073 1489 1132 1552 per
1143 1473 1240 1534 verba
1254 1471 1309 1534 illa
1323 1471 1425 1535 voluit
1435 1474 1535 1541 lesus,

211 1575 247 1632 ut
266 1571 399 1632 ioannes
415 1569 545 1630 Mariam
560 1569 594 1630 in
609 1568 703 1631 terris
716 1567 890 1631 honoraret
909 1574 944 1630 et
956 1569 1077 1632 coleret
1090 1573 1257 1650 umquam
1271 1575 1410 1633 matrem
1428 1586 1536 1642 sum,

210 1673 242 1730 et
253 1668 315 1729 boc
326 1666 460 1746 quidem
475 1672 606 1747 propter
617 1684 761 1729 amorem
771 1668 860 1741 lesu,
873 1668 951 1746 quia
964 1667 1061 1730 huius
1075 1673 1179 1731 mater
1193 1671 1276 1743 erat;
1292 1687 1351 1732 nos
1368 1669 1469 1730 etiam
1481 1667 1539 1747 qui

211 1783 322 1828 sumus
344 1765 429 1829 sicut
452 1766 587 1827 loannes
613 1765 763 1846 discipuli
786 1765 859 1827 lesu
883 1783 1021 1845 eumque
1044 1765 1209 1848 diligimus
1228 1765 1277 1848 (ut
1299 1785 1358 1847 par
1378 1765 1439 1846 est)
1456 1766 1539 1828 votis

211 1864 281 1925 lesu
307 1864 525 1943 obsequemur
547 1863 735 1925 honorando
757 1867 894 1924 matrem
917 1863 987 1924 eius
1013 1863 1044 1923 in
1066 1863 1165 1925 coelis
1185 1863 1358 1943 gloriosam
1382 1887 1411 1924 a.
1430 1897 1470 1908 -
1493 1864 1539 1924 Ex

210 1962 295 2023 bisce
309 1966 419 2023 autem
430 1966 521 2040 patet
533 1960 778 2023 tundamentum
794 1966 826 2021 et
836 1965 1064 2040 argumentum
1075 1961 1290 2024 maternitatis
1303 1961 1418 2023 Mariae
1434 1960 1537 2041 quoad

209 2077 268 2121 nos
282 2059 505 2138 quaerendum
522 2077 589 2121 esse
603 2076 667 2120 non
682 2058 715 2119 in
727 2058 779 2118 his
794 2057 916 2130 verbis,
931 2057 988 2119 sed
1007 2058 1039 2119 in
1055 2058 1209 2122 relatione
1223 2059 1430 2121 iratemitatis
1444 2059 1540 2138 adop·

211 2157 293 2218 tivae
308 2174 404 2235 quam
420 2173 496 2218 cum
513 2157 591 2218 Filio
606 2156 662 2218 Dei
678 2173 737 2237 per
750 2156 820 2218 eius
833 2156 1088 2218 incarnationem
1103 2157 1316 2230 obtinuimus;
1333 2157 1407 2219 vide
1419 2157 1511 2230 suit
1528 2173 1536 2216 :

211 2254 293 2316 vade
306 2254 345 2316 ad
362 2252 480 2333 scotres
495 2272 595 2316 meos.

257 2424 394 2492 Omissis
415 2423 493 2492 aliis
516 2446 604 2513 quae
628 2423 723 2514 apud
746 2422 945 2514 synopticos
963 2422 1161 2491 referuntur
1183 2422 1226 2491 de
1249 2421 1475 2513 blasphemiis
1502 2421 1538 2491 iu

216 2535 325 2598 lesum
343 2531 441 2598 iactis
461 2535 496 2598 et
518 2529 561 2597 de
574 2529 689 2597 verbis
703 2535 778 2597 lesu
798 2530 833 2596 in
855 2552 957 2598 cruce
979 2527 1142 2620 prolatis,
1168 2551 1278 2599 unum
1295 2528 1397 2597 nobis
1420 2535 1540 2596 narrat

212 2638 374 2721 verbum,
390 2659 460 2727 quo
472 2636 577 2705 simul
594 2637 748 2704 narratio
766 2638 1027 2727 synopticorum
1042 2636 1085 2704 de
1097 2641 1192 2705 aceto
1206 2635 1238 2704 ei
1250 2635 1367 2704 oblato
1387 2635 1538 2704 illustra·

215 2753 271 2815 tur
282 2770 316 2813 v.
333 2751 376 2812 28
389 2757 512 2837 posteo
529 2744 640 2812 sciens
660 2746 753 2812 Iesus
769 2743 854 2834 quia
875 2743 994 2812 omnia
1011 2755 1253 2811 consummato
1270 2755 1352 2812 sunt
1367 2751 1539 2813 τετέλεσται

215 2854 331 2921 omnia
346 2850 511 2920 vaticinia
534 2850 692 2941 impleta,
716 2859 773 2936 ἤδη
797 2856 894 2921 πάντα
917 2851 989 2918 iam
1012 2850 1128 2919 omnia
1148 2878 1164 2913 «
1189 2872 1278 2941 quae
1303 2849 1485 2941 oportebat
1501 2857 1540 2917 ut

215 2960 338 3028 tierent
356 2964 542 3049 antequam
556 2958 727 3048 acciperet
747 2963 882 3025 acetum
899 2962 934 3024 et
954 2955 1108 3025 traderet
1125 2955 1285 3046 spiritum
1306 2984 1323 3018 o
1346 2957 1467 3047 (Aug.)
1484 2957 1539 3025 vel

215 3096 230 3128 n
259 3066 329 3135 iam
343 3065 460 3133 omnia
486 3087 575 3154 quae
592 3086 757 3155 passurus
776 3068 852 3131 erat
872 3068 1109 3132 consummata
1130 3085 1202 3132 esse
1220 3063 1346 3147 sciens,
1372 3064 1443 3131 iam
1469 3065 1539 3131 iere

216 3196 285 3242 esse
298 3173 467 3263 completa
481 3194 546 3240 nec
560 3171 656 3240 aliud
671 3170 789 3239 deesse
804 3176 944 3261 praeter
958 3191 1066 3240 unum
1082 3171 1177 3261 quod
1190 3170 1226 3237 iu
1248 3169 1425 3260 Scriptura
1437 3192 1539 3261 prae-

214 3280 345 3349 dictum
361 3284 435 3347 erat
451 3302 467 3340 »
486 3278 570 3367 (Tol.
585 3279 712 3369 lons.);
729 3301 770 3346 ea
785 3300 868 3346 voce
881 3277 984 3345 simul
999 3276 1214 3364 significatur
1228 3277 1410 3345 Dominum
1426 3279 1542 3344 omnia

214 3386 358 3478 provide
377 3407 515 3477 passum
539 3407 610 3453 esse
629 3392 663 3453 et
687 3386 808 3452 iecisse
829 3391 863 3451 et
890 3382 1036 3452 voluisse
1060 3389 1185 3452 cuncta
1208 3406 1298 3476 quae
1322 3384 1365 3452 de
1387 3407 1421 3454 se
1442 3391 1540 3453 erant

214 3493 358 3584 implere
381 3491 477 3582 (etr.
498 3493 623 3579 iam),
645 3504 683 3558 ut
705 3504 1001 3559 consummaretur·
1020 3491 1202 3582 Scriptura
1222 3489 1314 3560 dixit
1335 3513 1348 3557 .·
1372 3493 1470 3577 sitio,
1492 3492 1541 3560 ita

215 3600 372 3692 plerique
391 3598 514 3666 merito
536 3598 702 3686 iungunt,
720 3604 758 3665 ut
772 3603 820 3667 ἵνα
840 3620 909 3665 nou
926 3597 971 3666 ad
990 3597 1243 3680 antecedentia,
1260 3597 1321 3666 sed
1335 3598 1380 3665 ad
1398 3619 1541 3689 sequen·

215 3707 444 3775 tiareieratur
462 3705 555 3794 (Chr.
584 3705 727 3795 Theopb.
754 3707 833 3794 Cyr.
856 3709 947 3795 Aup.
972 3709 1060 3795 Rup.
1082 3708 1178 3772 Patr.
1208 3704 1298 3774 Gorl.
1318 3704 1420 3795 Scirp.
1438 3707 1537 3774 Solis.

215 3813 316 3902 Fil.);
335 3814 417 3880 item
440 3812 486 3880 ad
506 3817 556 3881 Ps.
584 3818 686 3894 6832
707 3833 824 3879 vocem
844 3811 933 3880 hanc
953 3813 1074 3880 referri
1091 3812 1298 3902 plerumque
1323 3812 1460 3890 dicuut;
1482 3814 1541 3881 sed

216 3920 320 3988 etiam
345 3920 465 3987 reierri
483 3926 594 4009 potest
608 3919 652 3986 ad
671 3923 722 3987 Ps.
748 3925 849 4000 21,1u
872 3919 964 3986 aruit
987 3923 1165 4008 tamquam
1186 3923 1273 3986 testa
1287 3919 1396 3986 virtus
1417 3927 1540 3986 maaet

216 4027 337 4115 lingua
352 4049 429 4094 mea
444 4025 599 4094 adhaesit
612 4026 771 4094 faucibus
786 4025 886 4106 meis;
908 4025 1034 4116 quibus
1049 4024 1162 4092 verbis
1176 4025 1213 4093 id
1227 4024 1436 4094 describitur
1448 4026 1540 4116 quod

215 4134 320 4201 verbo
343 4133 425 4201 sitio
443 4138 553 4201 lesum
573 4155 712 4223 passum
727 4156 797 4200 esse
822 4141 856 4200 et
875 4133 913 4199 in
932 4155 969 4200 se
994 4139 1172 4223 expertum
1190 4131 1396 4201 declaratur.
1414 4133 1543 4200 [licitur

215 4241 306 4307 euim
320 4242 496 4331 Scriptura
510 4240 648 4330 impleri
666 4240 701 4306 iu
726 4239 1000 4307 manifestatione
1015 4239 1108 4306 illius
1128 4238 1360 4330 perpessionis
1379 4262 1467 4330 quae
1487 4239 1541 4306 siti

217 4346 377 4429 efficitur,
394 4370 464 4415 uon
483 4369 564 4415 vero
581 4370 620 4415 eo
644 4345 737 4437 quod
757 4353 892 4414 acetum
913 4346 1038 4414 milites
1057 4345 1090 4413 ei
1108 4354 1342 4437 porrexerunt.
1361 4351 1488 4427 Quare,
1507 4355 1544 4414 ut

219 4453 305 4521 mihi
334 4454 483 4537 videtur,
514 4454 636 4521 melius
661 4453 844 4543 Scriptura
876 4452 1085 4541 intelligitur
1112 4452 1155 4520 de
1179 4458 1229 4520 Ps.
1264 4460 1378 4533 imi,
1412 4453 1448 4520 in
1475 4478 1543 4546 qua

218 4562 443 4653 explicatione
459 4561 554 4630 nulla
567 4570 616 4628 est
631 4561 831 4645 difficultas,
849 4560 932 4628 dum
952 4560 1040 4628 alter
1055 4561 1148 4628 locus
1169 4564 1220 4626 Ps.
1242 4567 1346 4644 68,·2i
1368 4583 1436 4628 non
1453 4569 1546 4629 caret
