4116 5648
326 631 329 634 ’
411 630 480 710 tur,
497 646 559 694 cnr
570 621 700 695 dictum
718 626 786 694 sit:
801 623 839 690 in
856 621 912 690 his
926 622 1078 708 inerma
1097 608 1287 695 cum'senim
1305 648 1418 696 serram
1433 626 1540 694 lactus
1558 625 1601 694 sit
1615 627 1657 694 de
1675 631 1731 718 pi-

313 721 315 725 ⁴
409 735 503 802 acina
516 735 549 797 et
563 729 606 798 de
621 731 786 822 aegrotis,
804 729 918 817 potius
939 732 1152 822 exspectares
1170 731 1222 800 ibi
1242 730 1416 819 designari
1429 735 1560 801 iontem
1578 733 1730 802 medicae

408 837 618 908 salubritatis
625 846 665 909 *et
679 835 823 929 proinde
835 856 958 924 aegros
970 859 1041 906 non
1054 836 1092 905 in
1105 836 1262 907 aedificio
1274 836 1397 921 iacere,
1411 840 1518 909 sedin
1530 840 1627 930 aquis
1638 841 1728 909 saln-

410 941 528 1012 bribus
551 943 671 1013 lavari.
701 941 780 1010 Pari
798 943 999 1013 necessitate
1022 942 1128 1012 debet
1147 942 1229 1011 addi
1251 965 1284 1012 v.
1305 949 1337 1026 t,
1361 965 1430 1033 quo
1454 947 1540 1014 ratio
1560 946 1726 1030 redditur,

292 1122 296 1131 ,
408 1070 471 1117 our
547 1048 758 1143 pectaverint
775 1070 887 1140 aquae
908 1056 1042 1120 motum
1061 1057 1097 1118 et
1110 1072 1180 1141 qno
1199 1049 1342 1118 tandem
1362 1053 1535 1141 responsio
1548 1053 1728 1143 paralytici

409 1179 441 1222 v.
492 1156 708 1244 intelligitur,
726 1174 816 1247 qnae
834 1155 908 1225 sine
925 1158 992 1226 hoc
1010 1177 1043 1224 u.
1067 1163 1225 1226 tucrum
1239 1163 1326 1224 esset
1339 1157 1517 1245 aenigma,
1532 1182 1565 1226 v.
1587 1166 1729 1251 tenpe-

410 1260 465 1329 las
475 1277 605 1347 antem,
621 1262 744 1332 melius
754 1262 909 1354 proiecto
923 1284 1048 1352 graece
1060 1268 1137 1352 γάρ,
1155 1264 1248 1332 enim
1263 1264 1392 1353 (rusb),
1406 1265 1547 1331 Domini
1555 1264 1731 1335 descende·

407 1370 465 1436 bat
482 1368 667 1439 secandum
689 1383 822 1462 tempas
844 1374 920 1441 κατὰ
945 1375 1066 1458 καιρὸν,
1085 1368 1190 1438 certis
1210 1374 1244 1439 et
1261 1370 1464 1460 opportunis
1481 1373 1644 1461 temporis
1658 1395 1732 1441 mo

409 1480 546 1558 mentis,
564 1477 735 1544 incertum
747 1475 877 1566 quibus
892 1474 1017 1566 (Maid.
1032 1476 1133 1567 Lap.)
1150 1476 1188 1543 in
1198 1475 1375 1568 piscinam
1386 1488 1419 1544 et
1433 1480 1627 1546 movebatur
1637 1502 1731 1569 aqua

409 1584 459 1673 (et
472 1581 631 1652 movebat
642 1605 787 1674 aquam
803 1581 883 1651 vide
897 1583 975 1651 lect.
999 1583 1110 1672 var.);
1130 1592 1165 1651 et
1185 1583 1249 1674 qai
1259 1582 1361 1674 prior
1378 1581 1603 1653 descendisset
1621 1587 1658 1653 in
1668 1586 1730 1676 pi-

407 1691 539 1759 scinam
546 1701 626 1779 post
641 1689 829 1759 motionem
845 1710 976 1780 aquae,
1000 1711 1107 1758 sanan
1121 1690 1227 1780 fiebat
1243 1711 1266 1756 a
1281 1713 1498 1782 quonamque
1515 1690 1730 1760 detinebatur

406 1797 619 1887 infirmitate.
636 1801 719 1865 Cum
740 1799 794 1864 sat
814 1796 917 1864 multi
935 1797 1031 1865 hunc
1048 1817 1187 1865 versum
1201 1797 1473 1888 interpolationis
1486 1797 1562 1865 loco
1579 1799 1730 1867 babeant

406 1896 524 1991 (etiam
538 1901 637 1972 Saba.
655 1902 760 1993 Scqu.
781 1902 842 1994 qni
856 1907 957 1993 putat
974 1924 996 1969 a
1014 1901 1120 1993 Papia
1136 1924 1208 1971 esse
1226 1902 1414 1993 additum),
1432 1905 1641 1973 monendum
1661 1913 1727 1985 eat,

404 2032 485 2080 eum
500 2010 601 2101 plane
619 2009 850 2078 necessarium
871 2009 960 2093 esse,
978 2031 1023 2078 ne
1041 2009 1218 2100 responsio
1238 2010 1373 2098 aegroti
1390 2033 1424 2079 v.
1442 2012 1580 2102 'lplane
1599 2013 1644 2080 sit
1668 2013 1730 2080 ob-

407 2138 520 2185 scura.
536 2120 621 2184 Nam
632 2115 684 2184 ibi
692 2138 805 2184 sermo
815 2117 855 2183 fit
863 2115 913 2184 'de
927 2137 1040 2206 aquae
1052 2116 1216 2198 motione,
1232 2115 1277 2184 de
1292 2115 1455 2185 descensu
1471 2120 1644 2208 inaquam
1656 2125 1728 2187 tur-

405 2222 539 2305 batam,
560 2224 603 2290 de
618 2222 766 2314 eoquod
781 2221 870 2290 alius
886 2227 968 2291 ante
982 2244 1063 2289 eum
1079 2221 1256 2291 descendit
1270 2229 1305 2290 et
1323 2223 1416 2313 quod
1433 2225 1505 2316 ipse
1518 2247 1587 2293 non
1601 2224 1728 2294 habeat

405 2351 612 2420 quemquam
633 2352 654 2397 a
677 2351 748 2419 quo
772 2330 934 2397 mittatur
945 2329 984 2396 in
1005 2328 1185 2419 piscinam.
1205 2334 1283 2397 lam
1302 2329 1389 2398 haec
1411 2317 1528 2399 omnia
1549 2332 1654 2422 plane
1668 2354 1728 2401 ne-

406 2442 539 2526 queunt
559 2435 710 2523 intelligi
724 2441 761 2503 et
777 2437 1004 2526 proteruntur
1024 2435 1070 2503 ad
1094 2435 1358 2505 admirationem
1376 2437 1581 2523 legentium,
1600 2438 1666 2506 nisi
1688 2461 1729 2506 ea

407 2542 676 2632 praemittuntur
689 2564 779 2632 quae
794 2564 915 2610 revera
933 2543 991 2610 hic
1004 2542 1171 2629 leguntur
1187 2543 1224 2610 in
1242 2565 1276 2611 v.
1294 2549 1326 2610 t.
1347 2543 1563 2630 Evangeliste
1577 2545 1665 2612 enim
1679 2545 1728 2612 ita

406 2650 488 2717 lacit
508 2657 688 2736 aegrotum
707 2649 808 2716 illum
832 2649 1052 2739 loquentem,
1072 2654 1111 2717 ut
1126 2654 1244 2740 aperte
1261 2655 1433 2739 supponat
1454 2673 1512 2718 eos
1534 2651 1595 2741 qui
1609 2652 1729 2738 legunt

403 2756 473 2824 iam
489 2757 654 2847 scireque
669 2755 803 2824 ratione
817 2754 1009 2826 ibisanitas
1023 2755 1235 2846 acquiratur.
1253 2759 1394 2846 insuper
1404 2756 1542 2825 attende
1556 2758 1726 2848 quomodo

403 2862 487 2931 alias
501 2862 713 2950 evangelista
725 2885 767 2930 ea
781 2862 926 2953 explicet
944 2885 1033 2953 quae
1052 2860 1193 2931 ludaeis·
1204 2861 1346 2953 quidem
1357 2868 1438 2931 nota
1450 2870 1545 2947 sunt,
1561 2865 1726 2952 alienige·

405 2969 460 3037 nis
472 2992 544 3036 non
557 2969 639 3037 item
649 2969 707 3058 (ci.
726 2973 881 3051 1,38.t1;
894 2974 952 3051 26
967 2971 1045 3056 etc.)
1056 2973 1092 3037 et
1104 2973 1235 3058 quanta
1247 2969 1465 3037 accuratione
1478 2970 1612 3057 singula
1623 2992 1726 3061 quae·

403 3098 472 3165 que
486 3075 678 3144 describere
692 3076 801 3143 soleat
814 3075 853 3143 in
867 3076 972 3143 rebus
986 3074 1191 3143 enarrandis
1203 3074 1260 3164 [ci.
1277 3081 1407 3156 2,1-10.
1425 3083 1479 3144 15.
1500 3084 1557 3156 163
1578 3085 1646 3160 3,2.
1664 3084 1723 3158 233

406 3187 475 3264 t‚5.
498 3189 551 3250 tu.
572 3188 613 3249 52
630 3182 725 3270 etc).
749 3185 860 3259 Quare
879 3180 1085 3249 incredibile
1104 3181 1272 3249 esttnlem
1290 3182 1490 3273 scriptorem
1509 3206 1601 3251 nunc
1613 3185 1725 3253 subito

406 3290 500 3355 omni
521 3288 896 3357 declaratione'omissa
916 3310 959 3356 ea
974 3309 1102 3376 ponere
1123 3288 1162 3355 in
1183 3309 1244 3356 ore
1262 3289 1434 3378 loquentis
1452 3312 1539 3379 qnae
1558 3298 1728 3380 nequeant

405 3395 566 3482 intelligi.
582 3395 756 3462 Accedunt
769 3394 965 3462 testimonia
978 3399 1030 3462 sat
1043 3394 1167 3483 gravia
1178 3400 1213 3462 et
1224 3395 1335 3463 multa
1350 3395 1442 3484 (vide
1454 3397 1532 3463 lect.
1546 3397 1646 3480 van).

445 3506 632 3581 Quaerunt,
650 3501 933 3591 descenderitque
951 3523 1032 3568 vere
1048 3501 1208 3590 angelus,
1224 3501 1311 3569 sitne
1323 3502 1455 3570 sanatio
1472 3502 1532 3570 illa
1556 3505 1673 3572 effecta
1692 3507 1726 3572 vi

403 3608 553 3676 naturali
569 3607 667 3697 aquis
688 3606 885 3675 salubribus
908 3613 943 3674 et
963 3606 1142 3676 medicatis
1160 3605 1279 3689 insite,
1301 3629 1346 3675 an
1364 3628 1446 3675 vero
1464 3609 1639 3678 miraculo.
1656 3616 1725 3679 Non

406 3715 542 3795 desunt,
559 3715 620 3804 qni
638 3713 886 3801 evangelistam
900 3714 1014 3782 solum
1036 3736 1077 3781 er
1088 3712 1251 3804 populari
1265 3714 1427 3804 opinione
1449 3715 1545 3805 loqui
1558 3725 1724 3798 asserant3

405 3822 541 3913 plebem
560 3819 634 3888 scil.
657 3843 698 3887 ex
718 3842 759 3887 eo
780 3820 874 3910 quod
896 3841 988 3909 aqua
1007 3820 1216 3910 quandoque
1233 3820 1348 3888 subito
1365 3821 1539 3904 ebulliret,
1561 3827 1657 3892 ouius
1677 3825 1727 3892 rei

387 3989 389 3992 .
404 3951 505 3997 causa
519 3935 592 3994 tum
609 3926 848 4014 ignorabatur,
870 3925 988 4013 angeli
1001 3948 1108 4016 opera
1124 3924 1162 3992 id
1176 3925 1268 3994 effici
1281 3927 1367 3995 falso
1380 3929 1599 4010 conclusisse3
1620 3953 1728 4022 aquas

377 4036 483 4104 illas
496 4034 611 4101 inisse
637 4032 807 4112 salubres3
834 4033 1021 4122 vaporibus
1042 4039 1158 4100 autem
1180 4033 1459 4124 erumpentibus,
1489 4035 1614 4125 quibus
1638 4060 1728 4128 aqua

406 4141 617 4223 movebatur,
630 4140 700 4208 vim
715 4138 929 4207 salutiferam
944 4161 1016 4207 esse
1026 4147 1181 4228 auctam,
1197 4138 1367 4229 iteutqui
1381 4141 1484 4230 primi
1498 4143 1639 4210 inillam
1654 4166 1728 4211 mo-

406 4250 533 4316 tionem
548 4269 582 4314 se
603 4246 811 4314 coniicerent
830 4251 1036 4313 sanarentur
1054 4245 1117 4335 (ite
1131 4246 1204 4314 lere
1227 4246 1331 4336 Scbq.
1352 4245 1451 4315 Saba.
1474 4255 1506 4315 et
1524 4249 1728 4339 plerumque

407 4353 614 4443 acatholici).
627 4352 809 4420 Verumita
824 4351 1041 4418 averborum
1050 4351 1263 4441 proprietate
1274 4359 1310 4419 et
1322 4353 1463 4420 veritate
1478 4354 1603 4422 mirum
1617 4378 1726 4445 quan-

405 4469 479 4530 tum
497 4459 667 4528 receditur
680 4465 714 4527 et
729 4455 941 4549 hyperbolae
954 4460 1150 4524 statuuntur
1163 4457 1304 4525 nimiae.
1319 4456 1383 4525 Ubi
1397 4458 1489 4526 enim
1502 4466 1551 4527 est
1564 4461 1637 4529 lons
1655 4484 1726 4531 me-

407 4569 538 4637 dicatus
552 4567 611 4657 qui
622 4565 779 4660 ⁴sullioiat
799 4563 960 4633 curandis
974 4565 1086 4632 caecis
1110 4563 1176 4650 (vel
1189 4562 1309 4654 plane,
1328 4564 1385 4632 vel
1399 4568 1582 4634 maximam
1594 4577 1725 4658 partem

408 4676 538 4743 lumine
551 4672 706 4765 privatis)
716 4725 724 4755 ,
736 4672 883 4759 claudis,
899 4668 1006 4738 aridis
1020 4676 1055 4738 et
1069 4670 1210 4739 demum
1224 4669 1440 4762 quibuslibet
1452 4673 1725 4743 infirmitatibus?

407 4789 441 4848 et
458 4782 486 4848 si
510 4783 570 4849 illa
589 4781 638 4848 vis
656 4784 706 4847 est
725 4778 910 4861 naturalis,
936 4798 1000 4844 cur
1023 4799 1112 4846 unns
1129 4778 1241 4847 solum
1257 4784 1420 4846 sanatur?
1440 4780 1605 4868 Opinatur
1625 4782 1723 4871 Scbq.

407 4910 586 4978 nunquam
606 4887 753 4956 alterum
774 4885 948 4975 quendam
964 4889 1138 4955 tentamen
1152 4883 1290 4965 iecisse;
1313 4884 1351 4951 id
1373 4884 1466 4974 quod
1486 4908 1567 4954 sane
1590 4910 1724 4959 omnem
