4050 5648
262 692 377 770 Patrc3
402 690 549 759 eundem
575 681 641 749 sihi
668 693 859 776 competere
885 690 1066 762 honorem,
1090 680 1234 749 candem
1267 685 1372 753 vitam
1402 689 1467 754 etc.
1484 684 1585 759 'Quae

262 791 388 865 deinde
409 791 602 864 testimonio
617 812 758 880 operum
776 795 900 883 probat
917 812 998 858 rere
1017 809 1038 853 a
1057 810 1093 856 se
1111 789 1178 856 dici
1198 792 1234 854 et
1257 793 1450 860 testimonio
1469 809 1585 858 sacra-

261 924 338 971 rum
358 904 562 969 litterarum.
588 898 679 965 Unde
704 900 806 967 simul
830 903 925 988 patet
948 892 1090 962 ludaeos
1107 904 1168 963 aut
1194 893 1261 983 ipsi
1291 897 1421 966 debere
1444 895 1585 966 credere

259 1017 319 1077 aut
336 1009 441 1099 plane
452 1025 473 1068 a
493 1008 560 1070 Deo
575 1006 682 1072 reiici.
708 1011 756 1072 lta
771 1011 861 1072 lesus
879 1008 928 1069 est
943 1001 979 1067 in
998 1003 1281 1071 resurrectionem
1295 1010 1355 1068 aut
1375 1007 1411 1071 in
1432 1003 1583 1071 ruinam·

524 1261 551 1317 l
572 1253 777 1332 Mam‘sestatrb
797 1250 868 1310 Iesu
886 1251 981 1313 altera
1001 1254 1040 1313 ἐπ’
1057 1253 1192 1314 Galilaea
1214 1255 1326 1324 alas.

68 1510 80 1549 ις
93 1547 97 1563 ¹
137 1531 140 1536 ,
301 1493 318 1526 «
332 1466 441 1535 Posito
453 1467 609 1535 doctrina
618 1465 661 1532 de
675 1464 745 1530 vita
760 1464 928 1555 spirituali
943 1488 1012 1556 qua
1025 1466 1177 1534 Christus
1191 1467 1413 1553 regeneratos
1429 1462 1581 1531 viviticat

177 1580 180 1583 ’
255 1580 504 1664 consequenter
524 1571 734 1660 evangelista
756 1572 829 1659 agit
854 1572 898 1639 de
922 1572 1091 1663 spirituali
1107 1572 1320 1641 nutrimento
1339 1595 1408 1663 quo
1430 1570 1583 1640 Christus

35 1694 41 1707 ·
254 1679 442 1747 vivificatos
458 1685 624 1748 sustentat
636 1684 670 1744 et
682 1677 794 1767 primo
809 1678 906 1767 ponit
918 1677 1051 1745 visibile
1065 1678 1273 1750 miraculum
1287 1679 1381 1769 quod
1392 1678 1473 1749 lecit
1488 1671 1585 1746 Chri-
1636 1769 1642 1777 ε

253 1793 324 1853 stus
346 1787 539 1853 exhibendo
561 1785 809 1853 nutrimentum
832 1785 1009 1874 corporale
1032 1812 1049 1845 r
1073 1783 1233 1874 (Themi.
1257 1785 1389 1875 Duplici
1411 1783 1584 1853 miraculo

251 1893 349 1983 quasi
366 1891 540 1981 praeludit
551 1891 596 1960 ad
609 1913 803 1959 sermonem
819 1890 861 1958 de
875 1914 909 1958 sc
923 1896 1099 1981 tamquam
1115 1914 1206 1981 pane
1221 1892 1327 1974 vitae,
1345 1914 1414 1981 quo
1433 1883 1537 1959 carue
1550 1913 1584 1958 m

253 2018 354 2064 suam
367 2004 404 2063 ut
415 1997 547 2080 cibum,
565 1998 766 2085 sanguinem
790 2004 828 2064 ut
849 2003 970 2089 potum
987 2019 1023 2064 se
1036 1996 1199 2065 daturum
1213 1997 1396 2088 promittit.
1415 1997 1583 2088 nultipli-

253 2104 387 2171 catione
413 2126 545 2194 panum
567 2109 602 2171 et
623 2127 684 2171 sua
706 2126 808 2194 super
827 2105 941 2171 lacum
959 2105 1193 2173 ambulatione
1211 2105 1365 2195 profecto
1390 2106 1584 2195 potentiam

255 2231 352 2278 suam
366 2211 544 2300 praeclaro
559 2211 662 2279 modo
675 2210 884 2292 manifestat3
902 2234 1009 2302 quare
1023 2212 1144 2278 merito
1158 2210 1261 2278 fidem
1277 2213 1450 2301 postulare
1463 2217 1583 2302 potest

253 2317 315 2384 etsi
329 2339 370 2384 ea
383 2316 482 2384 docet
496 2339 585 2407 quae
600 2317 774 2407 quomodo
793 2318 869 2386 fieri
883 2319 1012 2408 possint
1025 2318 1174 2409 populus
1192 2341 1264 2386 nou
1282 2317 1459 2406 intelligit.
1478 2323 1582 2387 Prae-

252 2431 346 2501 terea
366 2424 441 2514 ipsa
459 2423 521 2491 illa
540 2424 708 2491 miracula
725 2424 770 2491 ad
792 2431 1037 2514 argumentum
1060 2426 1227 2493 sermonis
1243 2424 1523 2516 praeparandum
1551 2433 1585 2494 et

252 2527 499 2598 illustrandum
517 2531 659 2598 faciunt.
681 2532 957 2622 Multiplicatione
973 2554 1101 2621 panum
1116 2533 1307 2622 potentiam
1323 2554 1421 2600 suam
1436 2533 1581 2600 creatri-

255 2658 345 2716 cem,
362 2637 568 2705 illimitatam
584 2638 730 2706 ostendit
742 2639 786 2706 ad
798 2638 951 2707 dandum
961 2639 1078 2706 cibum
1093 2640 1324 2729 corporalem3
1341 2640 1444 2731 proin
1458 2639 1583 2708 cadem

256 2741 452 2834 praeditum
474 2767 510 2811 se
528 2745 677 2812 insinuat
695 2745 740 2811 ad
759 2746 913 2813 dandum
937 2746 1051 2813 cibum
1071 2745 1299 2836 spiritualem.
1330 2745 1579 2814 Ambulatione

255 2872 359 2940 super
377 2872 484 2940 aquas
500 2849 544 2917 ad
561 2852 697 2918 oculum
709 2851 921 2919 demonstrat
938 2852 1114 2943 discipulis
1131 2875 1167 2920 sc
1189 2875 1286 2943 posse
1302 2874 1427 2942 corpus
1440 2873 1542 2919 suum
1558 2875 1588 2919 a*

257 2956 394 3044 legibus
416 2959 578 3024 materiae
600 2959 702 3048 plane
726 2960 873 3025 eximere
891 2958 995 3048 idque
1014 2959 1050 3025 in
1073 2982 1196 3048 corpus
1216 2959 1393 3049 spirituale
1412 2959 1580 3027 transtor-

257 3084 364 3130 marc.
383 3063 476 3130 Prius
491 3065 694 3132 miraculum
707 3088 769 3156 pro
783 3066 910 3156 populo
923 3060 964 3132 vet
976 3064 1170 3155 discipulis,
1190 3066 1337 3133 alterum
1351 3087 1417 3156 pro
1430 3063 1582 3156 discipu-

256 3171 299 3236 lis
317 3174 444 3257 patrat3
469 3174 630 3261 utrosque
647 3176 833 3262 praeparat
852 3171 916 3251 ita,
940 3177 979 3238 ut
994 3175 1107 3261 parati
1133 3195 1205 3239 esse
1228 3172 1375 3263 possint,
1389 3171 1580 3240 dummodo

257 3276 381 3360 velint,
393 3275 437 3342 ad
449 3280 650 3364 mysterium
658 3277 726 3344 fide
740 3278 1007 3367 suscipiendum.
1024 3281 1090 3345 Cur
1101 3280 1270 3369 ampliore
1281 3278 1383 3346 modo
1393 3278 1584 3369 discipulos

257 3383 367 3449 altero
384 3405 522 3473 quoquc
541 3385 705 3451 miraculo
724 3384 879 3467 edoceat,
898 3408 938 3452 cr
958 3407 1077 3452 eorum
1095 3385 1210 3452 officio
1230 3393 1263 3453 et
1279 3392 1426 3453 munere
1435 3385 1581 3476 planum

257 3495 324 3566 est,
351 3511 435 3579 quos
461 3489 534 3556 scil.
560 3491 680 3577 elegit,
707 3496 745 3557 ut
767 3514 802 3557 sc
826 3490 975 3581 penitius
996 3497 1176 3558 noscerent
1198 3497 1232 3559 et
1256 3492 1387 3560 maiore
1411 3491 1479 3559 lide
1503 3491 1580 3560 aliis

259 3594 413 3685 exemplo
427 3602 537 3662 essent
554 3602 588 3663 et
599 3596 817 3663 institutioni.

303 3706 341 3768 lu
361 3702 510 3769 Galilaea
529 3702 574 3770 ad
593 3704 705 3794 ripam
727 3702 929 3772 orientalem
953 3705 1046 3772 lacus
1068 3703 1257 3772 Tiberiadis
1276 3727 1441 3792 magnam
1461 3706 1601 3797 populi

257 3808 393 3875 turbam
417 3808 650 3899 multiplicatis
672 3812 819 3901 panibus
842 3818 876 3878 et
899 3811 1048 3900 piscibus
1072 3813 1180 3900 pascit
1199 3810 1362 3902 (6,1-13).
1388 3811 1522 3879 Turbae
1548 3835 1583 3879 se

257 3914 438 3998 subducit,
460 3915 621 4005 discipuli
647 3939 783 4007 vespere
809 3919 975 4005 navigant
999 3918 1242 4006 Capharnanm
1267 3941 1400 4002 versus,
1426 3917 1472 3986 ad
1492 3941 1580 4009 quos

262 4022 353 4089 venit
366 4022 547 4091 ambulans
558 4045 661 4113 super
674 4045 780 4113 aquas
792 4025 838 4112 (v.
857 4027 985 4112 uel).
1002 4024 1116 4090 Turba
1124 4024 1305 4092 hominum
1320 4025 1381 4092 illa
1395 4029 1506 4092 Iesum
1516 4024 1582 4091 ibi-

260 4128 338 4196 dem
366 4129 497 4196 invenit
504 4139 517 4210 ‚'
540 4129 585 4197 ad
607 4153 693 4220 quos
712 4151 906 4197 sermonem
925 4130 1030 4197 habet
1047 4128 1090 4197 de
1106 4154 1192 4220 pane
1214 4132 1304 4198 vitae
1318 4133 1379 4221 qui
1397 4131 1441 4198 sit
1458 4131 1532 4222 ipse
1547 4137 1580 4197 'et

261 4258 364 4326 quem
377 4235 517 4303 daturus
533 4237 624 4303 sitin
639 4258 742 4304 carne
754 4259 815 4304 sua
834 4242 869 4304 et
886 4238 1068 4324 sanguine,
1088 4244 1124 4305 ut
1134 4239 1200 4305 hoc
1215 4238 1292 4305 cibo
1304 4247 1457 4329 potuque
1472 4239 1578 4304 vitam

262 4342 412 4410 babeant
430 4343 476 4432 (v.
498 4345 629 4431 2259).
647 4349 754 4411 llonet
772 4343 955 4435 discipulos
969 4366 1012 4409 ne
1026 4366 1182 4412 sermone
1197 4345 1263 4412 hoc
1279 4345 1560 4412 scandalizentur
1643 4401 1647 4409 .

263 4449 360 4518 multi
374 4455 488 4517 tamen
502 4448 681 4529 recedunt,
699 4451 822 4541 reliqui
837 4450 905 4517 fide
916 4451 1097 4540 proliciunt
1111 4453 1157 4542 (v.
1176 4454 1311 4541 60-72).

610 4683 638 4751 a)
658 4685 753 4735 Iesus
771 4699 877 4750 panes
895 4683 1102 4749 multiplicat
1121 4687 1247 4752 s,1·1s.

299 4860 355 4919 al.
372 4862 438 4914 Post
453 4866 523 4914 haec
544 4863 612 4914 abiit
631 4863 709 4914 lesus
728 4865 804 4914 trans
824 4856 923 4917 marei
978 4863 1033 4924 6,1.
1066 4862 1137 4915 Μετὰ
1174 4865 1250 4915 ταῦτα
1286 4859 1397 4927 ἀπῆλθεν
1433 4861 1448 4915 ὁ
1488 4861 1586 4931 Ἰησοῦς

263 4949 415 5012 Galilaeae,
431 4954 506 5017 quod
525 4954 568 5003 est
582 4951 749 5013 Tiberiadis;
765 4953 792 5004 2.
806 4953 840 5005 Et
853 4968 900 5007 se·
918 4919 924 4997 Ι
940 4952 1014 5019 πέραν
1050 4956 1093 5018 τῆς
1130 4951 1257 5018 θαλάσσης
1292 4955 1335 5017 τῆς
1375 4951 1509 5015 Γαλιλαίας
1540 4957 1584 5019 τῆς

28 5207 43 5227 ἱ

34 5364 72 5403 04..
