4116 5648
872 531 957 580 roan.
980 515 1136 590 {0,22·23.
1192 546 1194 550 ·
1273 501 1275 507 ’

344 679 447 731 Omnia
460 679 553 725 autem
568 685 761 739 quaecumque
776 670 847 721 dixit
862 671 982 726 loannes
1016 639 1077 736 pie
1096 669 1202 736 σημεῖον
1222 666 1338 734 ἐποίησιν
1357 665 1438 720 olito-
1463 665 1545 718 aalma
1567 665 1594 720 u
1623 670 1671 722 tica
1772 678 1775 684 '

343 769 379 821 de
392 769 459 824 hoc,
475 775 542 813 vera
555 772 645 816 erant.
663 765 697 815 Et
711 758 792 811 multi
806 761 980 828 crediderunt
1032 750 1101 807 alnes
1128 753 1232 822 Ἰωάνης
1255 754 1311 824 περὶ
1333 757 1435 823 reiron,
1456 752 1539 822 ἀληθῆ
1558 749 1599 821 ἦν.
1625 760 1668 811 tl.

344 861 372 908 iu
391 867 464 907 cum.
840 922 843 927 ῃ
1031 842 1074 894 καὶ
1104 843 1196 897 πολλοὶ
1213 841 1358 897 ἐπίστευσαν
1388 844 1421 902 ai:
1456 844 1530 898 αὺτὸν
1549 841 1611 897 lari.

378 1024 410 1073 In
423 1035 450 1071 v.
468 999 502 1074 ‘il
516 1026 558 1075 sin
574 1025 634 1073 erat
648 1018 750 1069 testum
770 1021 798 1069 in
817 1021 870 1071 ier.
894 1017 968 1083 quod
982 1020 1099 1066 vocatur
1114 1017 1206 1079 gioria
1219 1015 1383 1065 sanctuarii.
1404 1015 1437 1064 ln
1455 1030 1482 1064 v.
1500 1017 1532 1068 ai
1548 1019 1671 1069 animam
1785 1042 1789 1047 ·
1824 1000 1841 1105 ξ.

341 1115 465 1164 nostram
479 1109 627 1177 suspendis
640 1105 689 1168 ct;
707 1108 855 1160 maniteste
874 1110 921 1171 ir,
937 1109 1033 1169 aperte
1047 1117 1074 1154 a.
1089 1104 1122 1154 in
1137 1118 1165 1154 v.
1182 1104 1215 1154 25
1231 1098 1304 1152 iate
1321 1118 1380 1170 opu
1396 1103 1419 1153 i)
1435 1105 1457 1154 it
1471 1105 1549 1167 Tert;
1565 1107 1624 1158 dixi
1638 1119 1669 1167 a;

341 1208 450 1265 tempus
468 1210 602 1267 praesens
617 1197 662 1247 sin
678 1209 791 1263 quoque
810 1196 937 1254 exhibat;
953 1209 999 1242 coz
1017 1207 1172 1243 rmcrroczrr
1193 1193 1214 1242 B
1238 1192 1297 1244 157.
1313 1192 1456 1243 crediditis
1469 1192 1493 1255 i;
1515 1194 1570 1245 add
1584 1211 1627 1264 por
1647 1198 1669 1248 D

341 1291 388 1354 alq
399 1291 508 1341 minusc
521 1287 572 1338 salt
587 1297 648 1335 arm
666 1283 737 1348 cur;
754 1287 822 1336 mini
837 1298 893 1334 car.
913 1284 945 1333 In
960 1296 986 1332 v.
1004 1281 1037 1333 26
1052 1281 1106 1333 add
1120 1283 1149 1332 in
1163 1278 1220 1332 fine
1233 1278 1315 1339 καθως
1329 1296 1398 1330 emor
1417 1298 1474 1349 υμιν
1493 1283 1517 1334 Α
1529 1283 1552 1333 D
1563 1283 1588 1334 X
1598 1280 1671 1336 ΓΔΑ

340 1392 394 1430 unc
407 1378 423 1430 6
438 1380 465 1430 al
485 1379 544 1442 pier
558 1375 604 1425 sin
618 1375 661 1426 ab
671 1387 688 1426 e
697 1374 709 1425 t
718 1371 754 1424 ii*
764 1388 778 1425 r
789 1388 827 1438 go
841 1385 888 1436 syr
903 1369 966 1439 (utr,
985 1371 1026 1438 lu)
1043 1372 1119 1422 aeth.
1136 1371 1169 1421 In
1184 1384 1210 1420 v.
1228 1369 1261 1421 29
1276 1384 1292 1419 ο
1309 1367 1417 1420 betunen
1437 1381 1457 1427 re
1471 1371 1537 1423 B'L
1555 1372 1585 1424 ¹5
1601 1386 1636 1425 ev
1649 1376 1672 1426 ir

340 1482 377 1533 go
396 1483 448 1534 cop
470 1466 515 1518 iiii
536 1463 636 1524 Ambr;
662 1462 747 1532 μιιζον
771 1463 825 1512 ΑΒ
838 1462 862 1511 Χ
883 1462 904 1510 it
930 1473 968 1524 go
987 1473 1041 1525 cop
1063 1473 1111 1523 syr
1126 1457 1179 1525 (br)
1199 1459 1265 1510 Tert
1287 1458 1332 1510 itii
1343 1473 1351 1519 ;
1372 1460 1442 1510 alias
1460 1478 1499 1521 υς,
1519 1460 1671 1527 pertenta

340 1572 367 1609 v.
392 1559 423 1610 31
444 1558 488 1608 ain
510 1566 574 1604 cum
598 1555 668 1605 baso
688 1552 821 1610 dixisset,
847 1550 984 1608 tulerunt;
1005 1562 1033 1600 v.
1050 1547 1085 1598 it
1104 1548 1193 1599 multa
1215 1561 1303 1612 opera
1326 1548 1419 1599 Patris
1441 1550 1552 1601 ostendi
1573 1551 1669 1616 robis,
1747 1570 1750 1577 ·
1783 1620 1786 1625 ⁴
1835 1564 1840 1617 ζ

339 1642 540 1712 propterquod
555 1655 591 1693 ex
604 1641 737 1705 operibus
751 1639 796 1689 his
817 1637 947 1702 lapidatis
962 1636 1024 1688 met
1037 1650 1065 1688 r.
1083 1635 1116 1687 36
1138 1638 1206 1701 quia
1223 1636 1295 1687 dixit
1309 1636 1391 1689 vobis
1410 1649 1417 1686 :
1434 1637 1521 1690 Filius
1536 1639 1621 1692 Dei...
1637 1641 1669 1692 in

339 1750 366 1787 v.
383 1734 417 1786 38
430 1748 470 1782 και
483 1746 621 1798 preeunte
637 1731 658 1780 B
669 1729 692 1780 L
703 1729 726 1778 X
740 1728 797 1792 aliq
809 1729 918 1777 minusc
928 1728 980 1777 sab
992 1739 1044 1790 cop
1063 1727 1097 1776 hr
1110 1739 1171 1776 arm
1185 1726 1252 1778 aeth
1268 1725 1324 1777 Alb
1337 1725 1382 1776 Hit
1390 1739 1398 1787 ;
1409 1728 1436 1778 al
1448 1742 1605 1792 arctiusqm
1621 1731 1670 1782 sed

339 1838 386 1876 om
410 1823 432 1873 D
456 1816 617 1872 abceii¹l
631 1818 697 1870 Tert
711 1815 770 1882 cyp
785 1818 840 1868 sin.
857 1816 890 1869 ln
904 1829 931 1866 v.
950 1815 983 1866 39
1002 1815 1064 1878 pler
1082 1814 1153 1866 codd
1175 1813 1280 1867 habent
1303 1811 1392 1877 nolte,
1409 1828 1465 1866 non
1484 1817 1588 1869 habent
1601 1817 1669 1874 te'D

339 1913 421 1978 pauci
434 1910 544 1961 minusc
562 1910 584 1959 lt
599 1905 707 1974 (excipe
720 1903 743 1973 i)
764 1905 832 1970 vulg
845 1906 881 1956 hr
894 1903 961 1957 Chr.
982 1909 1014 1954 in
1035 1917 1063 1954 v.
1086 1902 1119 1954 tr
1136 1916 1182 1954 om
1197 1918 1246 1953 εκιι
1260 1902 1318 1956 Chr
1333 1904 1355 1954 it
1366 1903 1434 1968 vulg
1447 1917 1493 1968 syr
1507 1907 1582 1969 (seh,
1598 1904 1668 1977 slu);

339 2001 392 2053 add
405 2000 443 2050 ibi
458 1998 522 2049 dub.

383 2153 419 2215 ln
444 2148 528 2214 testo
554 2143 798 2211 encaeniorum
818 2146 908 2208 iesus
927 2140 1160 2226 interrogatus
1180 2139 1269 2207 sitne
1291 2139 1423 2208 Messias
1442 2148 1605 2230 provocat
1623 2141 1669 2210 ad

338 2276 445 2346 opem
459 2250 669 2342 exprobrans
692 2247 895 2316 iudaeorum
917 2245 1197 2313 incredulitatem
1216 2252 1250 2313 et
1269 2244 1396 2313 docens
1412 2247 1456 2314 de
1469 2249 1577 2316 salute
1593 2271 1668 2318 cre·

337 2361 510 2442 dentium,
529 2378 616 2447 quos
636 2356 710 2446 ipse
739 2376 807 2423 una
826 2375 905 2420 cum
927 2357 1024 2420 Patre
1048 2351 1166 2419 divina
1190 2353 1345 2442 potentie
1364 2353 1526 2422 servabit.
1553 2355 1669 2424 ludaei

339 2489 419 2535 eum
440 2469 582 2556 propter
602 2459 854 2551 blasphemiam
881 2458 1038 2549 lapidare
1060 2459 1189 2525 volunt.
1218 2463 1308 2526 lesus
1329 2459 1454 2549 probat
1472 2482 1507 2529 se
1525 2460 1668 2530 minime

339 2574 592 2663 blasphemasse
612 2575 646 2637 et
664 2574 798 2649 monet,
821 2574 859 2633 ut
879 2564 1042 2655 operibus
1060 2564 1222 2642 credant,
1240 2565 1366 2655 quibus
1380 2564 1501 2633 divina
1514 2568 1667 2656 potentia

338 2688 373 2750 et
395 2685 520 2748 natura
542 2677 808 2744 demonstretur.
829 2676 967 2739 Frustra
989 2677 1159 2739 conantur
1184 2691 1265 2738 eum
1291 2672 1569 2761 apprehendere;
1594 2673 1667 2742 abit

338 2797 433 2857 trans
455 2786 652 2865 Iordanem,
675 2780 736 2850 ubi
756 2778 855 2847 multi
876 2780 914 2845 iu
931 2799 1011 2846 eum
1034 2776 1190 2845 credunt.
1210 2816 1255 2828 -
1276 2779 1499 2848 Contumacia
1523 2782 1665 2849 ludaeo-

339 2917 416 2964 rum
432 2899 467 2962 el
479 2890 684 2983 perversitas
702 2891 828 2956 iterum
849 2885 960 2973 magis
976 2884 1107 2976 patefit.
1123 2889 1215 2952 lesus
1225 2883 1378 2952 divinam
1393 2908 1491 2954 snam
1506 2893 1666 2956 naturam

338 3001 425 3069 adeo
444 3001 536 3067 clare
563 2996 776 3078 manifestat,
794 3000 832 3061 ut
849 2991 967 3061 ludaei
984 2996 1102 3082 aperte
1123 2990 1241 3059 dicant
1257 3013 1266 3059 :
1282 2991 1366 3058 iacis
1385 2992 1531 3083 teipsum
1546 2999 1663 3063 Deum.

383 3112 518 3174 Festum
541 3101 767 3172 dedicationis
791 3098 913 3190 templi
931 3098 1185 3189 celebrabatur,
1200 3120 1272 3165 non
1294 3097 1331 3164 in
1350 3100 1553 3168 memoriam
1570 3100 1665 3170 dedi·

338 3214 482 3283 cationis
500 3209 622 3300 templi
642 3207 832 3277 Salomonis
856 3207 947 3295 (cyr.
968 3205 1102 3292 Noun.)
1122 3226 1234 3293 neque
1253 3206 1290 3271 in
1310 3205 1512 3273 memoriam
1526 3205 1666 3277 dedica·

339 3321 440 3388 tionis
452 3312 844 3408 templisubZorobabel
858 3311 950 3400 (etr.
970 3314 1050 3401 Cpr.
1063 3308 1208 3400 Theopl.
1227 3310 1330 3378 auct.
1350 3312 1455 3398 Gai),
1469 3312 1530 3380 sed
1543 3319 1595 3382 est
1605 3314 1666 3383 illa

338 3426 550 3495 sollemnitas
570 3443 673 3514 quam
698 3420 800 3488 iudas
822 3417 1046 3486 liachabaeus
1056 3417 1206 3485 instituit
1226 3417 1400 3504 agendam
1415 3442 1479 3508 per
1498 3426 1573 3488 octo
1593 3421 1666 3490 dies

337 3558 359 3602 a
372 3539 415 3601 25
431 3533 486 3600 die
499 3531 624 3600 mensis
638 3529 763 3609 casleu,
781 3525 906 3593 mensis
920 3525 1005 3591 noni
1022 3525 1079 3614 (ci.
1099 3524 1233 3592 titacb.
1252 3528 1343 3608 t,59,
1362 3528 1500 3594 anach.
1517 3530 1662 3619 top-8),

338 3641 388 3710 uti
401 3640 471 3707 iarn
483 3636 644 3705 viderunt
659 3633 783 3703 Theod.
799 3636 847 3700 M.
859 3631 940 3699 Bed.
951 3635 1040 3722 Καρ.
1060 3631 1175 3698 Thone.
1187 3633 1272 3699 Bon.
1285 3631 1354 3698 Tol.
1372 3633 1464 3700 lans.
1475 3633 1584 3703 Mald.
1597 3643 1673 3706 etc·

337 3746 543 3838 quibuscum
556 3743 709 3811 sentiunt
723 3738 941 3807 recentiores.
964 3742 1120 3806 Testatur
1134 3735 1298 3828 Iosephus
1310 3760 1403 3830 quoq
1409 3762 1448 3807 ue
1463 3747 1665 3833 extempore

258 3929 260 3934 ,
338 3852 619 3921 iiacbabeeorum
638 3867 746 3938 usque
765 3848 802 3913 in
819 3845 1024 3913 hodiernum
1047 3843 1139 3912 diem
1159 3844 1256 3912 illam
1276 3844 1335 3932 agi
1357 3846 1591 3936 festivitatem,
1608 3850 1665 3919 cui

338 3981 463 4028 nomen
474 3962 582 4040 Φῶτα,
594 3955 738 4025 Lumina
749 3951 875 4043 (antiq.
895 3950 1044 4041 12,·1,7);
1057 3972 1090 4017 v.
1101 3950 1251 4036 iisdem
1262 3963 1466 4020 scatentem
1480 3957 1660 4044 encaenia,

339 4075 472 4155 ὲγκαίνια
491 4064 539 4131 ita
553 4063 645 4130 enim
657 4061 753 4129 Esdr.
769 4065 849 4139 6,17
862 4064 896 4125 et
908 4058 991 4125 Neb.
1012 4062 1112 4139 1227
1128 4058 1257 4144 legitur
1270 4079 1335 4147 pro
1350 4058 1448 4127 hebr.
1466 4078 1545 4156 ³3³¹]
1567 4062 1664 4131 dedi·

338 4182 445 4264 catio,
465 4179 602 4247 1iiach.
620 4183 699 4259 &59
715 4181 904 4263 ὲγκαινισμὸς
926 4173 1085 4255 babetur,
1104 4173 1142 4239 in
1160 4172 1347 4241 Ierusalem
1353 4193 1368 4257 ,⁰
1380 4150 1528 4265 explical
1539 4156 1663 4246 'vocem

339 4292 430 4379 Any.
455 4311 469 4354 .·
489 4316 505 4350 «
531 4306 654 4373 graece
676 4283 769 4350 enim
793 4287 891 4349 καινὲν
912 4278 1039 4347 dicitur
1057 4301 1203 4363 novum,
1226 4280 1514 4371 quandocumque
1534 4306 1663 4353 novum

340 4395 474 4484 aliquid
502 4391 605 4461 fuerit
625 4389 823 4457 dedicatum
841 4385 1009 4453 Encaenia
1029 4395 1212 4469 venantum
1229 4388 1299 4453 iam
1323 4392 1357 4452 et
1377 4409 1456 4455 usus
1476 4388 1581 4457 habet
1599 4391 1664 4460 boc

341 4502 503 4582 verbum;
522 4501 550 4566 si
563 4497 642 4588 quis
666 4518 756 4563 nova
783 4495 899 4563 tunica
913 4491 1090 4572 induatur,
1112 4491 1315 4560 encaeniare
1329 4492 1455 4560 dicitur
1475 4517 1510 4578 »3
1526 4496 1584 4564 sed
1599 4519 1664 4565 vox

339 4613 390 4674 est
401 4608 513 4675 solum
521 4605 662 4673 biblica.
678 4607 741 4668 Pro
752 4601 886 4688 graecis
893 4598 1079 4667 lectoribus
1089 4598 1228 4667 additur
1238 4620 1246 4666 ε
1256 4612 1290 4667 et
1296 4598 1405 4667 hiems
1414 4615 1499 4683 eret,
1516 4603 1664 4674 utsimul

340 4720 375 4781 et
385 4720 522 4802 tempus
534 4713 601 4779 illis
611 4711 840 4800 explicaretur
854 4714 888 4773 ct
901 4706 990 4774 ratio
1009 4704 1213 4773 redderetur
1235 4729 1345 4796 prov.
1364 4713 1405 4773 23
1421 4720 1453 4774 et
1467 4709 1664 4780 anibulabat

341 4824 435 4889 iesus
447 4819 485 4886 in
499 4819 643 4911 ternplo,
655 4815 839 4908 inporticu
853 4812 1060 4894 Salomonis,
1079 4839 1095 4874 «
1108 4834 1187 4879 cum
1202 4812 1312 4880 biems
1324 4821 1412 4881 esset
1425 4822 1459 4882 et
1471 4822 1552 4885 tunc
1562 4818 1663 4909 plue-

341 4934 405 5010 ret,
415 4925 530 4997 cuncti
540 4932 651 5017 utpar
666 4930 741 4994 erat
755 4921 801 4990 ad
815 4921 986 5012 porticum
1000 4918 1239 5003 confluebanl3
1253 4942 1360 5011 quara
1375 4927 1409 4989 et
1418 4922 1570 4992 Christus
1579 4925 1664 4997 illuc

788 5047 971 5086 unsaramma
988 5046 1014 5086 rr«
1028 5046 1097 5086 roan.
1113 5060 1145 5072 -
1160 5040 1199 5086 22.
