4116 5648
453 681 608 734 exercere
629 664 811 732 tenebatur
831 678 942 746 neque
963 659 1000 727 id
1026 661 1072 728 ad
1093 678 1170 725 enm
1193 659 1389 746 spectabat,
1406 666 1445 728 ut
1464 677 1613 749 poenam
1630 680 1693 747 per
1704 684 1781 729 sen-

452 771 593 840 tentiam
623 768 747 838 iudicis
781 765 938 852 legitima
967 763 1195 859 inquisitione
1224 765 1313 833 iacta
1345 765 1570 852 infligendam
1598 764 1776 834 indiceret.

453 905 470 940 «
487 878 571 941 Nam
596 896 666 944 non
687 873 781 943 venit
805 878 842 937 ut
861 881 947 943 esset
961 873 1065 942 iudex
1088 870 1447 953 externusscclerum,
1464 872 1524 953 sed
1539 892 1665 962 praeco
1678 873 1779 939 mise-

396 968 400 977 *
449 979 615 1051 ricordiae
631 971 806 1073 paternae.
824 981 917 1048 Sicut
931 987 1049 1049 autem
1063 977 1208 1066 reliquis
1223 978 1294 1045 suis
1306 976 1470 1066 exemplis
1486 981 1546 1043 aut
1560 979 1778 1066 evangelicae

448 1107 530 1154 suae
549 1087 726 1157 doetrinae
744 1089 936 1177 praeceptis
952 1088 1086 1154 nulium
1103 1085 1213 1151 voluit
1233 1084 1393 1151 Dominus
1405 1083 1517 1150 faeere
1529 1082 1778 1173 praeiudicium

449 1214 565 1262 eorum
581 1215 671 1285 quae
689 1192 813 1282 cuique
837 1216 878 1260 cx
899 1192 1015 1261 officio
1040 1213 1103 1281 pro
1123 1191 1232 1258 salute
1252 1189 1465 1279 reipublicae
1489 1191 1712 1271 conveniunt,
1732 1191 1779 1257 ita

448 1320 511 1368 nee
524 1304 588 1370 hoc
602 1322 663 1367 suo
679 1300 788 1382 iacto;
804 1298 898 1390 quod
919 1304 1036 1366 autem
1054 1297 1251 1387 pharisaeis
1263 1295 1363 1377 dixit,
1379 1317 1448 1363 non
1462 1296 1571 1362 voluit
1583 1297 1705 1364 docere
1719 1318 1779 1363 ne·

448 1407 575 1477 minem
600 1406 705 1473 alium
726 1407 848 1497 punire
871 1403 999 1472 debere
1024 1403 1085 1493 qui
1115 1404 1188 1494 ipsc
1213 1403 1258 1469 sit
1283 1407 1460 1492 peccat0r3
1477 1403 1523 1470 sic
1549 1404 1640 1470 enim
1663 1403 1779 1470 omnia

446 1515 539 1584 mala
550 1513 724 1602 impunita
743 1517 938 1593 manerent3
956 1512 1016 1578 sed
1034 1510 1171 1577 dolosos
1188 1515 1222 1576 ct
1236 1515 1440 1597 arrogantes
1453 1509 1503 1576 ita
1517 1516 1555 1578 ιιι
1566 1509 1665 1597 digni
1680 1514 1776 1578 erant

359 1648 366 1660 ·
446 1612 578 1712 pudore
599 1620 737 1688 aifiocre
761 1619 869 1686 voluit
895 1645 911 1680 ι
934 1618 1072 1706 (Iane).
1099 1622 1138 1684 nt
1157 1618 1281 1684 merito
1296 1621 1392 1684 notat
1412 1620 1490 1684 Bar.
1516 1616 1664 1706 potuisse
1678 1616 1777 1684 Chri·

445 1733 535 1796 stum
563 1726 771 1816 respondere
793 1724 887 1815 quod
911 1724 997 1791 alias
1015 1724 1100 1790 dixit
1120 1747 1127 1792 :
1146 1723 1223 1813 quis
1245 1745 1300 1790 me
1323 1724 1499 1790 constituit
1523 1723 1672 1790 iudicem
1688 1721 1777 1791 inter

444 1834 652 1922 vestaeque
674 1833 767 1901 enim
791 1832 913 1899 missus
937 1837 1026 1914 erat,
1045 1837 1083 1897 ut
1107 1851 1202 1896 more
1221 1828 1345 1897 iudicis
1370 1831 1574 1897 sententiam
1599 1830 1703 1898 ferret
1715 1829 1774 1917 (ci.

445 1943 532 2031 rap.
553 1938 628 2008 Gai.
643 1942 728 2029 Lep.
746 1938 856 2008 Calm.
876 1938 967 2007 Corl.
983 1935 1116 2026 Solen).

812 2173 836 2240 ε)
856 2174 952 2225 Iesus
971 2174 1013 2224 de
1031 2186 1069 2224 se
1088 2171 1407 2238 testatnr8‚12·29.

481 2360 1082 2425 8,ti.iteru1nergoloeutusesteisicsus,
1163 2359 1237 2418 8,1ι.
1259 2355 1338 2407 Πάλιν
1357 2352 1402 2408 οὑν
1420 2354 1504 2417 αὑτοῖς
1527 2354 1651 2422 ἐλάλησεν
1678 2353 1773 2423 Ἰησοῦς

443 2449 539 2501 dicatu
560 2464 566 2498 ε
587 2450 648 2514 Ego
674 2462 735 2499 sum
760 2450 808 2501 lux
830 2449 935 2499 mundi.
957 2449 1011 2508 Qui
1037 2462 1083 2499 se·
1125 2443 1219 2513 λέγων·
1252 2443 1323 2514 Ἐγώ
1351 2442 1400 2515 εἶμι
1429 2442 1458 2497 τὸ
1484 2449 1534 2514 φῶς
1560 2448 1604 2497 τοῦ
1627 2445 1732 2515 adeptor.
1757 2445 1772 2497 ὁ

442 2540 539 2604 qultur
553 2552 612 2600 me,
626 2552 684 2590 non
698 2539 823 2589 ambulat
838 2541 866 2588 in
881 2538 1018 2596 tenebris,
1033 2538 1084 2590 sed
1126 2532 1267 2586 tunicatus
1296 2553 1339 2603 μοι
1366 2531 1395 2586 οὗ
1428 2531 1461 2603 μὴ
1494 2533 1651 2605 περιπατήσῃ
1685 2532 1708 2585 is
1740 2541 1771 2604 τῇ

443 2626 558 2679 babebit
571 2626 667 2679 lumen
680 2629 765 2679 vitae.
1126 2622 1225 2692 τιοτιᾳ,
1246 2621 1310 2674 ἀλλ’
1329 2622 1377 2684 ἔξει
1395 2621 1424 2675 τὸ
1441 2626 1491 2692 φῶς
1508 2629 1551 2684 τῆς
1569 2624 1644 2688 ζωῆς.

481 2715 523 2766 13.
540 2714 677 2766 Dixerunt
691 2727 759 2779 ergo
774 2716 801 2766 ei
814 2716 972 2779 pharisaei:
988 2712 1033 2764 Tu
1048 2714 1084 2765 de
1165 2715 1207 2765 1³.
1236 2709 1309 2764 ειιετν
1336 2706 1381 2765 οὖν
1409 2710 1477 2782 αὑτῷ
1508 2711 1532 2764 οἱ
1557 2711 1708 2782 Φαρισαῖοι,
1735 2710 1769 2762 zi

445 2810 472 2856 te
494 2807 556 2869 ipso
576 2806 767 2856 testimonium
787 2804 931 2868 porbtch,
955 2805 1084 2855 testimo·
1125 2801 1180 2870 περι
1198 2804 1301 2853 σεαυτοῦ
1320 2802 1458 2871 μαρτυρεῖς·
1477 2799 1493 2866 ἡ
1514 2801 1635 2870 μαρτυρία
1657 2819 1702 2853 σου
1724 2798 1769 2853 οὐκ

443 2894 521 2944 nium
536 2898 614 2944 tuum
633 2907 690 2945 non
705 2899 747 2944 est
762 2906 869 2944 verum.
889 2893 930 2943 rt.
952 2893 1083 2956 Respon·
1125 2889 1190 2942 ἔστιν
1210 2889 1316 2956 ἀληθής.
1336 2893 1377 2944 ii.
1394 2889 1512 2959 ἀπεκρίθη
1532 2886 1628 2956 Ἰησοῦς
1640 2888 1682 2942 καὶ
1695 2885 1766 2942 εἶπεν

444 2982 485 3033 (ιιι
499 2982 591 3045 lesus,
608 2989 637 3034 et
654 2983 725 3034 dixit
744 2985 786 3034 eis
802 2998 809 3031 :
825 2982 861 3033 Et
878 2985 904 3033 si
924 2994 979 3046 ego
1003 2984 1083 3033 testi·
1124 2976 1221 3043 αὑτοῖς,
1241 2979 1300 3030 Κᾶν
1322 2976 1375 3048 ἐγὼ
1398 2983 1510 3049 μαρτυρῶ
1532 2978 1586 3048 περὶ
1610 2977 1731 3048 ἐμαυτοῦ,
1750 2977 1766 3044 ἡ

443 3072 567 3122 monium
582 3071 717 3134 perhibeo
734 3070 770 3122 de
788 3084 833 3123 me
852 3073 913 3136 ipso
927 3083 1025 3122 verum
1040 3076 1084 3122 ost
1125 3067 1245 3137 μαρτυρια
1264 3086 1312 3139 μου
1335 3066 1431 3134 ἀληθής
1455 3066 1530 3120 ἔστιν·
1551 3068 1591 3120 δτι
1613 3064 1672 3121 οἶδα
1690 3066 1766 3120 πόθει

443 3161 633 3212 testimouium
648 3172 751 3221 meum,
764 3162 830 3224 qnia
843 3161 903 3211 scio
917 3159 991 3210 unde
1005 3161 1081 3221 veni,
1124 3151 1213 3222 ἥλιον,
1233 3157 1274 3209 καὶ
1297 3160 1345 3210 ποῦ
1362 3155 1460 3226 ὑτάγω·
1481 3155 1552 3225 ὑμεῖς
1570 3155 1597 3208 δὲ
1615 3154 1659 3208 οὑκ
1681 3154 1765 3209 οἴδατε

443 3250 547 3313 atquo
571 3248 658 3309 vado;
679 3261 730 3298 vos
753 3255 846 3299 autem
871 3250 985 3298 nescitis
1008 3248 1083 3298 unde
1124 3246 1198 3298 τόθεν
1224 3245 1347 3318 ἔρχομαι,
1379 3244 1395 3311 ἦ
1423 3249 1470 3298 ποὺ
1495 3244 1593 3315 ὑπάγω.
1627 3250 1668 3300 15.
1697 3244 1767 3315 ὑμεῖς

443 3339 535 3397 venio,
552 3343 600 3388 aut
618 3350 674 3401 quo
689 3337 771 3388 vado.
797 3338 837 3388 ¹5.
855 3338 913 3388 Vos
927 3337 1083 3387 secundum
1124 3333 1187 3386 κατὰ
1212 3333 1257 3399 τὴν
1281 3335 1360 3405 σάρκα
1381 3335 1485 3403 κρίνειν
1506 3333 1558 3404 ἐγὼ
1581 3331 1609 3386 οὗ
1628 3335 1703 3404 κρίνω
1721 3333 1766 3388 οὺ-

444 3438 557 3478 carnem
571 3426 714 3486 iudicatis;
730 3439 785 3491 ego
803 3439 860 3477 non
875 3426 969 3476 iudico
983 3439 1083 3490 quem·
1123 3424 1192 3483 δένα.
1216 3426 1256 3476 16.
1278 3423 1321 3476 καὶ
1338 3422 1381 3477 ιιι
1400 3423 1476 3493 episc
1494 3422 1521 3475 δὲ
1539 3422 1601 3493 ἐγὼ,
1622 3422 1638 3488 ἡ
1656 3422 1765 3493 spicati

442 3527 537 3579 quam.
565 3513 606 3564 16.
629 3514 665 3565 Et
689 3517 713 3565 si
742 3515 834 3566 iudico
857 3528 926 3579 ego,
949 3514 1081 3564 iudicium
1124 3509 1171 3582 ἐμὴ
1191 3511 1299 3578 ἀληθινή
1319 3510 1393 3565 ἔστιν·
1411 3513 1449 3565 δτι
1469 3513 1541 3582 μὺιος
1558 3511 1604 3564 οὑκ
1622 3511 1682 3584 ειμι,
1702 3510 1767 3564 ἀλλ’

433 3615 535 3655 meum
553 3616 651 3654 verum
665 3608 721 3662 est,
744 3606 810 3667 quia
829 3605 907 3655 scius
927 3617 984 3654 non
1004 3617 1080 3664 sum,
1124 3599 1174 3672 tp
1206 3600 1281 3653 καὶὸ
1307 3603 1403 3672 πέμψας
1428 3620 1458 3671 με
1486 3601 1576 3671 πατήρ.
1608 3606 1648 3656 17.
1669 3601 1711 3654 καὶ
1738 3600 1764 3654 ιι

442 3692 492 3747 ted
510 3693 685 3757 ego,etqui
704 3692 778 3742 misit
798 3705 856 3752 me,
876 3693 968 3743 Pater.
989 3693 1029 3743 17.
1048 3692 1083 3742 Et
1123 3696 1159 3760 τῷ
1186 3691 1257 3762 etp-p
1287 3687 1317 3743 δι
1344 3697 1380 3761 τῷ
1405 3689 1514 3761 ὑμετιρῳ
1546 3692 1698 3761 γιγραιτται,
1726 3691 1765 3743 δτι

442 3780 548 3844 inlege
561 3785 655 3832 vestra
668 3783 802 3845 seriptum
816 3787 869 3841 est,
883 3783 950 3845 quta
963 3780 1082 3833 duorum
1123 3779 1167 3832 δύο
1195 3778 1331 3850 ἀνθρώπων
1358 3778 1374 3846 ἡ
1406 3780 1525 3850 μαρτυρία
1557 3779 1653 3847 ἀληθής
1685 3779 1761 3832 ἐστιν.

442 3869 586 3921 bominum
612 3871 804 3920 testimonium
831 3883 929 3920 rerum
954 3872 1007 3920 esi.
1039 3869 1080 3920 18.
1127 3871 1168 3922 18.
1207 3866 1259 3938 ἐγώ
1291 3866 1342 3939 sipi
1377 3868 1392 3921 ὑ
1428 3873 1557 3939 μαρτυρῶν
1598 3869 1654 3938 περὶ
1689 3868 1763 3939 tpar-

444 3957 504 4022 Ego
522 3972 599 4020 sum,
616 3960 663 4023 qui
683 3961 872 4019 testimonium
894 3959 1028 4022 perhibeo
1047 3958 1082 4009 de
1124 3961 1181 4021 τοὺ,
1209 3957 1250 4008 και
1269 3959 1389 4027 μαρτυρεῖ
1412 3957 1466 4027 ττρὶ
1496 3957 1555 4029 ἐροῦ
1578 3957 1593 4010 ὑ
1620 3957 1713 4028 πέμψας
1732 3976 1762 4028 ρε

443 4059 488 4098 me
503 4050 577 4111 ips0;
593 4052 621 4097 et
633 4049 823 4098 testimonium
837 4048 963 4111 perhibet
976 4048 1010 4098 de
1027 4061 1080 4106 me,
1124 4044 1213 4115 πατήρ.

443 4138 491 4201 qui
506 4137 580 4186 misit
594 4149 653 4197 me,
668 4136 760 4187 Pater.
1163 4139 1207 4189 19.
1231 4133 1320 4206 ἔλεγον
1338 4129 1382 4188 οὖν
1401 4134 1481 4206 αὑτῷ,
1498 4134 1549 4187 iios
1568 4133 1634 4188 ἐστιν
1653 4134 1667 4187 δ
1685 4135 1764 4205 πατήρ

482 4224 522 4274 19.
539 4225 677 4276 Dicebant
694 4237 763 4288 crgo
785 4227 811 4276 ei
839 4238 846 4274 :
872 4224 926 4276 Ubi
940 4231 984 4277 est
998 4233 1081 4290 pater
1123 4241 1180 4287 ccc;
1210 4222 1328 4294 δτικριιη
1359 4221 1468 4288 Ἰησοῦς,
1493 4222 1557 4276 titre
1585 4223 1628 4294 ιρι
1662 4221 1761 4286 οἴδατε,

445 4313 525 4364 tuus?
539 4313 694 4378 Respondit
709 4313 804 4364 iesus:
821 4315 920 4379 Neque
932 4328 977 4366 mc
992 4318 1079 4375 scitis,
1122 4313 1178 4365 οὑτε
1197 4313 1238 4366 τὀτ
1255 4315 1348 4383 πατέρα
1367 4329 1423 4384 μοι·
1445 4312 1466 4366 ει
1484 4312 1528 4384 ιρι
1547 4314 1638 4384 ᾔδειτε,
1659 4313 1700 4364 καὶ
1717 4313 1761 4364 τδν

444 4415 535 4467 neque
561 4404 672 4455 Patrem
699 4415 805 4461 meum;
830 4406 854 4455 si
884 4417 928 4456 me
953 4405 1078 4463 sciretis,
1122 4403 1214 4471 πατέρα
1234 4421 1282 4472 μοι
1300 4405 1330 4454 δν
1350 4403 1440 4474 ᾔδειτε.
1454 4406 1498 4456 ιθ.
1513 4404 1601 4456 Ταῦτα
1618 4400 1649 4452 τι
1665 4400 1763 4471 ῥήματα

442 4490 558 4542 torsitan
581 4498 610 4544 et
635 4494 748 4544 Patrem
773 4505 865 4542 meum
888 4496 1006 4545 sciretis.
1033 4493 1078 4543 ιθ.
1122 4488 1245 4556 ἐλάλησεν
1269 4491 1295 4544 ἐν
1318 4497 1356 4562 τῷ
1381 4489 1570 4562 minutatim,
1591 4490 1712 4542 bibims
1735 4489 1762 4542 ἐν

444 4581 520 4631 Haec
533 4581 618 4631 verba
630 4582 738 4634 locutus
752 4587 795 4633 est
805 4580 883 4632 Iesus
898 4585 927 4632 in
941 4583 1079 4647 gazophy·
1121 4584 1156 4649 τῷ
1174 4579 1242 4650 ἱερῷ·
1257 4580 1300 4632 καὶ
1317 4579 1395 4641 obtata
1413 4578 1511 4633 ἐιτιασει
1530 4577 1615 4643 αὑτὸν,
1631 4580 1670 4631 δτι
1692 4578 1760 4633 οὑτω

443 4670 529 4731 isoio,
552 4671 656 4721 docens
679 4673 707 4721 in
730 4672 848 4734 ternp10;
869 4673 896 4721 et
918 4685 1001 4723 neruo
1027 4685 1078 4735 ap-
1121 4667 1239 4735 ἐληλὺιτι
1255 4666 1271 4735 ἣ
1289 4670 1342 4740 ὥρα
1356 4668 1439 4721 αὑτοῦ.
1461 4673 1504 4722 ιι.
1522 4665 1601 4720 Εἶπεν
1625 4662 1669 4720 etv
1687 4668 1761 4722 πάλιν

444 4759 590 4822 prehendit
600 4761 749 4824 eumenia
759 4760 876 4810 necdum
886 4764 1000 4811 venerat
1010 4763 1080 4812 hora
1121 4756 1215 4821 αὑτοῖς,
1240 4756 1310 4829 Ἐγὼ
1326 4758 1428 4829 ὑπάγω,
1449 4759 1491 4810 και
1513 4757 1633 4823 ζητήσετέ
1653 4777 1697 4829 με,
1718 4759 1760 4810 και

444 4848 514 4899 eius.
531 4849 574 4899 ι1.
596 4848 673 4898 Dixit
694 4862 763 4913 ergo
786 4851 886 4900 iterum
906 4848 948 4899 eis
972 4848 1077 4901 lesus:
1121 4843 1194 4918 ιντῇ
1217 4846 1326 4918 ἅραρτιρ
1342 4849 1412 4917 ὑμῶν
1431 4847 1606 4902 interiisti·
1625 4848 1688 4902 δτι-τ
1710 4846 1762 4917 ιγὼ

444 4935 505 5001 itgc
526 4938 608 4999 rado,
629 4942 658 4988 et
680 4940 822 5002 quaeretis
839 4950 897 4997 me,
914 4942 943 4988 et
964 4939 993 4988 in
1012 4952 1079 5002 pec·
1119 4936 1223 5008 ὑπάγω,
1243 4936 1314 5008 ὑμεῖς
1331 4936 1357 4990 οὑ
1376 4933 1481 4991 tincta
1503 4934 1596 4990 titiis.
1611 4941 1657 4992 ιι.
1676 4936 1763 5006 ἔλεγον
