4116 5648
770 366 851 411 roau.
866 350 1036 426 ‘iffi-27·
1505 349 1563 410 463

238 505 328 564 Patre
347 498 536 578 procedens.
548 506 692 590 ⁸llemum
717 507 807 579 urget
827 502 912 563 lans.
931 499 993 560 dici
1018 499 1091 579 παρὰ
1113 525 1139 557 τ.
1164 501 1200 559 ll.
1219 517 1282 560 non
1305 499 1334 554 ἐκ
1358 521 1384 556 τ.
1412 503 1451 570 [1;
1475 501 1561 580 quod

236 599 410 662 discrimen
429 596 508 661 nihil
524 605 633 662 tamen
648 597 758 671 retert3
775 617 848 661 nam
868 596 942 677 παρὰ
965 614 1066 675 aeque
1087 597 1212 664 dicitur,
1234 604 1269 658 ut
1291 596 1488 675 significetur
1507 601 1564 660 ali·

236 711 333 776 quem
346 693 385 753 ab
402 695 538 760 alicuius
553 699 652 757 latere
667 695 717 755 vel
735 699 806 759 sinu
823 714 908 764 esse,
925 695 1049 769 venire;
1064 695 1102 756 cl.
1122 697 1209 762 l.ll;
1227 697 1310 766 ouo.
1329 696 1414 755 Aliae
1431 696 1499 754 eius
1515 714 1565 756 ra-

235 794 338 854 tiones
364 809 459 873 supra
482 797 544 855 iam
566 793 645 852 satis
667 795 809 857 exclusae
830 800 915 855 sunt.
938 794 1034 854 Recte
1057 798 1164 852 autem
1185 791 1297 851 addit:
1322 793 1436 870 quodsi
1457 798 1565 852 autem

235 895 326 953 locus
350 889 401 952 hic
428 893 467 954 de
493 890 697 969 processione
721 890 889 971 temporali
915 890 957 949 sit
981 888 1203 967 accipiendus,
1226 894 1350 949 certum
1374 897 1421 950 ost
1446 889 1564 951 includi

234 986 332 1048 etiam
349 990 585 1067 processionem
605 993 766 1051 aeternam
785 991 872 1068 (sim.
894 986 983 1047 Scis.
1004 988 1058 1064 qui
1078 989 1183 1066 primo
1204 993 1236 1046 et
1258 1004 1314 1064 per
1329 1005 1362 1046 se
1379 990 1563 1050 missionem

235 1088 445 1164 temporalem
461 1085 514 1145 hic
526 1085 683 1149 declarari
698 1088 878 1164 existimat).

273 1183 386 1257 Quaeri
409 1186 531 1262 potest,
548 1201 605 1245 cur
626 1185 713 1246 dicat
732 1185 860 1245 solum:
879 1183 934 1261 qui
953 1200 971 1242 a
993 1184 1082 1242 Patre
1098 1182 1263 1261 procedit?
1280 1183 1450 1260 respondet
1463 1182 1560 1243 llatd.

234 1298 300 1343 non
319 1282 437 1342 dixisse
458 1296 476 1339 a
499 1298 533 1341 se
558 1282 730 1360 procedere
754 1282 828 1359 quia
851 1280 882 1339 id
898 1280 982 1359 apud
1006 1279 1154 1339 homines
1174 1280 1273 1358 magis
1298 1280 1443 1340 urinuere
1466 1298 1562 1357 quam

234 1376 459 1440 commendare
472 1379 631 1456 potuisset
644 1379 712 1439 eius
723 1378 955 1439 testimonium.
971 1380 1115 1438 Fortasse
1132 1377 1248 1436 melius
1263 1378 1395 1445 dixeris,
1410 1379 1472 1437 iam
1486 1379 1562 1438 satis

234 1473 412 1537 indicatum
431 1493 500 1537 esse
516 1476 674 1556 Spiritum
689 1493 707 1535 a
721 1475 801 1537 Filio
817 1493 946 1554 quoque
960 1474 1148 1553 procedere,
1165 1492 1259 1551 aquo
1275 1475 1343 1535 scil.
1362 1476 1515 1536 mittatur.

276 1687 374 1755 Tanti
400 1689 520 1779 itaque
550 1686 718 1755 adiutoria
745 1688 975 1755 testimonium
1003 1688 1159 1754 redditur
1182 1688 1328 1754 Christo.
1355 1694 1424 1766 Quo
1443 1689 1560 1755 audito

234 1792 341 1862 animi
366 1793 616 1885 discipulorum
644 1794 880 1862 confortantur
903 1802 937 1861 et
966 1795 1118 1885 proiecto
1142 1817 1268 1881 magno
1289 1795 1358 1862 iam
1385 1795 1560 1863 alacritate

233 1908 462 1990 perceperunt
485 1923 526 1969 ac
549 1901 744 1968 salutarunt
763 1902 906 1969 verbum
928 1901 1054 1968 Christi
1074 1901 1167 1990 quod
1188 1900 1287 1967 addit
1316 1924 1347 1968 v.
1381 1908 1422 1966 27
1450 1915 1480 1968 et
1504 1925 1560 1969 uos

233 2005 469 2074 testimonium
483 2006 721 2098 perhibebitis,
739 2008 820 2098 quia
836 2011 878 2075 ab
895 2008 997 2074 initio
1011 2029 1139 2074 mecum
1161 2008 1262 2093 estr's‚·
1273 2030 1352 2074 nam
1368 2009 1468 2074 simul
1482 2032 1559 2076 curn

232 2111 294 2180 tali
315 2117 399 2181 teste
426 2114 545 2210 qualis¹
560 2121 609 2182 est
633 2114 777 2204 Spiritus
801 2123 940 2182 sanctus
966 2114 1200 2182 testimonium
1232 2114 1315 2179 dare
1346 2114 1490 2181 maxime
1510 2122 1559 2182 est

234 2224 364 2303 tutum,
396 2219 800 2304 honorificentissimum,
834 2221 869 2287 in
897 2222 1031 2288 animos
1062 2221 1240 2288 hominurn
1271 2221 1556 2289 efficacissimum.

234 2329 358 2393 Eorum
371 2327 604 2405 testimonium
625 2328 761 2395 testium
783 2329 999 2396 oculatorum
1019 2328 1147 2394 mundo
1164 2327 1353 2395 exhibitum
1370 2337 1418 2394 est
1438 2351 1445 2394 :
1466 2329 1559 2419 quod

234 2431 446 2512 audivimm,
464 2417 558 2523 quod
573 2433 721 2502 vidimus
735 2435 844 2501 oculis
863 2435 1003 2513 nostris,
1025 2434 1116 2523 quod
1134 2435 1366 2523 perspeximus
1386 2440 1417 2501 et
1438 2457 1560 2503 manus

233 2545 367 2607 nostrae
385 2544 683 2609 contrectaverunt
702 2542 734 2631 (l
753 2547 846 2609 loau.
872 2543 961 2630 1,t);
982 2542 1025 2607 cl.
1047 2546 1116 2607 Act.
1144 2546 1256 2620 tour.
1280 2547 1338 2619 a23
1364 2548 1397 2607 et
1421 2549 1560 2632 propter

233 2647 299 2713 hoc
320 2648 554 2715 testimonium
573 2654 690 2716 Petrus
710 2650 747 2716 in
769 2649 883 2716 locum
906 2649 1009 2715 ludae
1031 2647 1229 2735 eligendum
1255 2670 1325 2713 osse
1352 2648 1456 2714 aliurn
1477 2649 1559 2716 dicit

233 2776 273 2822 ex
292 2752 346 2820 his
363 2752 446 2821 viris
463 2755 523 2845 qui
538 2754 719 2822 nobiscum
739 2762 817 2822 sunt
829 2754 1031 2841 congregati
1049 2755 1313 2842 omnitempore
1333 2777 1401 2843 quo
1420 2755 1560 2821 intravit

232 2864 267 2927 et
283 2859 388 2928 exivit
404 2861 494 2928 iuter
510 2883 572 2928 nos
590 2862 752 2930 Dominus
771 2868 863 2930 lesus
880 2861 1048 2950 incipiens
1069 2884 1089 2927 a
1110 2861 1313 2949 baptismate
1336 2863 1470 2926 loannis
1494 2868 1557 2929 etc.

232 2969 304 3033 liet.
324 2966 528 3054 1‚21;uude
546 2970 588 3035 ab
610 2967 713 3035 initio
733 2969 788 3035 ἀπ’
808 2972 924 3056 ἀρχῆς,
949 2969 993 3033 ab
1008 2967 1104 3033 initio
1125 2967 1214 3033 vitae
1236 2967 1396 3055 publicae
1416 2968 1556 3048 Christi,

232 3070 311 3138 vide
326 3076 404 3140 Luc.
425 3080 497 3154 1,2;
519 3079 611 3158 323,
627 3079 698 3143 llct.
721 3082 833 3154 10,37.
850 3074 954 3141 Adest
971 3073 1085 3163 itaque
1101 3074 1332 3141 testimonium
1354 3075 1556 3156 humanum,

233 3179 330 3246 adest
346 3180 581 3247 testimonium
601 3180 769 3262 divinum.
788 3187 975 3269 Utrumque
997 3187 1172 3269 permanet
1191 3182 1226 3246 in
1244 3180 1400 3247 Ecclesia.
1425 3183 1559 3249 Revela-

233 3284 361 3354 tionem
376 3286 503 3353 iactam
519 3309 589 3353 esse
609 3287 778 3377 probatur
800 3286 1012 3354 documentis
1029 3287 1212 3367 historicis;
1230 3287 1289 3354 sed
1312 3287 1356 3353 ad
1373 3287 1474 3354 fidem
1490 3311 1559 3356 non

234 3392 434 3482 pervenitur
448 3393 514 3460 nisi
528 3393 642 3479 gratia
656 3396 713 3461 [lei
730 3393 908 3462 adiutrice.

353 3655 359 3673 r
397 3617 425 3684 t)
446 3621 493 3671 De
512 3619 802 3682 persecutionibus
821 3623 856 3672 et
874 3619 1063 3672 testimonio
1083 3619 1229 3683 Spiritus
1252 3619 1398 3684 tar-15.

273 3796 345 3856 16,1.
364 3795 567 3848 Haeclocutus
584 3811 647 3848 sum
667 3798 875 3859 vobis,utn0n
958 3798 998 3850 l6.
1030 3799 1051 3847 l.
1083 3797 1167 3854 Tala
1195 3794 1323 3858 λελάληκα
1358 3793 1431 3862 ὑμῖν.
1458 3795 1500 3845 ἵνα
1525 3794 1558 3865 μὴ

233 3884 472 3936 scandalizemini.
489 3886 515 3936 2.
538 3885 652 3950 Absque
669 3890 821 3951 synagogis
833 3888 876 3937 ia·
919 3883 1124 3947 σκανδαλισθῆτε.
1156 3888 1180 3935 ⁶1.
1212 3882 1420 3952 ἆποσνναγώγονς
1439 3885 1556 3949 ποιήσον-

233 3975 309 4026 cient
320 3974 448 4033 v08;sed
462 3976 659 4026 venIthoraut
671 3978 761 4026 omnis
774 3980 821 4041 qui
832 3979 876 4026 in·
919 3993 957 4024 σιν
982 3972 1055 4043 ὑμᾶς·
1087 3972 1147 4022 ἀλλ’
1177 3972 1277 4045 ἔρχεται
1305 3974 1373 4041 ὥρα,
1401 3974 1443 4023 iaz
1474 3977 1518 4035 ,τὶς
1544 3974 1558 4027 d

233 4061 334 4114 teriicit
347 4075 408 4123 vos,
418 4063 568 4114 arbitretur
578 4064 783 4128 obsequiumse
794 4079 875 4128 prue-
919 4062 1063 4122 ἀποκτείνας
1089 4061 1169 4129 νῦμᾶςὶ
1190 4062 1248 4133 δόξῃ
1273 4061 1388 4130 λατρείαν
1418 4064 1558 4132 προσφέρειν

234 4153 309 4203 stare
322 4151 391 4202 Deo.
415 4150 440 4200 3.
458 4153 877 4217 Ethaeciaeientvobis,quia
919 4156 954 4220 τῷ
972 4148 1038 4219 θεῷ.
1061 4154 1086 4202 i.
1117 4151 1157 4200 xxi
1185 4154 1262 4202 tzitta
1290 4151 1432 4214 ποιήσουσιν
1458 4153 1496 4202 ὅτι
1515 4151 1559 4204 οὖν,

235 4253 291 4290 non
311 4244 449 4290 noverunt
465 4240 577 4291 Patrem
597 4254 689 4305 neque
704 4255 757 4291 me.
778 4242 803 4291 l.
820 4241 876 4292 Sed
920 4239 1033 4309 ἔγνωσαν
1062 4239 1104 4290 τὸν
1135 4240 1227 4308 πιτέρν
1266 4239 1321 4290 exii}
1352 4240 1403 4308 ἐμὲ.
1441 4245 1463 4293 t.
1492 4239 1558 4293 itit

234 4330 304 4380 haec
318 4329 428 4380 locutus
441 4329 654 4395 sumvobls‚ut
668 4344 754 4395 quum
769 4333 876 4381 venerit
919 4332 995 4380 raim
1023 4329 1149 4392 λελάληκα
1177 4328 1251 4395 ὑμῖν,
1280 4329 1337 4381 ira.
1368 4330 1427 4379 isar
1456 4329 1557 4400 {tupi

235 4419 876 4485 lioraeorum‚reminlscamtniquiaegodrxi
918 4420 970 4486 ὥρα
1000 4417 1078 4470 αὑτῶν
1108 4418 1276 4486 μνημονεύητε
1312 4417 1409 4477 altor,
1439 4421 1477 4470 ὅτι
1508 4419 1557 4492 ἐγὼ

235 4507 325 4559 Vobis.
919 4504 988 4558 siros
1003 4507 1069 4576 ‘epia'

271 4597 298 4645 5.
314 4596 493 4649 Haecautem
506 4598 874 4658 vobtsabinitiononotxi,
956 4602 979 4649 5.
1002 4601 1078 4647 :aiu
1105 4597 1129 4648 δὲ
1155 4597 1213 4665 'again
1244 4596 1266 4657 ἐξ
1296 4591 1373 4667 ἆρχιῇς
1398 4596 1441 4646 037.
1469 4595 1554 4662 εἷπον,

235 4686 875 4750 quiavobiscumerarn;etnuncvadoadcum
919 4687 956 4736 ὅτι
977 4684 1034 4754 μεθ’
1062 4684 1129 4755 iptio
1156 4684 1228 4756 ἥμην,
1259 4689 1297 4735 νῦν
1330 4685 1355 4736 δὲ
1384 4685 1470 4754 ὑπάγω
1498 4686 1556 4756 πρὸς

235 4775 283 4840 qui
298 4775 374 4825 mialt
386 4788 439 4834 mc,
452 4782 617 4828 otnemocx
630 4778 709 4827 vobis
723 4779 874 4842 interrogat
919 4775 962 4826 τὀν
981 4777 1106 4845 πέμψαντά
1128 4795 1172 4844 με,
1193 4775 1233 4826 ναὶ
1252 4774 1330 4835 οὐδεὶς
1351 4774 1373 4835 ἐξ
1391 4775 1458 4845 ὑμῶν
1479 4775 1557 4844 ἐρωτᾷ
