<?xml version="1.0" encoding="UTF-8"?>
<!DOCTYPE html PUBLIC "-//W3C//DTD XHTML 1.0 Transitional//EN"
    "http://www.w3.org/TR/xhtml1/DTD/xhtml1-transitional.dtd">
<html xmlns="http://www.w3.org/1999/xhtml" xml:lang="en" lang="en">
 <head>
  <title>
</title>
<meta http-equiv="Content-Type" content="text/html;charset=utf-8" />
  <meta name='ocr-system' content='tesseract 3.04.00' />
  <meta name='ocr-capabilities' content='ocr_page ocr_carea ocr_par ocr_line ocrx_word'/>
</head>
<body>
  <div class='ocr_page' id='page_1' title='image "./commentariusinq00knabgoog_0311.png"; bbox 0 0 4050 5648; ppageno 0'>
   <div class='ocr_carea' id='block_1_1' title="bbox 202 631 1673 817">
    <p class='ocr_par' dir='ltr' id='par_1_1' title="bbox 202 631 1673 817">
     <span class='ocr_line' id='line_1_1' title="bbox 202 631 1673 724; baseline 0.001 -31"><span class='ocrx_word' id='word_1_1' title='bbox 202 638 225 724; x_wconf 60' lang='lat' dir='ltr'><strong>’J</strong></span> <span class='ocrx_word' id='word_1_2' title='bbox 268 635 285 665; x_wconf 89' lang='lat'><strong>&#39;·</strong></span> <span class='ocrx_word' id='word_1_3' title='bbox 351 633 548 713; x_wconf 90' lang='lat' dir='ltr'><strong>spiritualem</strong></span> <span class='ocrx_word' id='word_1_4' title='bbox 562 638 652 718; x_wconf 88' lang='lat' dir='ltr'><strong>quasi</strong></span> <span class='ocrx_word' id='word_1_5' title='bbox 667 631 886 711; x_wconf 77' lang='lat' dir='ltr'><strong>cognationem</strong></span> <span class='ocrx_word' id='word_1_6' title='bbox 901 635 1053 717; x_wconf 83' lang='lat' dir='ltr'><strong>profiteri.</strong></span> <span class='ocrx_word' id='word_1_7' title='bbox 1068 632 1155 697; x_wconf 87' lang='lat' dir='ltr'>Unde</span> <span class='ocrx_word' id='word_1_8' title='bbox 1172 631 1205 693; x_wconf 92' lang='lat' dir='ltr'><strong>in</strong></span> <span class='ocrx_word' id='word_1_9' title='bbox 1217 631 1361 694; x_wconf 91' lang='lat' dir='ltr'><strong>membro</strong></span> <span class='ocrx_word' id='word_1_10' title='bbox 1375 637 1539 712; x_wconf 90' lang='lat' dir='ltr'><strong>opposito,</strong></span> <span class='ocrx_word' id='word_1_11' title='bbox 1558 632 1579 692; x_wconf 90' lang='lat' dir='ltr'><strong>i.</strong></span> <span class='ocrx_word' id='word_1_12' title='bbox 1594 649 1623 692; x_wconf 92' lang='lat' dir='ltr'><strong>e.</strong></span> <span class='ocrx_word' id='word_1_13' title='bbox 1639 634 1673 694; x_wconf 94' lang='lat' dir='ltr'><strong>in</strong></span> 
     </span>
     <span class='ocr_line' id='line_1_2' title="bbox 209 729 1673 817; baseline -0.004 -24"><span class='ocrx_word' id='word_1_14' title='bbox 209 788 212 793; x_wconf 91' lang='grc'><em>,</em></span> <span class='ocrx_word' id='word_1_15' title='bbox 334 731 576 810; x_wconf 69' lang='grc' dir='ltr'>,[οωίοαῐίοηο,</span> <span class='ocrx_word' id='word_1_16' title='bbox 593 751 631 794; x_wconf 82' lang='lat' dir='ltr'><strong>ex</strong></span> <span class='ocrx_word' id='word_1_17' title='bbox 644 746 706 806; x_wconf 89' lang='lat' dir='ltr'><strong>qua</strong></span> <span class='ocrx_word' id='word_1_18' title='bbox 721 736 837 817; x_wconf 82' lang='lat' dir='ltr'><strong>negant</strong></span> <span class='ocrx_word' id='word_1_19' title='bbox 851 751 885 796; x_wconf 91' lang='lat' dir='ltr'><strong>se</strong></span> <span class='ocrx_word' id='word_1_20' title='bbox 906 752 975 797; x_wconf 87' lang='lat' dir='ltr'><strong>essa</strong></span> <span class='ocrx_word' id='word_1_21' title='bbox 996 739 1104 803; x_wconf 90' lang='lat' dir='ltr'><strong>natos,</strong></span> <span class='ocrx_word' id='word_1_22' title='bbox 1124 745 1237 791; x_wconf 87' lang='lat' dir='ltr'><strong>sensus</strong></span> <span class='ocrx_word' id='word_1_23' title='bbox 1252 729 1357 790; x_wconf 91' lang='lat' dir='ltr'><strong>solum</strong></span> <span class='ocrx_word' id='word_1_24' title='bbox 1375 734 1589 808; x_wconf 87' lang='lat' dir='ltr'><strong>potestesse:</strong></span> <span class='ocrx_word' id='word_1_25' title='bbox 1608 745 1673 788; x_wconf 92' lang='lat' dir='ltr'><strong>non</strong></span> 
     </span>
    </p>
   </div>
   <div class='ocr_carea' id='block_1_2' title="bbox 350 826 1675 1300">
    <p class='ocr_par' dir='ltr' id='par_1_2' title="bbox 350 826 1675 1300">
     <span class='ocr_line' id='line_1_3' title="bbox 351 826 1670 911; baseline -0.005 -20"><span class='ocrx_word' id='word_1_26' title='bbox 351 829 507 896; x_wconf 87' lang='lat' dir='ltr'><strong>hahemus</strong></span> <span class='ocrx_word' id='word_1_27' title='bbox 521 849 579 894; x_wconf 90' lang='lat' dir='ltr'><strong>nos</strong></span> <span class='ocrx_word' id='word_1_28' title='bbox 593 826 692 887; x_wconf 91' lang='lat' dir='ltr'><strong>alium</strong></span> <span class='ocrx_word' id='word_1_29' title='bbox 708 827 804 891; x_wconf 89' lang='lat' dir='ltr'><strong>deum</strong></span> <span class='ocrx_word' id='word_1_30' title='bbox 820 835 956 911; x_wconf 87' lang='lat' dir='ltr'><strong>patrem.</strong></span> <span class='ocrx_word' id='word_1_31' title='bbox 973 834 1052 893; x_wconf 89' lang='lat' dir='ltr'><strong>Nam</strong></span> <span class='ocrx_word' id='word_1_32' title='bbox 1065 831 1175 905; x_wconf 91' lang='lat' dir='ltr'><strong>aperte</strong></span> <span class='ocrx_word' id='word_1_33' title='bbox 1189 829 1272 890; x_wconf 90' lang='lat' dir='ltr'><strong>inter</strong></span> <span class='ocrx_word' id='word_1_34' title='bbox 1292 843 1325 886; x_wconf 89' lang='lat' dir='ltr'><strong>sc</strong></span> <span class='ocrx_word' id='word_1_35' title='bbox 1340 828 1536 905; x_wconf 87' lang='lat' dir='ltr'><strong>respondent</strong></span> <span class='ocrx_word' id='word_1_36' title='bbox 1549 827 1647 901; x_wconf 77' lang='lat' dir='ltr'><strong>rerba</strong></span> <span class='ocrx_word' id='word_1_37' title='bbox 1663 843 1670 884; x_wconf 92' lang='lat'>:</span> 
     </span>
     <span class='ocr_line' id='line_1_4' title="bbox 350 922 1674 1008; baseline -0.008 -15"><span class='ocrx_word' id='word_1_38' title='bbox 350 936 472 1008; x_wconf 90' lang='lat' dir='ltr'><strong>patrem</strong></span> <span class='ocrx_word' id='word_1_39' title='bbox 487 929 604 989; x_wconf 86' lang='lat' dir='ltr'><strong>hahere</strong></span> <span class='ocrx_word' id='word_1_40' title='bbox 620 928 653 985; x_wconf 93' lang='lat' dir='ltr'><strong>et</strong></span> <span class='ocrx_word' id='word_1_41' title='bbox 671 931 761 989; x_wconf 90' lang='lat' dir='ltr'><strong>natos</strong></span> <span class='ocrx_word' id='word_1_42' title='bbox 776 945 857 990; x_wconf 88' lang='lat' dir='ltr'><strong>asse.</strong></span> <span class='ocrx_word' id='word_1_43' title='bbox 873 930 975 1002; x_wconf 86' lang='lat' dir='ltr'><strong>Quare</strong></span> <span class='ocrx_word' id='word_1_44' title='bbox 989 924 1115 988; x_wconf 78' lang='lat' dir='ltr'><strong>admitti</strong></span> <span class='ocrx_word' id='word_1_45' title='bbox 1131 927 1242 1005; x_wconf 86' lang='lat' dir='ltr'><strong>nequit</strong></span> <span class='ocrx_word' id='word_1_46' title='bbox 1261 922 1347 1004; x_wconf 86' lang='lat' dir='ltr'><strong>quod</strong></span> <span class='ocrx_word' id='word_1_47' title='bbox 1365 922 1486 1002; x_wconf 81' lang='lat' dir='ltr'>placuit</span> <span class='ocrx_word' id='word_1_48' title='bbox 1500 927 1572 989; x_wconf 90' lang='lat' dir='ltr'><strong>aliis</strong></span> <span class='ocrx_word' id='word_1_49' title='bbox 1588 944 1595 986; x_wconf 93' lang='lat'>:</span> <span class='ocrx_word' id='word_1_50' title='bbox 1613 940 1674 986; x_wconf 91' lang='lat' dir='ltr'><strong>nos</strong></span> 
     </span>
     <span class='ocr_line' id='line_1_5' title="bbox 350 1021 1673 1105; baseline -0.005 -15"><span class='ocrx_word' id='word_1_51' title='bbox 350 1045 414 1090; x_wconf 91' lang='lat' dir='ltr'><strong>non</strong></span> <span class='ocrx_word' id='word_1_52' title='bbox 429 1041 542 1089; x_wconf 89' lang='lat' dir='ltr'><strong>sumus</strong></span> <span class='ocrx_word' id='word_1_53' title='bbox 558 1022 615 1082; x_wconf 89' lang='lat' dir='ltr'><strong>lilii</strong></span> <span class='ocrx_word' id='word_1_54' title='bbox 632 1025 723 1103; x_wconf 79' lang='lat' dir='ltr'><strong>Agar,</strong></span> <span class='ocrx_word' id='word_1_55' title='bbox 735 1026 947 1088; x_wconf 84' lang='lat' dir='ltr'><strong>velCethurae</strong></span> <span class='ocrx_word' id='word_1_56' title='bbox 966 1022 1089 1105; x_wconf 61' lang='lat' dir='ltr'><strong>(Ruga),</strong></span> <span class='ocrx_word' id='word_1_57' title='bbox 1106 1040 1211 1103; x_wconf 92' lang='lat' dir='ltr'><strong>neque</strong></span> <span class='ocrx_word' id='word_1_58' title='bbox 1227 1024 1282 1084; x_wconf 87' lang='lat' dir='ltr'><strong>tilii</strong></span> <span class='ocrx_word' id='word_1_59' title='bbox 1300 1021 1394 1083; x_wconf 89' lang='lat' dir='ltr'><strong>Sarae</strong></span> <span class='ocrx_word' id='word_1_60' title='bbox 1412 1038 1451 1083; x_wconf 86' lang='lat' dir='ltr'><strong>ex</strong></span> <span class='ocrx_word' id='word_1_61' title='bbox 1465 1021 1565 1085; x_wconf 91' lang='lat' dir='ltr'><strong>altero</strong></span> <span class='ocrx_word' id='word_1_62' title='bbox 1584 1027 1673 1104; x_wconf 88' lang='lat' dir='ltr'><strong>patre</strong></span> 
     </span>
     <span class='ocr_line' id='line_1_6' title="bbox 351 1117 1674 1206; baseline -0.004 -20"><span class='ocrx_word' id='word_1_63' title='bbox 351 1124 532 1206; x_wconf 74' lang='lat' dir='ltr'><strong>(Erasmus,</strong></span> <span class='ocrx_word' id='word_1_64' title='bbox 555 1117 666 1199; x_wconf 76' lang='lat' dir='ltr'><strong>Weiss,</strong></span> <span class='ocrx_word' id='word_1_65' title='bbox 680 1123 766 1202; x_wconf 64' lang='lat' dir='ltr'><strong>alii),</strong></span> <span class='ocrx_word' id='word_1_66' title='bbox 781 1140 886 1202; x_wconf 90' lang='lat' dir='ltr'><strong>nequa</strong></span> <span class='ocrx_word' id='word_1_67' title='bbox 905 1121 968 1183; x_wconf 92' lang='lat' dir='ltr'><strong>dici</strong></span> <span class='ocrx_word' id='word_1_68' title='bbox 990 1124 1096 1198; x_wconf 87' lang='lat' dir='ltr'><strong>potest</strong></span> <span class='ocrx_word' id='word_1_69' title='bbox 1114 1138 1169 1183; x_wconf 89' lang='lat' dir='ltr'><strong>eos</strong></span> <span class='ocrx_word' id='word_1_70' title='bbox 1188 1121 1270 1183; x_wconf 86' lang='lat' dir='ltr'><strong>velle</strong></span> <span class='ocrx_word' id='word_1_71' title='bbox 1288 1119 1383 1181; x_wconf 88' lang='lat' dir='ltr'><strong>tacite</strong></span> <span class='ocrx_word' id='word_1_72' title='bbox 1398 1120 1504 1181; x_wconf 87' lang='lat' dir='ltr'><strong>lesum</strong></span> <span class='ocrx_word' id='word_1_73' title='bbox 1526 1137 1674 1183; x_wconf 91' lang='lat' dir='ltr'><strong>accusare</strong></span> 
     </span>
     <span class='ocr_line' id='line_1_7' title="bbox 351 1205 1675 1300; baseline -0.003 -18"><span class='ocrx_word' id='word_1_74' title='bbox 351 1219 439 1300; x_wconf 88' lang='lat' dir='ltr'><strong>quasi</strong></span> <span class='ocrx_word' id='word_1_75' title='bbox 454 1235 493 1279; x_wconf 81' lang='lat' dir='ltr'><strong>ex</strong></span> <span class='ocrx_word' id='word_1_76' title='bbox 508 1217 715 1281; x_wconf 78' lang='lat' dir='ltr'><strong>fornicatione</strong></span> <span class='ocrx_word' id='word_1_77' title='bbox 731 1205 860 1294; x_wconf 85' lang='lat' dir='ltr'><strong>natum,</strong></span> <span class='ocrx_word' id='word_1_78' title='bbox 879 1219 1019 1279; x_wconf 87' lang='lat' dir='ltr'><strong>dicentes</strong></span> <span class='ocrx_word' id='word_1_79' title='bbox 1039 1236 1094 1278; x_wconf 83' lang='lat' dir='ltr'><strong>nos</strong></span> <span class='ocrx_word' id='word_1_80' title='bbox 1112 1237 1178 1281; x_wconf 93' lang='lat' dir='ltr'><strong>non</strong></span> <span class='ocrx_word' id='word_1_81' title='bbox 1195 1219 1263 1280; x_wconf 92' lang='lat' dir='ltr'><strong>nati</strong></span> <span class='ocrx_word' id='word_1_82' title='bbox 1277 1232 1389 1279; x_wconf 90' lang='lat' dir='ltr'><strong>snmus</strong></span> <span class='ocrx_word' id='word_1_83' title='bbox 1404 1235 1443 1279; x_wconf 88' lang='lat' dir='ltr'><strong>ax</strong></span> <span class='ocrx_word' id='word_1_84' title='bbox 1464 1216 1675 1281; x_wconf 79' lang='lat' dir='ltr'><strong>fornicatione</strong></span> 
     </span>
    </p>
   </div>
   <div class='ocr_carea' id='block_1_3' title="bbox 254 1312 1771 1492">
    <p class='ocr_par' dir='ltr' id='par_1_3' title="bbox 254 1312 1771 1492">
     <span class='ocr_line' id='line_1_8' title="bbox 254 1312 1677 1398; baseline -0.003 -20"><span class='ocrx_word' id='word_1_85' title='bbox 254 1363 256 1367; x_wconf 13' lang='lat' dir='ltr'><strong>a</strong></span> <span class='ocrx_word' id='word_1_86' title='bbox 351 1316 401 1395; x_wconf 88' lang='lat' dir='ltr'><strong>(cl.</strong></span> <span class='ocrx_word' id='word_1_87' title='bbox 419 1312 472 1376; x_wconf 84' lang='lat' dir='ltr'><strong>Or.</strong></span> <span class='ocrx_word' id='word_1_88' title='bbox 491 1313 564 1398; x_wconf 81' lang='lat' dir='ltr'><strong>Cyr.</strong></span> <span class='ocrx_word' id='word_1_89' title='bbox 581 1315 681 1378; x_wconf 78' lang='lat' dir='ltr'><strong>Eutlt.</strong></span> <span class='ocrx_word' id='word_1_90' title='bbox 703 1315 836 1397; x_wconf 79' lang='lat' dir='ltr'><strong>Ttom.);</strong></span> <span class='ocrx_word' id='word_1_91' title='bbox 852 1315 930 1398; x_wconf 85' lang='lat' dir='ltr'><strong>haec</strong></span> <span class='ocrx_word' id='word_1_92' title='bbox 944 1315 1030 1375; x_wconf 91' lang='lat' dir='ltr'><strong>enim</strong></span> <span class='ocrx_word' id='word_1_93' title='bbox 1049 1316 1208 1377; x_wconf 90' lang='lat' dir='ltr'><strong>calumnia</strong></span> <span class='ocrx_word' id='word_1_94' title='bbox 1223 1317 1294 1377; x_wconf 90' lang='lat' dir='ltr'><strong>lesu</strong></span> <span class='ocrx_word' id='word_1_95' title='bbox 1309 1330 1375 1377; x_wconf 94' lang='lat' dir='ltr'><strong>non</strong></span> <span class='ocrx_word' id='word_1_96' title='bbox 1392 1318 1442 1377; x_wconf 88' lang='lat' dir='ltr'><strong>est</strong></span> <span class='ocrx_word' id='word_1_97' title='bbox 1455 1314 1598 1394; x_wconf 88' lang='lat' dir='ltr'><strong>impacta</strong></span> <span class='ocrx_word' id='word_1_98' title='bbox 1611 1315 1677 1376; x_wconf 89' lang='lat' dir='ltr'><strong>nisi</strong></span> 
     </span>
     <span class='ocr_line' id='line_1_9' title="bbox 351 1412 1771 1492; baseline -0.001 -20"><span class='ocrx_word' id='word_1_99' title='bbox 351 1413 569 1492; x_wconf 91' lang='lat' dir='ltr'><strong>postmodum.</strong></span> <span class='ocrx_word' id='word_1_100' title='bbox 586 1415 734 1476; x_wconf 84' lang='lat' dir='ltr'><strong>Ceterum</strong></span> <span class='ocrx_word' id='word_1_101' title='bbox 755 1412 845 1475; x_wconf 92' lang='lat' dir='ltr'><strong>nullo</strong></span> <span class='ocrx_word' id='word_1_102' title='bbox 863 1412 960 1472; x_wconf 91' lang='lat' dir='ltr'><strong>modo</strong></span> <span class='ocrx_word' id='word_1_103' title='bbox 981 1429 1158 1492; x_wconf 87' lang='lat' dir='ltr'><strong>congruum</strong></span> <span class='ocrx_word' id='word_1_104' title='bbox 1177 1418 1225 1474; x_wconf 89' lang='lat' dir='ltr'><strong>est</strong></span> <span class='ocrx_word' id='word_1_105' title='bbox 1246 1413 1350 1475; x_wconf 89' lang='lat' dir='ltr'><strong>dicere</strong></span> <span class='ocrx_word' id='word_1_106' title='bbox 1370 1429 1378 1472; x_wconf 91' lang='lat'>:</span> <span class='ocrx_word' id='word_1_107' title='bbox 1395 1428 1455 1474; x_wconf 88' lang='lat' dir='ltr'><strong>nos</strong></span> <span class='ocrx_word' id='word_1_108' title='bbox 1476 1429 1540 1474; x_wconf 92' lang='lat' dir='ltr'><strong>non</strong></span> <span class='ocrx_word' id='word_1_109' title='bbox 1561 1428 1675 1472; x_wconf 89' lang='lat' dir='ltr'><strong>sumus</strong></span> <span class='ocrx_word' id='word_1_110' title='bbox 1768 1435 1771 1443; x_wconf 92' lang='lat'>·</span> 
     </span>
    </p>
   </div>
   <div class='ocr_carea' id='block_1_4' title="bbox 351 1508 1675 1591">
    <p class='ocr_par' dir='ltr' id='par_1_4' title="bbox 351 1508 1675 1591">
     <span class='ocr_line' id='line_1_10' title="bbox 351 1508 1675 1591; baseline 0.001 -22"><span class='ocrx_word' id='word_1_111' title='bbox 351 1509 417 1571; x_wconf 90' lang='lat' dir='ltr'><strong>nati</strong></span> <span class='ocrx_word' id='word_1_112' title='bbox 429 1527 467 1572; x_wconf 81' lang='lat' dir='ltr'><strong>ex</strong></span> <span class='ocrx_word' id='word_1_113' title='bbox 487 1515 580 1591; x_wconf 79' lang='lat' dir='ltr'><strong>Agar,</strong></span> <span class='ocrx_word' id='word_1_114' title='bbox 595 1509 647 1572; x_wconf 84' lang='lat' dir='ltr'><strong>vel</strong></span> <span class='ocrx_word' id='word_1_115' title='bbox 659 1528 724 1572; x_wconf 91' lang='lat' dir='ltr'><strong>nou</strong></span> <span class='ocrx_word' id='word_1_116' title='bbox 743 1529 781 1572; x_wconf 81' lang='lat' dir='ltr'><strong>ex</strong></span> <span class='ocrx_word' id='word_1_117' title='bbox 795 1508 906 1571; x_wconf 89' lang='lat' dir='ltr'><strong>ismael</strong></span> <span class='ocrx_word' id='word_1_118' title='bbox 921 1510 971 1571; x_wconf 85' lang='lat' dir='ltr'><strong>vel</strong></span> <span class='ocrx_word' id='word_1_119' title='bbox 987 1527 1050 1572; x_wconf 89' lang='lat' dir='ltr'><strong>non</strong></span> <span class='ocrx_word' id='word_1_120' title='bbox 1062 1527 1102 1572; x_wconf 88' lang='lat' dir='ltr'><strong>ex</strong></span> <span class='ocrx_word' id='word_1_121' title='bbox 1114 1510 1214 1573; x_wconf 91' lang='lat' dir='ltr'><strong>altero</strong></span> <span class='ocrx_word' id='word_1_122' title='bbox 1231 1511 1315 1583; x_wconf 86' lang='lat' dir='ltr'><strong>viro,</strong></span> <span class='ocrx_word' id='word_1_123' title='bbox 1331 1508 1387 1571; x_wconf 89' lang='lat' dir='ltr'><strong>sed</strong></span> <span class='ocrx_word' id='word_1_124' title='bbox 1400 1511 1502 1573; x_wconf 85' lang='lat' dir='ltr'><strong>Deum</strong></span> <span class='ocrx_word' id='word_1_125' title='bbox 1516 1508 1675 1572; x_wconf 90' lang='lat' dir='ltr'><strong>habemus</strong></span> 
     </span>
    </p>
   </div>
   <div class='ocr_carea' id='block_1_5' title="bbox 222 1606 1677 1692">
    <p class='ocr_par' dir='ltr' id='par_1_5' title="bbox 222 1606 1677 1692">
     <span class='ocr_line' id='line_1_11' title="bbox 222 1606 1677 1692; baseline -0.003 -21"><span class='ocrx_word' id='word_1_126' title='bbox 222 1606 226 1618; x_wconf 87' lang='grc'><strong><em>’</em></strong></span> <span class='ocrx_word' id='word_1_127' title='bbox 253 1611 260 1624; x_wconf 86' lang='grc'><em>’</em></span> <span class='ocrx_word' id='word_1_128' title='bbox 350 1612 485 1687; x_wconf 88' lang='lat' dir='ltr'><strong>patrem.</strong></span> <span class='ocrx_word' id='word_1_129' title='bbox 511 1606 693 1671; x_wconf 85' lang='lat' dir='ltr'><strong>Necessario</strong></span> <span class='ocrx_word' id='word_1_130' title='bbox 718 1607 813 1669; x_wconf 91' lang='lat' dir='ltr'><strong>debet</strong></span> <span class='ocrx_word' id='word_1_131' title='bbox 835 1607 867 1666; x_wconf 91' lang='lat' dir='ltr'><strong>in</strong></span> <span class='ocrx_word' id='word_1_132' title='bbox 887 1612 1024 1692; x_wconf 80' lang='lat' dir='ltr'><strong>utroquo</strong></span> <span class='ocrx_word' id='word_1_133' title='bbox 1043 1606 1278 1669; x_wconf 84' lang='lat' dir='ltr'><strong>mambrotalis</strong></span> <span class='ocrx_word' id='word_1_134' title='bbox 1299 1606 1435 1688; x_wconf 77' lang='lat' dir='ltr'><strong>intelligi</strong></span> <span class='ocrx_word' id='word_1_135' title='bbox 1458 1612 1565 1689; x_wconf 75' lang='lat' dir='ltr'><strong>pater,</strong></span> <span class='ocrx_word' id='word_1_136' title='bbox 1583 1607 1677 1669; x_wconf 91' lang='lat' dir='ltr'><strong>cuius</strong></span> 
     </span>
    </p>
   </div>
   <div class='ocr_carea' id='block_1_6' title="bbox 202 1698 1763 1906">
    <p class='ocr_par' dir='ltr' id='par_1_6' title="bbox 202 1698 1763 1906">
     <span class='ocr_line' id='line_1_12' title="bbox 202 1698 1763 1786; baseline -0.003 -18"><span class='ocrx_word' id='word_1_137' title='bbox 202 1748 207 1780; x_wconf 62' lang='lat'>;</span> <span class='ocrx_word' id='word_1_138' title='bbox 351 1700 448 1786; x_wconf 87' lang='lat' dir='ltr'><strong>opera</strong></span> <span class='ocrx_word' id='word_1_139' title='bbox 461 1706 590 1778; x_wconf 83' lang='lat' dir='ltr'><strong>iaciant,</strong></span> <span class='ocrx_word' id='word_1_140' title='bbox 606 1710 698 1785; x_wconf 89' lang='lat' dir='ltr'><strong>pater</strong></span> <span class='ocrx_word' id='word_1_141' title='bbox 712 1706 819 1784; x_wconf 90' lang='lat' dir='ltr'><strong>itaque</strong></span> <span class='ocrx_word' id='word_1_142' title='bbox 831 1722 896 1766; x_wconf 89' lang='lat' dir='ltr'><strong>non</strong></span> <span class='ocrx_word' id='word_1_143' title='bbox 908 1705 1053 1779; x_wconf 87' lang='lat' dir='ltr'><strong>carnalis,</strong></span> <span class='ocrx_word' id='word_1_144' title='bbox 1072 1704 1128 1767; x_wconf 85' lang='lat' dir='ltr'><strong>sed</strong></span> <span class='ocrx_word' id='word_1_145' title='bbox 1139 1705 1326 1784; x_wconf 84' lang='lat' dir='ltr'><strong>spiritualia,</strong></span> <span class='ocrx_word' id='word_1_146' title='bbox 1343 1705 1437 1768; x_wconf 86' lang='lat' dir='ltr'><strong>cuins</strong></span> <span class='ocrx_word' id='word_1_147' title='bbox 1451 1707 1522 1785; x_wconf 86' lang='lat' dir='ltr'><strong>lege</strong></span> <span class='ocrx_word' id='word_1_148' title='bbox 1538 1709 1571 1767; x_wconf 93' lang='lat' dir='ltr'><strong>et</strong></span> <span class='ocrx_word' id='word_1_149' title='bbox 1584 1704 1677 1767; x_wconf 88' lang='lat' dir='ltr'><strong>insti·</strong></span> <span class='ocrx_word' id='word_1_150' title='bbox 1756 1698 1763 1706; x_wconf 70' lang='grc'><em>’</em></span> 
     </span>
     <span class='ocr_line' id='line_1_13' title="bbox 202 1796 889 1906; baseline -0.003 -43"><span class='ocrx_word' id='word_1_151' title='bbox 202 1796 253 1906; x_wconf 24' lang='lat'><strong>³4</strong></span> <span class='ocrx_word' id='word_1_152' title='bbox 351 1805 552 1866; x_wconf 84' lang='lat' dir='ltr'><strong>tutionevita</strong></span> <span class='ocrx_word' id='word_1_153' title='bbox 567 1803 732 1881; x_wconf 89' lang='lat' dir='ltr'><strong>dirigatur.</strong></span> <span class='ocrx_word' id='word_1_154' title='bbox 812 1880 818 1888; x_wconf 87' lang='lat'><em>.</em></span> <span class='ocrx_word' id='word_1_155' title='bbox 887 1805 889 1811; x_wconf 88' lang='grc'><strong>’</strong></span> 
     </span>
    </p>
   </div>
   <div class='ocr_carea' id='block_1_7' title="bbox 354 1989 1688 2214">
    <p class='ocr_par' dir='ltr' id='par_1_7' title="bbox 354 1989 1688 2214">
     <span class='ocr_line' id='line_1_14' title="bbox 395 1989 1688 2113; baseline -0.002 -29"><span class='ocrx_word' id='word_1_156' title='bbox 395 2021 503 2095; x_wconf 83' lang='lat' dir='ltr'><strong>Quam</strong></span> <span class='ocrx_word' id='word_1_157' title='bbox 527 2016 612 2084; x_wconf 79' lang='lat' dir='ltr'><strong>falso</strong></span> <span class='ocrx_word' id='word_1_158' title='bbox 628 2015 837 2085; x_wconf 87' lang='lat' dir='ltr'><strong>contendant</strong></span> <span class='ocrx_word' id='word_1_159' title='bbox 856 2039 892 2083; x_wconf 92' lang='lat' dir='ltr'><strong>se</strong></span> <span class='ocrx_word' id='word_1_160' title='bbox 911 2015 990 2084; x_wconf 91' lang='lat' dir='ltr'><strong>duci</strong></span> <span class='ocrx_word' id='word_1_161' title='bbox 1013 2017 1136 2106; x_wconf 87' lang='lat' dir='ltr'><strong>spiritu</strong></span> <span class='ocrx_word' id='word_1_162' title='bbox 1154 2018 1233 2101; x_wconf 83' lang='lat' dir='ltr'><strong>Dei,</strong></span> <span class='ocrx_word' id='word_1_163' title='bbox 1256 2021 1346 2085; x_wconf 90' lang='lat' dir='ltr'><strong>lesus</strong></span> <span class='ocrx_word' id='word_1_164' title='bbox 1358 1989 1571 2113; x_wconf 86' lang='lat' dir='ltr'><strong>demonstrat</strong></span> <span class='ocrx_word' id='word_1_165' title='bbox 1585 2037 1618 2082; x_wconf 86' lang='lat' dir='ltr'><strong>v.</strong></span> <span class='ocrx_word' id='word_1_166' title='bbox 1634 2017 1688 2081; x_wconf 63' lang='lat' dir='ltr'><strong>ta</strong></span> 
     </span>
     <span class='ocr_line' id='line_1_15' title="bbox 354 2115 1679 2214; baseline -0.001 -23"><span class='ocrx_word' id='word_1_167' title='bbox 354 2115 445 2192; x_wconf 73' lang='lat' dir='ltr'><strong>dicit</strong></span> <span class='ocrx_word' id='word_1_168' title='bbox 458 2145 540 2213; x_wconf 76' lang='lat' dir='ltr'><strong>erqo</strong></span> <span class='ocrx_word' id='word_1_169' title='bbox 556 2121 604 2191; x_wconf 83' lang='lat' dir='ltr'><strong>eir</strong></span> <span class='ocrx_word' id='word_1_170' title='bbox 622 2125 714 2191; x_wconf 84' lang='lat' dir='ltr'><strong>Iesus</strong></span> <span class='ocrx_word' id='word_1_171' title='bbox 729 2145 743 2189; x_wconf 91' lang='lat'><strong>.·</strong></span> <span class='ocrx_word' id='word_1_172' title='bbox 761 2122 792 2190; x_wconf 85' lang='lat' dir='ltr'><strong>si</strong></span> <span class='ocrx_word' id='word_1_173' title='bbox 805 2126 896 2191; x_wconf 83' lang='lat' dir='ltr'><strong>Deus</strong></span> <span class='ocrx_word' id='word_1_174' title='bbox 903 2134 1007 2214; x_wconf 84' lang='lat' dir='ltr'><strong>poter</strong></span> <span class='ocrx_word' id='word_1_175' title='bbox 1024 2135 1133 2191; x_wconf 85' lang='lat' dir='ltr'><strong>vester</strong></span> <span class='ocrx_word' id='word_1_176' title='bbox 1147 2137 1246 2210; x_wconf 84' lang='lat' dir='ltr'><strong>esset,</strong></span> <span class='ocrx_word' id='word_1_177' title='bbox 1265 2121 1587 2212; x_wconf 69' lang='lat' dir='ltr'><strong>diliqereeisoriqoe</strong></span> <span class='ocrx_word' id='word_1_178' title='bbox 1602 2143 1656 2190; x_wconf 90' lang='lat' dir='ltr'><strong>me</strong></span> <span class='ocrx_word' id='word_1_179' title='bbox 1664 2143 1679 2208; x_wconf 92' lang='lat'><em>;</em></span> 
     </span>
    </p>
   </div>
   <div class='ocr_carea' id='block_1_8' title="bbox 352 2226 1792 2324">
    <p class='ocr_par' dir='ltr' id='par_1_8' title="bbox 352 2226 1792 2324">
     <span class='ocr_line' id='line_1_16' title="bbox 352 2226 1792 2324; baseline -0.003 -24"><span class='ocrx_word' id='word_1_180' title='bbox 352 2230 522 2324; x_wconf 75' lang='lat' dir='ltr'><strong>egoenim</strong></span> <span class='ocrx_word' id='word_1_181' title='bbox 540 2251 583 2297; x_wconf 78' lang='lat' dir='ltr'><strong>ec</strong></span> <span class='ocrx_word' id='word_1_182' title='bbox 602 2233 671 2298; x_wconf 85' lang='lat' dir='ltr'><strong>Deo</strong></span> <span class='ocrx_word' id='word_1_183' title='bbox 680 2229 833 2321; x_wconf 82' lang='lat' dir='ltr'><strong>processi</strong></span> <span class='ocrx_word' id='word_1_184' title='bbox 852 2229 999 2315; x_wconf 82' lang='lat' dir='ltr'><strong>et&#39;veai;</strong></span> <span class='ocrx_word' id='word_1_185' title='bbox 1012 2253 1123 2321; x_wconf 78' lang='lat' dir='ltr'><strong>neque</strong></span> <span class='ocrx_word' id='word_1_186' title='bbox 1139 2232 1230 2299; x_wconf 82' lang='lat' dir='ltr'><strong>enim</strong></span> <span class='ocrx_word' id='word_1_187' title='bbox 1244 2253 1267 2298; x_wconf 85' lang='lat' dir='ltr'><strong>a</strong></span> <span class='ocrx_word' id='word_1_188' title='bbox 1280 2229 1420 2320; x_wconf 84' lang='lat' dir='ltr'><strong>meipso</strong></span> <span class='ocrx_word' id='word_1_189' title='bbox 1436 2230 1529 2310; x_wconf 81' lang='lat' dir='ltr'><strong>oeni,</strong></span> <span class='ocrx_word' id='word_1_190' title='bbox 1545 2227 1607 2297; x_wconf 84' lang='lat' dir='ltr'><strong>red</strong></span> <span class='ocrx_word' id='word_1_191' title='bbox 1620 2226 1681 2295; x_wconf 87' lang='lat' dir='ltr'><strong>ille</strong></span> <span class='ocrx_word' id='word_1_192' title='bbox 1782 2305 1792 2319; x_wconf 61' lang='lat'>„</span> 
     </span>
    </p>
   </div>
   <div class='ocr_carea' id='block_1_9' title="bbox 268 2335 1689 4131">
    <p class='ocr_par' dir='ltr' id='par_1_9' title="bbox 268 2335 1689 4131">
     <span class='ocr_line' id='line_1_17' title="bbox 352 2335 1681 2426; baseline -0.005 -19"><span class='ocrx_word' id='word_1_193' title='bbox 352 2360 406 2407; x_wconf 85' lang='lat' dir='ltr'><strong>me</strong></span> <span class='ocrx_word' id='word_1_194' title='bbox 432 2336 546 2421; x_wconf 84' lang='lat' dir='ltr'><strong>misit;</strong></span> <span class='ocrx_word' id='word_1_195' title='bbox 566 2358 646 2404; x_wconf 94' lang='lat' dir='ltr'><strong>nam</strong></span> <span class='ocrx_word' id='word_1_196' title='bbox 666 2357 752 2426; x_wconf 90' lang='lat' dir='ltr'><strong>quos</strong></span> <span class='ocrx_word' id='word_1_197' title='bbox 777 2340 875 2403; x_wconf 89' lang='lat' dir='ltr'><strong>Pater</strong></span> <span class='ocrx_word' id='word_1_198' title='bbox 898 2337 1020 2412; x_wconf 85' lang='lat' dir='ltr'><strong>trahit,</strong></span> <span class='ocrx_word' id='word_1_199' title='bbox 1042 2336 1079 2403; x_wconf 92' lang='lat' dir='ltr'><strong>hi</strong></span> <span class='ocrx_word' id='word_1_200' title='bbox 1096 2337 1239 2405; x_wconf 90' lang='lat' dir='ltr'><strong>veniunt</strong></span> <span class='ocrx_word' id='word_1_201' title='bbox 1257 2336 1301 2404; x_wconf 89' lang='lat' dir='ltr'><strong>ad</strong></span> <span class='ocrx_word' id='word_1_202' title='bbox 1323 2342 1449 2418; x_wconf 89' lang='lat' dir='ltr'><strong>lesum;</strong></span> <span class='ocrx_word' id='word_1_203' title='bbox 1466 2335 1528 2426; x_wconf 92' lang='lat' dir='ltr'><strong>qui</strong></span> <span class='ocrx_word' id='word_1_204' title='bbox 1546 2357 1568 2403; x_wconf 91' lang='lat' dir='ltr'><strong>a</strong></span> <span class='ocrx_word' id='word_1_205' title='bbox 1583 2339 1681 2402; x_wconf 88' lang='lat' dir='ltr'><strong>Patre</strong></span> 
     </span>
     <span class='ocr_line' id='line_1_18' title="bbox 268 2441 1681 2533; baseline -0.003 -21"><span class='ocrx_word' id='word_1_206' title='bbox 268 2443 270 2446; x_wconf 75' lang='grc'><strong>’</strong></span> <span class='ocrx_word' id='word_1_207' title='bbox 354 2443 500 2514; x_wconf 88' lang='lat' dir='ltr'><strong>audiunt</strong></span> <span class='ocrx_word' id='word_1_208' title='bbox 523 2450 558 2510; x_wconf 90' lang='lat' dir='ltr'><strong>et</strong></span> <span class='ocrx_word' id='word_1_209' title='bbox 571 2442 725 2525; x_wconf 88' lang='lat' dir='ltr'><strong>discunt,</strong></span> <span class='ocrx_word' id='word_1_210' title='bbox 746 2441 783 2509; x_wconf 91' lang='lat' dir='ltr'><strong>hi</strong></span> <span class='ocrx_word' id='word_1_211' title='bbox 804 2442 947 2511; x_wconf 87' lang='lat' dir='ltr'><strong>veniunt</strong></span> <span class='ocrx_word' id='word_1_212' title='bbox 965 2442 1010 2511; x_wconf 90' lang='lat' dir='ltr'><strong>ad</strong></span> <span class='ocrx_word' id='word_1_213' title='bbox 1032 2447 1142 2511; x_wconf 90' lang='lat' dir='ltr'><strong>lesum</strong></span> <span class='ocrx_word' id='word_1_214' title='bbox 1160 2442 1264 2533; x_wconf 63' lang='lat' dir='ltr'><strong>(cat.</strong></span> <span class='ocrx_word' id='word_1_215' title='bbox 1287 2444 1361 2533; x_wconf 81' lang='lat' dir='ltr'><strong>te);</strong></span> <span class='ocrx_word' id='word_1_216' title='bbox 1383 2442 1476 2511; x_wconf 89' lang='lat' dir='ltr'><strong>unde</strong></span> <span class='ocrx_word' id='word_1_217' title='bbox 1494 2448 1588 2533; x_wconf 88' lang='lat' dir='ltr'><strong>patet</strong></span> <span class='ocrx_word' id='word_1_218' title='bbox 1601 2463 1681 2509; x_wconf 92' lang='lat' dir='ltr'><strong>con-</strong></span> 
     </span>
     <span class='ocr_line' id='line_1_19' title="bbox 355 2546 1683 2642; baseline -0.002 -23"><span class='ocrx_word' id='word_1_219' title='bbox 355 2550 461 2620; x_wconf 86' lang='lat' dir='ltr'><strong>clusio</strong></span> <span class='ocrx_word' id='word_1_220' title='bbox 477 2548 671 2619; x_wconf 88' lang='lat' dir='ltr'><strong>:siavobis</strong></span> <span class='ocrx_word' id='word_1_221' title='bbox 686 2554 772 2617; x_wconf 79' lang='lat' dir='ltr'><strong>Deus</strong></span> <span class='ocrx_word' id='word_1_222' title='bbox 786 2571 906 2617; x_wconf 89' lang='lat' dir='ltr'><strong>revera</strong></span> <span class='ocrx_word' id='word_1_223' title='bbox 918 2549 1105 2618; x_wconf 87' lang='lat' dir='ltr'><strong>haberetur</strong></span> <span class='ocrx_word' id='word_1_224' title='bbox 1115 2557 1149 2618; x_wconf 91' lang='lat' dir='ltr'><strong>et</strong></span> <span class='ocrx_word' id='word_1_225' title='bbox 1165 2551 1335 2618; x_wconf 90' lang='lat' dir='ltr'><strong>coleretur</strong></span> <span class='ocrx_word' id='word_1_226' title='bbox 1348 2556 1464 2642; x_wconf 88' lang='lat' dir='ltr'><strong>pater,·</strong></span> <span class='ocrx_word' id='word_1_227' title='bbox 1478 2551 1502 2618; x_wconf 91' lang='lat' dir='ltr'><strong>i.</strong></span> <span class='ocrx_word' id='word_1_228' title='bbox 1519 2571 1551 2618; x_wconf 90' lang='lat' dir='ltr'><strong>e.</strong></span> <span class='ocrx_word' id='word_1_229' title='bbox 1565 2548 1593 2616; x_wconf 92' lang='lat' dir='ltr'><strong>si</strong></span> <span class='ocrx_word' id='word_1_230' title='bbox 1609 2546 1683 2617; x_wconf 85' lang='lat' dir='ltr'><strong>eius</strong></span> 
     </span>
     <span class='ocr_line' id='line_1_20' title="bbox 355 2653 1680 2745; baseline -0.002 -21"><span class='ocrx_word' id='word_1_231' title='bbox 355 2657 449 2745; x_wconf 89' lang='lat' dir='ltr'><strong>lege,</strong></span> <span class='ocrx_word' id='word_1_232' title='bbox 475 2655 720 2737; x_wconf 81' lang='lat' dir='ltr'><strong>institutione,</strong></span> <span class='ocrx_word' id='word_1_233' title='bbox 734 2655 857 2745; x_wconf 88' lang='lat' dir='ltr'><strong>spiritu</strong></span> <span class='ocrx_word' id='word_1_234' title='bbox 883 2677 997 2724; x_wconf 89' lang='lat' dir='ltr'><strong>mores</strong></span> <span class='ocrx_word' id='word_1_235' title='bbox 1018 2657 1122 2724; x_wconf 83' lang='lat' dir='ltr'><strong>vestri</strong></span> <span class='ocrx_word' id='word_1_236' title='bbox 1150 2663 1366 2744; x_wconf 86' lang='lat' dir='ltr'><strong>regerentur,</strong></span> <span class='ocrx_word' id='word_1_237' title='bbox 1393 2679 1448 2724; x_wconf 93' lang='lat' dir='ltr'><strong>me</strong></span> <span class='ocrx_word' id='word_1_238' title='bbox 1472 2653 1680 2742; x_wconf 88' lang='lat' dir='ltr'><strong>diligeretis;</strong></span> 
     </span>
     <span class='ocr_line' id='line_1_21' title="bbox 356 2749 1684 2854; baseline 0.002 -30"><span class='ocrx_word' id='word_1_239' title='bbox 356 2790 373 2825; x_wconf 88' lang='lat'>«</span> <span class='ocrx_word' id='word_1_240' title='bbox 394 2783 515 2829; x_wconf 88' lang='lat' dir='ltr'><strong>omnes</strong></span> <span class='ocrx_word' id='word_1_241' title='bbox 526 2762 620 2829; x_wconf 88' lang='lat' dir='ltr'><strong>enim</strong></span> <span class='ocrx_word' id='word_1_242' title='bbox 638 2762 703 2828; x_wconf 88' lang='lat' dir='ltr'><strong>tilii</strong></span> <span class='ocrx_word' id='word_1_243' title='bbox 719 2761 778 2829; x_wconf 79' lang='lat' dir='ltr'><strong>liei</strong></span> <span class='ocrx_word' id='word_1_244' title='bbox 791 2762 939 2830; x_wconf 86' lang='lat' dir='ltr'><strong>invicem</strong></span> <span class='ocrx_word' id='word_1_245' title='bbox 951 2761 1119 2851; x_wconf 87' lang='lat' dir='ltr'><strong>diligunt,</strong></span> <span class='ocrx_word' id='word_1_246' title='bbox 1134 2749 1251 2854; x_wconf 86' lang='lat' dir='ltr'><strong>utpote</strong></span> <span class='ocrx_word' id='word_1_247' title='bbox 1265 2785 1372 2831; x_wconf 91' lang='lat' dir='ltr'><strong>unum</strong></span> <span class='ocrx_word' id='word_1_248' title='bbox 1390 2762 1556 2831; x_wconf 85' lang='lat' dir='ltr'><strong>habentes</strong></span> <span class='ocrx_word' id='word_1_249' title='bbox 1574 2761 1684 2849; x_wconf 88' lang='lat' dir='ltr'><strong>adop-</strong></span> 
     </span>
     <span class='ocr_line' id='line_1_22' title="bbox 356 2866 1682 2959; baseline -0.001 -24"><span class='ocrx_word' id='word_1_250' title='bbox 356 2868 458 2936; x_wconf 91' lang='lat' dir='ltr'><strong>tionis</strong></span> <span class='ocrx_word' id='word_1_251' title='bbox 471 2867 660 2958; x_wconf 84' lang='lat' dir='ltr'><strong>spiritum,</strong></span> <span class='ocrx_word' id='word_1_252' title='bbox 678 2866 849 2957; x_wconf 90' lang='lat' dir='ltr'><strong>siquidem</strong></span> <span class='ocrx_word' id='word_1_253' title='bbox 873 2890 939 2935; x_wconf 89' lang='lat' dir='ltr'><strong>nec</strong></span> <span class='ocrx_word' id='word_1_254' title='bbox 967 2869 1066 2936; x_wconf 89' lang='lat' dir='ltr'><strong>aliter</strong></span> <span class='ocrx_word' id='word_1_255' title='bbox 1094 2869 1158 2936; x_wconf 89' lang='lat' dir='ltr'><strong>filii</strong></span> <span class='ocrx_word' id='word_1_256' title='bbox 1183 2869 1245 2937; x_wconf 80' lang='lat' dir='ltr'><strong>lle&#39;r</strong></span> <span class='ocrx_word' id='word_1_257' title='bbox 1263 2891 1334 2936; x_wconf 89' lang='lat' dir='ltr'><strong>esse</strong></span> <span class='ocrx_word' id='word_1_258' title='bbox 1353 2873 1505 2959; x_wconf 85' lang='lat' dir='ltr'><strong>possent,</strong></span> <span class='ocrx_word' id='word_1_259' title='bbox 1534 2867 1600 2935; x_wconf 85' lang='lat' dir='ltr'><strong>nisi</strong></span> <span class='ocrx_word' id='word_1_260' title='bbox 1621 2867 1682 2934; x_wconf 89' lang='lat' dir='ltr'><strong>ha·</strong></span> 
     </span>
     <span class='ocr_line' id='line_1_23' title="bbox 356 2973 1683 3066; baseline -0.004 -22"><span class='ocrx_word' id='word_1_261' title='bbox 356 2975 472 3044; x_wconf 88' lang='lat' dir='ltr'><strong>hendo</strong></span> <span class='ocrx_word' id='word_1_262' title='bbox 486 2973 707 3042; x_wconf 90' lang='lat' dir='ltr'><strong>dilectionem</strong></span> <span class='ocrx_word' id='word_1_263' title='bbox 724 2974 767 3040; x_wconf 87' lang='lat' dir='ltr'><strong>ad</strong></span> <span class='ocrx_word' id='word_1_264' title='bbox 784 2974 932 3041; x_wconf 90' lang='lat' dir='ltr'><strong>invicem</strong></span> <span class='ocrx_word' id='word_1_265' title='bbox 950 3002 966 3036; x_wconf 77' lang='lat' dir='ltr'><strong>a</strong></span> <span class='ocrx_word' id='word_1_266' title='bbox 980 2973 1109 3066; x_wconf 69' lang='lat' dir='ltr'><strong>(stup).</strong></span> <span class='ocrx_word' id='word_1_267' title='bbox 1131 2978 1169 3042; x_wconf 82' lang='lat' dir='ltr'><strong>Et</strong></span> <span class='ocrx_word' id='word_1_268' title='bbox 1187 2976 1216 3042; x_wconf 89' lang='lat' dir='ltr'><strong>si</strong></span> <span class='ocrx_word' id='word_1_269' title='bbox 1235 2980 1341 3043; x_wconf 85' lang='lat' dir='ltr'><strong>Deum</strong></span> <span class='ocrx_word' id='word_1_270' title='bbox 1360 2975 1515 3043; x_wconf 87' lang='lat' dir='ltr'><strong>colerent</strong></span> <span class='ocrx_word' id='word_1_271' title='bbox 1527 2979 1683 3064; x_wconf 82' lang='lat' dir='ltr'><strong>petrem,</strong></span> 
     </span>
     <span class='ocr_line' id='line_1_24' title="bbox 357 3080 1684 3172; baseline -0.003 -22"><span class='ocrx_word' id='word_1_272' title='bbox 357 3103 441 3170; x_wconf 89' lang='lat' dir='ltr'><strong>ergo</strong></span> <span class='ocrx_word' id='word_1_273' title='bbox 456 3081 489 3148; x_wconf 91' lang='lat' dir='ltr'><strong>ei</strong></span> <span class='ocrx_word' id='word_1_274' title='bbox 503 3080 736 3149; x_wconf 83' lang='lat' dir='ltr'><strong>obedientiam</strong></span> <span class='ocrx_word' id='word_1_275' title='bbox 751 3085 785 3148; x_wconf 89' lang='lat' dir='ltr'><strong>et</strong></span> <span class='ocrx_word' id='word_1_276' title='bbox 800 3102 954 3148; x_wconf 90' lang='lat' dir='ltr'><strong>amorem</strong></span> <span class='ocrx_word' id='word_1_277' title='bbox 968 3081 1189 3165; x_wconf 83' lang='lat' dir='ltr'><strong>exhiberent,</strong></span> <span class='ocrx_word' id='word_1_278' title='bbox 1208 3104 1280 3149; x_wconf 93' lang='lat' dir='ltr'><strong>non</strong></span> <span class='ocrx_word' id='word_1_279' title='bbox 1299 3087 1434 3172; x_wconf 85' lang='lat' dir='ltr'><strong>possent</strong></span> <span class='ocrx_word' id='word_1_280' title='bbox 1451 3103 1523 3149; x_wconf 89' lang='lat' dir='ltr'><strong>non</strong></span> <span class='ocrx_word' id='word_1_281' title='bbox 1537 3080 1684 3168; x_wconf 86' lang='lat' dir='ltr'><strong>diligere</strong></span> 
     </span>
     <span class='ocr_line' id='line_1_25' title="bbox 358 3186 1684 3277; baseline -0.004 -20"><span class='ocrx_word' id='word_1_282' title='bbox 358 3209 438 3257; x_wconf 91' lang='lat' dir='ltr'><strong>eum</strong></span> <span class='ocrx_word' id='word_1_283' title='bbox 457 3186 519 3277; x_wconf 91' lang='lat' dir='ltr'><strong>qui</strong></span> <span class='ocrx_word' id='word_1_284' title='bbox 537 3210 578 3255; x_wconf 86' lang='lat' dir='ltr'><strong>ex</strong></span> <span class='ocrx_word' id='word_1_285' title='bbox 596 3193 664 3255; x_wconf 85' lang='lat' dir='ltr'><strong>Deo</strong></span> <span class='ocrx_word' id='word_1_286' title='bbox 687 3187 851 3277; x_wconf 89' lang='lat' dir='ltr'><strong>processit</strong></span> <span class='ocrx_word' id='word_1_287' title='bbox 866 3194 900 3255; x_wconf 88' lang='lat' dir='ltr'><strong>et</strong></span> <span class='ocrx_word' id='word_1_288' title='bbox 918 3189 1011 3255; x_wconf 89' lang='lat' dir='ltr'><strong>veuit</strong></span> <span class='ocrx_word' id='word_1_289' title='bbox 1029 3188 1054 3255; x_wconf 88' lang='lat' dir='ltr'><strong>i.</strong></span> <span class='ocrx_word' id='word_1_290' title='bbox 1071 3211 1103 3256; x_wconf 90' lang='lat' dir='ltr'><strong>e.</strong></span> <span class='ocrx_word' id='word_1_291' title='bbox 1120 3187 1218 3256; x_wconf 87' lang='lat' dir='ltr'><strong>adest</strong></span> <span class='ocrx_word' id='word_1_292' title='bbox 1237 3189 1294 3256; x_wconf 92' lang='lat' dir='ltr'><strong>hic</strong></span> <span class='ocrx_word' id='word_1_293' title='bbox 1307 3194 1343 3256; x_wconf 88' lang='lat' dir='ltr'><strong>et</strong></span> <span class='ocrx_word' id='word_1_294' title='bbox 1354 3210 1467 3272; x_wconf 86' lang='lat' dir='ltr'><strong>nuno;</strong></span> <span class='ocrx_word' id='word_1_295' title='bbox 1488 3193 1615 3273; x_wconf 74' lang='grc' dir='ltr'>ἐξῆλθον</span> <span class='ocrx_word' id='word_1_296' title='bbox 1629 3186 1684 3253; x_wconf 90' lang='lat' dir='ltr'><strong>in-</strong></span> 
     </span>
     <span class='ocr_line' id='line_1_26' title="bbox 359 3291 1682 3386; baseline -0.003 -23"><span class='ocrx_word' id='word_1_297' title='bbox 359 3293 725 3382; x_wconf 89' lang='lat' dir='ltr'><strong>telliguntdaaeterna</strong></span> <span class='ocrx_word' id='word_1_298' title='bbox 740 3316 761 3360; x_wconf 89' lang='lat' dir='ltr'><strong>a</strong></span> <span class='ocrx_word' id='word_1_299' title='bbox 774 3297 871 3361; x_wconf 89' lang='lat' dir='ltr'><strong>Patre</strong></span> <span class='ocrx_word' id='word_1_300' title='bbox 882 3294 1096 3384; x_wconf 81' lang='lat' dir='ltr'><strong>processione</strong></span> <span class='ocrx_word' id='word_1_301' title='bbox 1111 3301 1145 3362; x_wconf 91' lang='lat' dir='ltr'><strong>et</strong></span> <span class='ocrx_word' id='word_1_302' title='bbox 1159 3295 1380 3383; x_wconf 78' lang='lat' dir='ltr'><strong>generatione</strong></span> <span class='ocrx_word' id='word_1_303' title='bbox 1398 3297 1476 3386; x_wconf 77' lang='lat' dir='ltr'><strong>Cpr.</strong></span> <span class='ocrx_word' id='word_1_304' title='bbox 1493 3297 1585 3384; x_wconf 80' lang='lat' dir='ltr'><strong>Aup.</strong></span> <span class='ocrx_word' id='word_1_305' title='bbox 1600 3291 1682 3361; x_wconf 85' lang='lat' dir='ltr'><strong>Bed.</strong></span> 
     </span>
     <span class='ocr_line' id='line_1_27' title="bbox 360 3399 1686 3487; baseline -0.002 -18"><span class='ocrx_word' id='word_1_306' title='bbox 360 3400 436 3469; x_wconf 81' lang='lat' dir='ltr'><strong>Alc.</strong></span> <span class='ocrx_word' id='word_1_307' title='bbox 467 3400 589 3466; x_wconf 71' lang='lat' dir='ltr'><strong>Thom·</strong></span> <span class='ocrx_word' id='word_1_308' title='bbox 607 3401 692 3465; x_wconf 84' lang='lat' dir='ltr'><strong>Bon.</strong></span> <span class='ocrx_word' id='word_1_309' title='bbox 718 3399 939 3485; x_wconf 81' lang='lat' dir='ltr'><strong>Ammonius,</strong></span> <span class='ocrx_word' id='word_1_310' title='bbox 963 3399 1035 3469; x_wconf 88' lang='lat' dir='ltr'><strong>Tol.</strong></span> <span class='ocrx_word' id='word_1_311' title='bbox 1057 3403 1140 3469; x_wconf 85' lang='lat' dir='ltr'><strong>Bar.</strong></span> <span class='ocrx_word' id='word_1_312' title='bbox 1162 3404 1257 3470; x_wconf 85' lang='lat' dir='ltr'><strong>Patr.</strong></span> <span class='ocrx_word' id='word_1_313' title='bbox 1281 3400 1375 3487; x_wconf 87' lang='lat' dir='ltr'><strong>Fil.,·</strong></span> <span class='ocrx_word' id='word_1_314' title='bbox 1388 3400 1449 3470; x_wconf 88' lang='lat' dir='ltr'><strong>alii</strong></span> <span class='ocrx_word' id='word_1_315' title='bbox 1463 3400 1507 3469; x_wconf 91' lang='lat' dir='ltr'><strong>de</strong></span> <span class='ocrx_word' id='word_1_316' title='bbox 1527 3407 1686 3469; x_wconf 82' lang='lat' dir='ltr'><strong>lucarna-</strong></span> 
     </span>
     <span class='ocr_line' id='line_1_28' title="bbox 360 3503 1687 3598; baseline -0.002 -24"><span class='ocrx_word' id='word_1_317' title='bbox 360 3509 454 3576; x_wconf 81' lang='lat' dir='ltr'><strong>tione</strong></span> <span class='ocrx_word' id='word_1_318' title='bbox 473 3507 531 3573; x_wconf 88' lang='lat' dir='ltr'><strong>Or.</strong></span> <span class='ocrx_word' id='word_1_319' title='bbox 550 3503 696 3594; x_wconf 65' lang='lat' dir='ltr'><strong>cleopa.</strong></span> <span class='ocrx_word' id='word_1_320' title='bbox 713 3509 802 3596; x_wconf 81' lang='lat' dir='ltr'><strong>Rup.</strong></span> <span class='ocrx_word' id='word_1_321' title='bbox 821 3505 1000 3597; x_wconf 87' lang='lat' dir='ltr'><strong>(processi,</strong></span> <span class='ocrx_word' id='word_1_322' title='bbox 1016 3507 1177 3598; x_wconf 89' lang='lat' dir='ltr'><strong>inquam,</strong></span> <span class='ocrx_word' id='word_1_323' title='bbox 1194 3530 1234 3575; x_wconf 88' lang='lat' dir='ltr'><strong>ex</strong></span> <span class='ocrx_word' id='word_1_324' title='bbox 1248 3514 1314 3576; x_wconf 78' lang='lat' dir='ltr'><strong>lieo</strong></span> <span class='ocrx_word' id='word_1_325' title='bbox 1327 3509 1437 3577; x_wconf 85' lang='lat' dir='ltr'><strong>iactus</strong></span> <span class='ocrx_word' id='word_1_326' title='bbox 1450 3506 1610 3587; x_wconf 85' lang='lat' dir='ltr'><strong>visibilis,</strong></span> <span class='ocrx_word' id='word_1_327' title='bbox 1626 3505 1687 3594; x_wconf 93' lang='lat' dir='ltr'><strong>qui</strong></span> 
     </span>
     <span class='ocr_line' id='line_1_29' title="bbox 362 3605 1688 3705; baseline 0 -25"><span class='ocrx_word' id='word_1_328' title='bbox 362 3633 457 3680; x_wconf 86' lang='lat' dir='ltr'><strong>eram</strong></span> <span class='ocrx_word' id='word_1_329' title='bbox 470 3605 667 3700; x_wconf 88' lang='lat' dir='ltr'><strong>invisibilis)</strong></span> <span class='ocrx_word' id='word_1_330' title='bbox 687 3613 780 3678; x_wconf 84' lang='lat' dir='ltr'><strong>lons.</strong></span> <span class='ocrx_word' id='word_1_331' title='bbox 806 3610 914 3680; x_wconf 84' lang='lat' dir='ltr'><strong>Mold.</strong></span> <span class='ocrx_word' id='word_1_332' title='bbox 931 3615 1016 3703; x_wconf 83' lang='lat' dir='ltr'><strong>Lop.</strong></span> <span class='ocrx_word' id='word_1_333' title='bbox 1041 3613 1146 3704; x_wconf 74' lang='lat' dir='ltr'><strong>Sciap.</strong></span> <span class='ocrx_word' id='word_1_334' title='bbox 1168 3613 1265 3681; x_wconf 74' lang='lat' dir='ltr'><strong>Scia.</strong></span> <span class='ocrx_word' id='word_1_335' title='bbox 1295 3619 1398 3705; x_wconf 85' lang='lat' dir='ltr'><strong>atque</strong></span> <span class='ocrx_word' id='word_1_336' title='bbox 1416 3613 1491 3704; x_wconf 88' lang='lat' dir='ltr'><strong>ipsa</strong></span> <span class='ocrx_word' id='word_1_337' title='bbox 1511 3613 1623 3681; x_wconf 85' lang='lat' dir='ltr'><strong>forma</strong></span> <span class='ocrx_word' id='word_1_338' title='bbox 1637 3617 1688 3693; x_wconf 70' lang='grc' dir='ltr'><strong>ἐξ·</strong></span> 
     </span>
     <span class='ocr_line' id='line_1_30' title="bbox 362 3717 1688 3808; baseline -0.003 -20"><span class='ocrx_word' id='word_1_339' title='bbox 362 3727 455 3805; x_wconf 65' lang='lat' dir='ltr'><strong>altar</strong></span> <span class='ocrx_word' id='word_1_340' title='bbox 476 3740 546 3808; x_wconf 89' lang='lat' dir='ltr'><strong>qua</strong></span> <span class='ocrx_word' id='word_1_341' title='bbox 559 3717 602 3785; x_wconf 92' lang='lat' dir='ltr'><strong>de</strong></span> <span class='ocrx_word' id='word_1_342' title='bbox 626 3740 663 3784; x_wconf 89' lang='lat' dir='ltr'><strong>re</strong></span> <span class='ocrx_word' id='word_1_343' title='bbox 683 3717 767 3783; x_wconf 92' lang='lat' dir='ltr'><strong>olim</strong></span> <span class='ocrx_word' id='word_1_344' title='bbox 787 3717 875 3786; x_wconf 87' lang='lat' dir='ltr'><strong>iacta</strong></span> <span class='ocrx_word' id='word_1_345' title='bbox 893 3718 1082 3787; x_wconf 87' lang='lat' dir='ltr'><strong>instituitur</strong></span> <span class='ocrx_word' id='word_1_346' title='bbox 1097 3719 1269 3803; x_wconf 84' lang='lat' dir='ltr'><strong>narratio,</strong></span> <span class='ocrx_word' id='word_1_347' title='bbox 1292 3721 1401 3808; x_wconf 84' lang='lat' dir='ltr'><strong>magis</strong></span> <span class='ocrx_word' id='word_1_348' title='bbox 1422 3719 1585 3808; x_wconf 86' lang='lat' dir='ltr'><strong>congruit</strong></span> <span class='ocrx_word' id='word_1_349' title='bbox 1607 3718 1688 3786; x_wconf 91' lang='lat' dir='ltr'><strong>huic</strong></span> 
     </span>
     <span class='ocr_line' id='line_1_31' title="bbox 363 3824 1688 3918; baseline -0.002 -24"><span class='ocrx_word' id='word_1_350' title='bbox 363 3824 570 3916; x_wconf 83' lang='lat' dir='ltr'><strong>acceptioni3</strong></span> <span class='ocrx_word' id='word_1_351' title='bbox 589 3830 729 3891; x_wconf 90' lang='lat' dir='ltr'><strong>aeterua</strong></span> <span class='ocrx_word' id='word_1_352' title='bbox 748 3824 877 3916; x_wconf 88' lang='lat' dir='ltr'><strong>quippe</strong></span> <span class='ocrx_word' id='word_1_353' title='bbox 898 3827 1123 3913; x_wconf 82' lang='lat' dir='ltr'><strong>generatione</strong></span> <span class='ocrx_word' id='word_1_354' title='bbox 1142 3849 1278 3918; x_wconf 88' lang='lat' dir='ltr'><strong>semper</strong></span> <span class='ocrx_word' id='word_1_355' title='bbox 1293 3826 1448 3918; x_wconf 88' lang='lat' dir='ltr'><strong>procedit</strong></span> <span class='ocrx_word' id='word_1_356' title='bbox 1468 3832 1613 3897; x_wconf 88' lang='lat' dir='ltr'><strong>aPatre.</strong></span> <span class='ocrx_word' id='word_1_357' title='bbox 1630 3826 1688 3893; x_wconf 90' lang='lat' dir='ltr'><strong>Ni-</strong></span> 
     </span>
     <span class='ocr_line' id='line_1_32' title="bbox 365 3929 1689 4024; baseline -0.001 -25"><span class='ocrx_word' id='word_1_358' title='bbox 365 3931 552 4000; x_wconf 91' lang='lat' dir='ltr'><strong>hilominus</strong></span> <span class='ocrx_word' id='word_1_359' title='bbox 582 3952 624 3997; x_wconf 85' lang='lat' dir='ltr'><strong>ex</strong></span> <span class='ocrx_word' id='word_1_360' title='bbox 655 3930 730 4020; x_wconf 91' lang='lat' dir='ltr'><strong>ipsa</strong></span> <span class='ocrx_word' id='word_1_361' title='bbox 757 3929 800 3997; x_wconf 90' lang='lat' dir='ltr'><strong>de</strong></span> <span class='ocrx_word' id='word_1_362' title='bbox 834 3932 1068 4001; x_wconf 88' lang='lat' dir='ltr'><strong>incarnatione</strong></span> <span class='ocrx_word' id='word_1_363' title='bbox 1103 3933 1337 4024; x_wconf 85' lang='lat' dir='ltr'><strong>explicatione</strong></span> <span class='ocrx_word' id='word_1_364' title='bbox 1367 3929 1458 4002; x_wconf 86' lang='lat' dir='ltr'><strong>recte</strong></span> <span class='ocrx_word' id='word_1_365' title='bbox 1486 3933 1627 4000; x_wconf 93' lang='lat' dir='ltr'><strong>omnino</strong></span> <span class='ocrx_word' id='word_1_366' title='bbox 1654 3937 1689 3998; x_wconf 88' lang='lat' dir='ltr'><strong>et</strong></span> 
     </span>
     <span class='ocr_line' id='line_1_33' title="bbox 366 4034 1689 4131; baseline 0.001 -26"><span class='ocrx_word' id='word_1_367' title='bbox 366 4038 556 4105; x_wconf 87' lang='lat' dir='ltr'><strong>necessario</strong></span> <span class='ocrx_word' id='word_1_368' title='bbox 578 4037 753 4124; x_wconf 82' lang='lat' dir='ltr'><strong>colligitur</strong></span> <span class='ocrx_word' id='word_1_369' title='bbox 766 4037 838 4104; x_wconf 91' lang='lat' dir='ltr'><strong>eius</strong></span> <span class='ocrx_word' id='word_1_370' title='bbox 857 4034 1033 4121; x_wconf 76' lang='lat' dir='ltr'><strong>divinitas3</strong></span> <span class='ocrx_word' id='word_1_371' title='bbox 1056 4061 1119 4108; x_wconf 91' lang='lat' dir='ltr'><strong>nec</strong></span> <span class='ocrx_word' id='word_1_372' title='bbox 1134 4039 1227 4108; x_wconf 92' lang='lat' dir='ltr'><strong>enim</strong></span> <span class='ocrx_word' id='word_1_373' title='bbox 1243 4063 1284 4107; x_wconf 84' lang='lat' dir='ltr'><strong>ex</strong></span> <span class='ocrx_word' id='word_1_374' title='bbox 1298 4043 1364 4108; x_wconf 78' lang='lat' dir='ltr'><strong>lieo</strong></span> <span class='ocrx_word' id='word_1_375' title='bbox 1379 4042 1582 4131; x_wconf 90' lang='lat' dir='ltr'><strong>processisse</strong></span> <span class='ocrx_word' id='word_1_376' title='bbox 1597 4039 1689 4106; x_wconf 92' lang='lat' dir='ltr'><strong>dice-</strong></span> 
     </span>
    </p>
   </div>
   <div class='ocr_carea' id='block_1_10' title="bbox 261 4142 1689 4231">
    <p class='ocr_par' dir='ltr' id='par_1_10' title="bbox 261 4142 1689 4231">
     <span class='ocr_line' id='line_1_34' title="bbox 261 4142 1689 4231; baseline 0 -19"><span class='ocrx_word' id='word_1_377' title='bbox 261 4191 270 4221; x_wconf 69' lang='lat'><strong>,</strong></span> <span class='ocrx_word' id='word_1_378' title='bbox 366 4150 460 4212; x_wconf 84' lang='lat' dir='ltr'><strong>retur</strong></span> <span class='ocrx_word' id='word_1_379' title='bbox 487 4142 631 4212; x_wconf 83' lang='lat' dir='ltr'><strong>adeum</strong></span> <span class='ocrx_word' id='word_1_380' title='bbox 657 4143 761 4210; x_wconf 86' lang='lat' dir='ltr'><strong>finem</strong></span> <span class='ocrx_word' id='word_1_381' title='bbox 784 4148 822 4210; x_wconf 94' lang='lat' dir='ltr'><strong>ut</strong></span> <span class='ocrx_word' id='word_1_382' title='bbox 840 4143 1029 4212; x_wconf 86' lang='lat' dir='ltr'><strong>humanam</strong></span> <span class='ocrx_word' id='word_1_383' title='bbox 1048 4150 1235 4214; x_wconf 90' lang='lat' dir='ltr'><strong>assumeret</strong></span> <span class='ocrx_word' id='word_1_384' title='bbox 1254 4153 1431 4231; x_wconf 88' lang='lat' dir='ltr'><strong>naturam,</strong></span> <span class='ocrx_word' id='word_1_385' title='bbox 1455 4147 1520 4214; x_wconf 92' lang='lat' dir='ltr'><strong>nisi</strong></span> <span class='ocrx_word' id='word_1_386' title='bbox 1540 4153 1618 4215; x_wconf 88' lang='lat' dir='ltr'><strong>ante</strong></span> <span class='ocrx_word' id='word_1_387' title='bbox 1638 4168 1689 4212; x_wconf 91' lang='lat' dir='ltr'><strong>as·</strong></span> 
     </span>
    </p>
   </div>
   <div class='ocr_carea' id='block_1_11' title="bbox 366 4250 1690 4774">
    <p class='ocr_par' dir='ltr' id='par_1_11' title="bbox 366 4250 1690 4774">
     <span class='ocr_line' id='line_1_35' title="bbox 366 4250 1688 4345; baseline 0.002 -27"><span class='ocrx_word' id='word_1_388' title='bbox 366 4256 539 4340; x_wconf 90' lang='lat' dir='ltr'><strong>sumptam</strong></span> <span class='ocrx_word' id='word_1_389' title='bbox 561 4250 813 4317; x_wconf 90' lang='lat' dir='ltr'><strong>humanitatem</strong></span> <span class='ocrx_word' id='word_1_390' title='bbox 836 4250 954 4319; x_wconf 84' lang='lat' dir='ltr'><strong>fuisset</strong></span> <span class='ocrx_word' id='word_1_391' title='bbox 980 4251 1072 4342; x_wconf 91' lang='lat' dir='ltr'><strong>apud</strong></span> <span class='ocrx_word' id='word_1_392' title='bbox 1095 4257 1222 4338; x_wconf 84' lang='lat' dir='ltr'><strong>ileum,</strong></span> <span class='ocrx_word' id='word_1_393' title='bbox 1244 4275 1307 4321; x_wconf 88' lang='lat' dir='ltr'><strong>nec</strong></span> <span class='ocrx_word' id='word_1_394' title='bbox 1326 4253 1446 4322; x_wconf 86' lang='lat' dir='ltr'><strong>inisset</strong></span> <span class='ocrx_word' id='word_1_395' title='bbox 1468 4254 1560 4345; x_wconf 93' lang='lat' dir='ltr'><strong>apud</strong></span> <span class='ocrx_word' id='word_1_396' title='bbox 1582 4258 1688 4321; x_wconf 91' lang='lat' dir='ltr'><strong>Deum</strong></span> 
     </span>
     <span class='ocr_line' id='line_1_36' title="bbox 368 4355 1690 4450; baseline 0.002 -26"><span class='ocrx_word' id='word_1_397' title='bbox 368 4363 485 4439; x_wconf 83' lang='lat' dir='ltr'><strong>antea,</strong></span> <span class='ocrx_word' id='word_1_398' title='bbox 504 4355 532 4423; x_wconf 89' lang='lat' dir='ltr'><strong>si</strong></span> <span class='ocrx_word' id='word_1_399' title='bbox 553 4362 639 4422; x_wconf 85' lang='lat' dir='ltr'><strong>Deus</strong></span> <span class='ocrx_word' id='word_1_400' title='bbox 657 4379 727 4424; x_wconf 90' lang='lat' dir='ltr'><strong>uon</strong></span> <span class='ocrx_word' id='word_1_401' title='bbox 742 4364 826 4424; x_wconf 86' lang='lat' dir='ltr'><strong>esset</strong></span> <span class='ocrx_word' id='word_1_402' title='bbox 849 4358 905 4446; x_wconf 82' lang='lat' dir='ltr'><strong>(cl.</strong></span> <span class='ocrx_word' id='word_1_403' title='bbox 924 4357 1297 4450; x_wconf 67' lang='grc' dir='ltr'><strong>Μαὶά.1ανις.)κα“ιῆκω</strong></span> <span class='ocrx_word' id='word_1_404' title='bbox 1314 4383 1322 4429; x_wconf 92' lang='lat'>:</span> <span class='ocrx_word' id='word_1_405' title='bbox 1341 4361 1481 4429; x_wconf 81' lang='lat' dir='ltr'><strong>effectus</strong></span> <span class='ocrx_word' id='word_1_406' title='bbox 1496 4362 1570 4428; x_wconf 92' lang='lat' dir='ltr'><strong>eius</strong></span> <span class='ocrx_word' id='word_1_407' title='bbox 1585 4383 1606 4427; x_wconf 93' lang='lat' dir='ltr'><strong>a</strong></span> <span class='ocrx_word' id='word_1_408' title='bbox 1622 4366 1690 4428; x_wconf 86' lang='lat' dir='ltr'><strong>Deo</strong></span> 
     </span>
     <span class='ocr_line' id='line_1_37' title="bbox 367 4462 1689 4558; baseline 0.001 -27"><span class='ocrx_word' id='word_1_409' title='bbox 367 4462 592 4555; x_wconf 88' lang='lat' dir='ltr'><strong>processionis</strong></span> <span class='ocrx_word' id='word_1_410' title='bbox 603 4467 668 4546; x_wconf 86' lang='lat' dir='ltr'><strong>est,</strong></span> <span class='ocrx_word' id='word_1_411' title='bbox 685 4471 723 4530; x_wconf 93' lang='lat' dir='ltr'><strong>nt</strong></span> <span class='ocrx_word' id='word_1_412' title='bbox 746 4486 837 4531; x_wconf 92' lang='lat' dir='ltr'><strong>nunc</strong></span> <span class='ocrx_word' id='word_1_413' title='bbox 855 4464 945 4532; x_wconf 87' lang='lat' dir='ltr'><strong>adsit</strong></span> <span class='ocrx_word' id='word_1_414' title='bbox 955 4488 1071 4533; x_wconf 86' lang='lat' dir='ltr'><strong>coram</strong></span> <span class='ocrx_word' id='word_1_415' title='bbox 1086 4466 1157 4533; x_wconf 91' lang='lat' dir='ltr'><strong>illis</strong></span> <span class='ocrx_word' id='word_1_416' title='bbox 1171 4490 1179 4548; x_wconf 89' lang='lat'>;</span> <span class='ocrx_word' id='word_1_417' title='bbox 1200 4490 1311 4558; x_wconf 87' lang='lat' dir='ltr'><strong>neque</strong></span> <span class='ocrx_word' id='word_1_418' title='bbox 1329 4490 1392 4535; x_wconf 87' lang='lat' dir='ltr'><strong>sua</strong></span> <span class='ocrx_word' id='word_1_419' title='bbox 1407 4468 1550 4557; x_wconf 89' lang='lat' dir='ltr'><strong>propria</strong></span> <span class='ocrx_word' id='word_1_420' title='bbox 1564 4467 1689 4532; x_wconf 91' lang='lat' dir='ltr'><strong>volun·</strong></span> 
     </span>
     <span class='ocr_line' id='line_1_38' title="bbox 367 4569 1688 4657; baseline 0.001 -20"><span class='ocrx_word' id='word_1_421' title='bbox 367 4578 455 4653; x_wconf 88' lang='lat' dir='ltr'><strong>tate,</strong></span> <span class='ocrx_word' id='word_1_422' title='bbox 472 4569 642 4638; x_wconf 86' lang='lat' dir='ltr'><strong>arbitratu</strong></span> <span class='ocrx_word' id='word_1_423' title='bbox 656 4591 734 4652; x_wconf 87' lang='lat' dir='ltr'><strong>suo,</strong></span> <span class='ocrx_word' id='word_1_424' title='bbox 751 4571 795 4638; x_wconf 91' lang='lat' dir='ltr'><strong>ad</strong></span> <span class='ocrx_word' id='word_1_425' title='bbox 808 4569 886 4639; x_wconf 91' lang='lat' dir='ltr'><strong>illos</strong></span> <span class='ocrx_word' id='word_1_426' title='bbox 903 4571 1075 4640; x_wconf 88' lang='lat' dir='ltr'><strong>docendos</strong></span> <span class='ocrx_word' id='word_1_427' title='bbox 1102 4596 1137 4641; x_wconf 93' lang='lat' dir='ltr'><strong>se</strong></span> <span class='ocrx_word' id='word_1_428' title='bbox 1166 4575 1325 4657; x_wconf 89' lang='lat' dir='ltr'><strong>contulit,</strong></span> <span class='ocrx_word' id='word_1_429' title='bbox 1347 4573 1405 4642; x_wconf 91' lang='lat' dir='ltr'><strong>sed</strong></span> <span class='ocrx_word' id='word_1_430' title='bbox 1420 4572 1481 4640; x_wconf 86' lang='lat' dir='ltr'><strong>ille</strong></span> <span class='ocrx_word' id='word_1_431' title='bbox 1500 4596 1553 4639; x_wconf 84' lang='lat' dir='ltr'><strong>me</strong></span> <span class='ocrx_word' id='word_1_432' title='bbox 1574 4572 1688 4656; x_wconf 85' lang='lat' dir='ltr'><strong>misit,·</strong></span> 
     </span>
     <span class='ocr_line' id='line_1_39' title="bbox 369 4673 1687 4774; baseline 0.002 -30"><span class='ocrx_word' id='word_1_433' title='bbox 369 4677 460 4745; x_wconf 91' lang='lat' dir='ltr'><strong>unde</strong></span> <span class='ocrx_word' id='word_1_434' title='bbox 476 4698 583 4744; x_wconf 86' lang='lat' dir='ltr'><strong>novus</strong></span> <span class='ocrx_word' id='word_1_435' title='bbox 600 4673 727 4743; x_wconf 83' lang='lat' dir='ltr'><strong>exsistit</strong></span> <span class='ocrx_word' id='word_1_436' title='bbox 741 4677 859 4746; x_wconf 90' lang='lat' dir='ltr'><strong>titulus</strong></span> <span class='ocrx_word' id='word_1_437' title='bbox 876 4701 883 4746; x_wconf 96' lang='lat'><strong>:</strong></span> <span class='ocrx_word' id='word_1_438' title='bbox 901 4678 930 4746; x_wconf 90' lang='lat' dir='ltr'><strong>si</strong></span> <span class='ocrx_word' id='word_1_439' title='bbox 946 4683 1049 4747; x_wconf 84' lang='lat' dir='ltr'><strong>ileum</strong></span> <span class='ocrx_word' id='word_1_440' title='bbox 1063 4689 1271 4750; x_wconf 83' lang='lat' dir='ltr'><strong>venerantur</strong></span> <span class='ocrx_word' id='word_1_441' title='bbox 1285 4689 1420 4774; x_wconf 85' lang='lat' dir='ltr'><strong>patrem</strong></span> <span class='ocrx_word' id='word_1_442' title='bbox 1435 4685 1470 4747; x_wconf 91' lang='lat' dir='ltr'><strong>et</strong></span> <span class='ocrx_word' id='word_1_443' title='bbox 1482 4680 1554 4747; x_wconf 87' lang='lat' dir='ltr'><strong>eius</strong></span> <span class='ocrx_word' id='word_1_444' title='bbox 1566 4702 1602 4747; x_wconf 94' lang='lat' dir='ltr'><strong>se</strong></span> <span class='ocrx_word' id='word_1_445' title='bbox 1616 4680 1687 4770; x_wconf 90' lang='lat' dir='ltr'><strong>spi-</strong></span> 
     </span>
    </p>
   </div>
   <div class='ocr_carea' id='block_1_12' title="bbox 368 4783 1688 4982">
    <p class='ocr_par' dir='ltr' id='par_1_12' title="bbox 368 4783 1688 4982">
     <span class='ocr_line' id='line_1_40' title="bbox 368 4783 1688 4878; baseline 0.002 -29"><span class='ocrx_word' id='word_1_446' title='bbox 368 4784 434 4851; x_wconf 86' lang='lat' dir='ltr'><strong>ritu</strong></span> <span class='ocrx_word' id='word_1_447' title='bbox 457 4783 540 4850; x_wconf 91' lang='lat' dir='ltr'><strong>duci</strong></span> <span class='ocrx_word' id='word_1_448' title='bbox 560 4783 692 4865; x_wconf 61' lang='lat' dir='ltr'><strong>inunt,</strong></span> <span class='ocrx_word' id='word_1_449' title='bbox 718 4785 876 4852; x_wconf 89' lang='lat' dir='ltr'><strong>nuntium</strong></span> <span class='ocrx_word' id='word_1_450' title='bbox 896 4786 941 4852; x_wconf 91' lang='lat' dir='ltr'><strong>ab</strong></span> <span class='ocrx_word' id='word_1_451' title='bbox 963 4787 1084 4855; x_wconf 92' lang='lat' dir='ltr'><strong>eodem</strong></span> <span class='ocrx_word' id='word_1_452' title='bbox 1107 4793 1204 4856; x_wconf 83' lang='lat' dir='ltr'><strong>Patre</strong></span> <span class='ocrx_word' id='word_1_453' title='bbox 1222 4788 1289 4856; x_wconf 92' lang='lat' dir='ltr'><strong>sibi</strong></span> <span class='ocrx_word' id='word_1_454' title='bbox 1310 4788 1449 4854; x_wconf 90' lang='lat' dir='ltr'><strong>missum</strong></span> <span class='ocrx_word' id='word_1_455' title='bbox 1463 4809 1531 4855; x_wconf 90' lang='lat' dir='ltr'><strong>non</strong></span> <span class='ocrx_word' id='word_1_456' title='bbox 1547 4793 1688 4878; x_wconf 91' lang='lat' dir='ltr'><strong>possunt</strong></span> 
     </span>
     <span class='ocr_line' id='line_1_41' title="bbox 368 4889 1040 4982; baseline 0.003 -27"><span class='ocrx_word' id='word_1_457' title='bbox 368 4908 437 4955; x_wconf 93' lang='lat' dir='ltr'><strong>non</strong></span> <span class='ocrx_word' id='word_1_458' title='bbox 449 4907 525 4953; x_wconf 92' lang='lat' dir='ltr'><strong>cum</strong></span> <span class='ocrx_word' id='word_1_459' title='bbox 543 4908 660 4955; x_wconf 88' lang='lat' dir='ltr'><strong>amore</strong></span> <span class='ocrx_word' id='word_1_460' title='bbox 675 4891 708 4952; x_wconf 90' lang='lat' dir='ltr'><strong>et</strong></span> <span class='ocrx_word' id='word_1_461' title='bbox 720 4889 845 4973; x_wconf 92' lang='lat' dir='ltr'><strong>gaudio</strong></span> <span class='ocrx_word' id='word_1_462' title='bbox 859 4891 1040 4982; x_wconf 86' lang='lat' dir='ltr'><strong>suscipere.</strong></span> 
     </span>
    </p>
   </div>
   <div class='ocr_carea' id='block_1_13' title="bbox 0 0 2055 5648">
    <p class='ocr_par' dir='ltr' id='par_1_13' title="bbox 0 0 2055 5648">
     <span class='ocr_line' id='line_1_42' title="bbox 0 0 2055 5648; baseline 0 0"><span class='ocrx_word' id='word_1_463' title='bbox 0 0 2055 5648; x_wconf 95' lang='lat' dir='ltr'><strong> </strong></span> 
     </span>
    </p>
   </div>
  </div>
 </body>
</html>
