4050 5648
148 506 208 565 aar
678 516 759 562 nm.
784 504 940 578 saal-as.

152 656 296 721 Christus
319 660 484 722 exhibetur
504 652 597 712 nobis
619 670 682 714 non
702 655 813 716 morbo
833 656 939 731 aliquo
964 651 1095 722 obiisse,
1116 651 1171 712 sed
1193 671 1200 712 :
1229 650 1374 715 occident
1397 664 1471 708 eum

147 754 236 834 (Luc.
254 758 369 835 18,33),
387 749 578 813 interficient
592 767 665 812 eum
681 749 786 828 (llam.
805 750 907 829 tout)
927 755 958 810 et
973 751 1081 811 Petrus
1096 748 1175 808 dicit
1189 751 1321 812 ludaeis
1339 765 1347 806 :
1364 748 1472 806 aucto-

144 871 212 916 rem
226 857 310 915 vitae
327 847 528 911 interfecistis
549 847 629 925 (Act.
643 847 728 924 ato)
743 857 795 911 et:
813 865 909 929 quern
925 848 1108 909 occiderunt
1124 848 1363 926 suspendentes
1380 845 1414 905 in
1432 843 1471 903 li-

142 971 205 1031 gno
221 953 301 1032 (Act.
318 945 430 1019 1039).
448 947 622 1016 Quomodo
636 946 785 1022 loquendi
800 945 996 1019 enuntiatur,
1012 946 1175 1007 Christum
1189 946 1353 1023 supplicio
1365 941 1470 1006 cruci-

144 1049 269 1110 fixionis
287 1044 419 1113 obiisse,
437 1051 468 1104 et
487 1045 576 1106 nullo
593 1041 689 1103 modo
711 1061 784 1106 eum
805 1045 922 1107 obiisse
942 1043 1071 1121 quidem
1092 1041 1289 1122 pendentem
1312 1043 1344 1102 in
1360 1056 1470 1111 cruce,

143 1143 200 1206 sed
215 1159 253 1202 ex
268 1142 330 1201 alia
346 1158 476 1219 prorsus
492 1160 597 1204 causa.
611 1142 717 1218 Neque
733 1143 795 1205 dici
812 1145 917 1221 potest
934 1158 989 1201 cor
1005 1142 1077 1203 lesu
1089 1146 1222 1220 ruptum
1239 1139 1340 1201 tuisse
1355 1138 1397 1199 ob
1411 1138 1471 1199 do·

140 1242 244 1301 torem
259 1238 298 1298 de
314 1241 435 1301 malitia
449 1241 625 1302 bominum.
642 1239 757 1300 Contra
773 1256 870 1320 qnam
883 1238 1068 1317 opinionem
1084 1240 1229 1300 militant
1242 1236 1383 1298 mtiones
1398 1235 1472 1297 eae-

144 1337 230 1397 dem.
246 1338 286 1397 lit
304 1338 375 1414 quis
395 1339 516 1400 diceret
537 1338 668 1399 ludaeos
684 1354 748 1397 uon
766 1338 859 1399 aliter
879 1338 983 1398 lesum
1004 1337 1164 1399 occidisse
1182 1354 1219 1398 ac
1242 1335 1348 1397 lilium
1367 1332 1470 1411 pessi·

145 1449 249 1503 mum.
268 1422 323 1513 qui
343 1454 399 1498 sua
414 1437 541 1497 vivendi
563 1434 687 1496 licentia
705 1452 742 1495 ac
761 1435 895 1496 libidine
917 1450 1014 1494 causa
1033 1435 1089 1506 sit,
1104 1440 1143 1496 ut
1162 1451 1237 1513 prae
1257 1433 1366 1495 dolore
1383 1432 1474 1510 pater

145 1531 216 1593 eius
238 1532 323 1594 diem
340 1531 453 1595 obeat?
467 1533 500 1593 Si
517 1535 625 1611 itaque
645 1531 836 1612 quandoque
855 1549 961 1593 sermo
981 1532 1017 1592 lit
1031 1532 1069 1593 de
1089 1531 1188 1593 corde
1203 1535 1301 1610 rupto
1317 1531 1405 1600 lesu,
1423 1525 1473 1587 uti

146 1646 175 1688 v,
199 1648 230 1709 g.
252 1631 380 1710 saepius
405 1631 439 1691 in
457 1630 609 1710 precibus
628 1629 857 1711 gertrudianis,
875 1629 906 1690 id
930 1629 1187 1709 intelligendum
1202 1628 1263 1690 erit
1288 1644 1384 1688 sensu
1409 1641 1472 1685 non

147 1726 382 1807 physiologico‚
400 1728 455 1788 sed
471 1728 700 1808 metaphorice.
1419 1738 1422 1743 ’

189 1925 225 1988 ln
239 1944 279 1989 eo
305 1929 430 1989 eventu
445 1923 578 2012 aliquid
598 1922 778 1990 sublimius
794 1922 982 2011 significari
1005 1921 1198 1990 communis
1216 1927 1269 1988 est
1289 1917 1471 1987 sententia.
1535 1972 1539 1978 .

141 2032 292 2096 Ceraunt
309 2029 382 2095 scil.
404 2028 454 2094 ibi
474 2029 700 2118 praefigurari
720 2029 930 2119 baptismum
953 2034 987 2096 et
1007 2028 1266 2111 eucharistiam
1289 2027 1337 2093 ita
1358 2028 1438 2114 Cyr.
1460 2046 1472 2090 .·

146 2133 266 2201 lancea
280 2134 369 2202 latus
383 2135 454 2201 eius
469 2135 664 2224 perfodiunt
677 2135 919 2226 (διανύττουσιν),
941 2135 1031 2203 unde
1044 2157 1144 2202 cruor
1162 2157 1253 2224 aqua
1267 2134 1387 2200 mistus
1399 2153 1473 2198 sca-

145 2240 259 2320 turiit,
281 2241 375 2332 quod
394 2243 553 2330 eulogiae
573 2244 733 2330 mysticae
755 2248 788 2311 et
806 2243 914 2310 sancti
933 2242 1145 2333 baptismatis
1164 2243 1280 2329 imago
1303 2237 1472 2330 quaedam

146 2352 221 2414 erat
235 2353 338 2438 atque
354 2349 526 2437 primitiae
541 2349 628 2437 (sim.
648 2349 791 2441 Theoph.
807 2354 897 2440 Auq.
913 2350 993 2419 Bed.
1010 2352 1095 2416 Bon.
1116 2348 1231 2416 Ybom.
1250 2343 1475 2438 Apotinan'es

146 2453 184 2521 in
207 2459 272 2521 cat.
295 2454 394 2523 Cord.
419 2456 518 2538 etc.l;
544 2456 714 2546 baptisma
732 2457 883 2524 fluminis
906 2465 941 2523 et
960 2456 1136 2544 sanguinis
1150 2455 1201 2523 ibi
1224 2453 1328 2522 Euat.
1351 2452 1471 2521 cernit.

149 2560 352 2648 Pervulgata
372 2569 423 2628 est
443 2563 611 2629 sententia
632 2586 671 2629 ex
694 2562 801 2629 latere
829 2564 953 2630 Christi
973 2570 1088 2630 natam
1108 2585 1178 2630 esse
1200 2561 1402 2641 Ecclesiam
1426 2558 1476 2625 ita

150 2667 227 2736 ctr.
245 2689 259 2733 .·
280 2694 296 2729 «
315 2691 384 2735 non
405 2668 479 2736 sine
499 2691 600 2737 causa
615 2671 669 2737 vel
689 2692 767 2736 casu
782 2669 820 2736 hi
835 2670 942 2736 lentes
957 2676 1158 2750 manarunt,
1174 2667 1235 2736 sed
1250 2667 1333 2758 quia
1353 2687 1392 2733 ex
1410 2666 1476 2732 hoc

147 2777 293 2864 utroque
312 2776 459 2843 Ecclesia
479 2784 529 2843 est
543 2778 741 2860 constituta;
761 2778 825 2845 hoc
841 2777 952 2844 sciunt
966 2777 1091 2844 initiati
1114 2777 1173 2867 qui
1196 2798 1259 2866 per
1279 2794 1405 2864 aquam
1422 2793 1475 2838 re-

145 2886 356 2966 generantur
381 2888 415 2948 et
444 2906 505 2972 per
527 2885 731 2971 sanguinem
757 2892 790 2950 et
817 2905 956 2952 carnem
982 2883 1198 2965 nutriuntur;
1222 2881 1306 2949 hinc
1335 2878 1473 2946 initium

146 2987 308 3076 mysteria
324 2996 480 3068 sumunt,
500 2996 535 3056 ut
552 3011 630 3056 cunr
649 2989 693 3056 ad
710 2990 927 3057 tremendum
947 2990 1112 3080 poculum
1135 2987 1333 3070 accesseris,
1351 2987 1398 3052 sic
1416 3005 1474 3050 ve-

147 3093 221 3160 nias
237 3116 277 3161 ac
297 3095 325 3160 si
343 3118 384 3161 ex
402 3095 468 3162 hoc
492 3096 597 3163 latere
617 3102 796 3185 potaturus
814 3119 903 3164 esses
927 3125 943 3158 n
966 3104 999 3164 et
1024 3098 1228 3186 frequenter
1247 3096 1406 3172 monent,
1425 3089 1475 3156 uti

148 3205 216 3268 Eva
231 3201 378 3267 formata
396 3203 439 3268 sit
460 3225 499 3268 ex
520 3203 626 3269 latere
646 3202 753 3270 Adam
773 3201 989 3279 dormientis,
1008 3204 1056 3270 ita
1077 3202 1187 3270 Adam
1210 3199 1400 3269 secundum
1419 3196 1474 3264 in-

147 3306 275 3374 clinato
290 3308 402 3403 capite
416 3308 453 3375 in
469 3332 569 3376 cruce
583 3309 795 3393 dormivisse,
813 3317 851 3376 ut
868 3310 948 3376 inde
964 3310 1171 3377 formaretur
1183 3308 1215 3376 ei
1229 3307 1370 3392 coniux,
1383 3302 1476 3395 quod

151 3413 193 3480 de
214 3412 320 3481 latere
336 3415 538 3483 dormientis
558 3416 688 3482 elssuxit
705 3420 803 3506 (detq.
822 3415 904 3484 Bed.
921 3421 1007 3507 Rup.
1030 3417 1144 3483 Tbom.
1163 3419 1248 3483 Bon.
1264 3413 1358 3502 eto).
1380 3411 1478 3479 Ponit

156 3523 243 3608 Auq.
258 3513 336 3586 xviru
357 3521 390 3588 in
418 3544 498 3590 voce
516 3523 651 3612 aperuit
677 3543 690 3588 .·
711 3549 728 3584 «
755 3522 913 3610 vigilanti
938 3523 1043 3590 verbo
1066 3508 1277 3610 evangelista
1301 3542 1381 3588 usus
1409 3522 1474 3597 est,

154 3632 282 3693 utnon
300 3626 427 3694 diceret
448 3653 456 3696 :
482 3626 573 3695 latus
601 3627 673 3695 eius
697 3632 863 3718 percussit
890 3637 949 3696 aut
972 3629 1164 3711 vulneravit
1184 3634 1246 3706 aut
1262 3625 1347 3719 quid
1367 3622 1474 3706 aliud,

153 3732 213 3800 sed
227 3734 378 3824 aperuit,
408 3740 444 3800 ut
464 3734 534 3801 illic
553 3734 809 3825 quodammodo
824 3738 914 3803 vitae
935 3735 1058 3803 ostium
1074 3721 1296 3825 panderetur,
1313 3731 1405 3799 unde
1425 3752 1478 3798 sa-

115 3892 117 3897 ,
154 3848 329 3908 crementa
344 3841 513 3908 Ecclesiae
530 3849 771 3922 manaverunt,
790 3842 861 3910 sinc
877 3843 1002 3932 quibus
1020 3842 1062 3910 ad
1078 3842 1183 3909 vitam
1204 3863 1294 3932 quae
1308 3861 1388 3906 vera
1409 3838 1479 3903 vita

155 3954 204 4014 est
225 3969 294 4014 non
310 3950 459 4014 intratur
481 3970 514 4026 »3
535 3948 665 4036 legitur
679 3950 809 4039 quippe
832 3950 866 4014 in
883 3949 1000 4039 paucis
1016 3948 1215 4017 minusculis
1234 3955 1367 4033 ἤνοιξεν,
1384 3941 1477 4012 unde

152 4051 189 4119 in
204 4055 297 4142 vulg.
320 4077 458 4145 quoque
479 4054 636 4144 upreruit,·
654 4054 763 4121 sedin
785 4062 897 4122 vetere
918 4078 1054 4146 quoque
1076 4055 1184 4123 latina
1197 4054 1354 4122 versione
1369 4050 1478 4119 habe-

152 4158 279 4228 batur:
310 4163 474 4252 pupugit,
495 4163 662 4250 percussit
681 4167 714 4227 et
729 4162 890 4251 perfodit,
914 4161 979 4229 lilii
997 4163 1085 4229 latus
1104 4168 1177 4229 lesu
1194 4184 1264 4229 esse
1279 4180 1478 4251 percussum

152 4264 292 4348 docent,
308 4274 346 4333 ut
362 4290 425 4357 per
436 4268 588 4336 saucium
607 4267 695 4334 latus
709 4268 833 4335 vulnus
851 4268 966 4336 lateris
980 4269 1003 4335 i.
1027 4293 1056 4336 e.
1079 4273 1166 4335 Evae
1181 4271 1361 4335 sanaretur
1376 4265 1478 4356 (Apo-

153 4371 318 4458 tinarius,
340 4374 484 4465 Theopb.
514 4373 648 4463 Eum).
675 4377 710 4440 ln
737 4376 801 4442 hac
827 4375 1043 4465 percussione
1071 4375 1186 4442 lateris
1205 4372 1387 4464 cordisque
1403 4374 1476 4437 lesu

155 4480 407 4563 vulneratione,
425 4502 529 4569 quam
545 4482 687 4568 sanguis
702 4487 735 4547 ct
749 4503 839 4571 aqua
854 4483 1014 4572 prodiens
1035 4489 1186 4566 testatur,
1202 4480 1336 4548 devotio
1353 4483 1388 4544 et
1404 4475 1477 4544 cul-

156 4591 208 4654 tus
218 4587 436 4654 sacratissimi
451 4588 570 4655 Cordis
585 4589 666 4679 ipsis
679 4590 783 4655 sacris
798 4588 918 4655 litteris
933 4590 1193 4656 commendatur
1207 4587 1337 4678 quippe
1351 4581 1479 4675 quibus

157 4693 312 4780 explicite
332 4694 393 4760 illa
412 4696 581 4783 percussio
596 4700 765 4762 narratur.

202 4803 272 4867 lo‘m
293 4802 378 4868 haec
396 4823 484 4889 quae
500 4803 654 4868 narravit
670 4801 880 4887 evangelista
899 4802 1055 4868 sollemni
1080 4800 1181 4867 modo
1195 4822 1278 4867 vera
1293 4820 1364 4867 esse
1383 4803 1417 4866 et
1431 4798 1480 4863 ita

156 4905 247 4973 sacta
265 4912 408 4975 testatur
430 4930 462 4973 v.
485 4914 526 4974 35
552 4921 584 4973 et
607 4911 669 4998 qui
691 4905 779 4973 vidit
803 4909 1034 4975 testimonium
1053 4906 1230 4997 perbibuit
1251 4915 1480 4996 μεμαρτύρηκεν
