4116 5648
781 365 840 417 oux
860 362 1024 412 occasionn
1044 369 1130 413 0000
1150 365 1199 411 srr
1219 363 1370 413 scaurus.
1402 370 1404 374 ¹
1701 352 1739 412 23
1832 368 1835 373 ·
1868 407 1931 449 ἢ

416 501 481 587 cet)
497 517 572 563 rem
587 497 810 567 christianam
833 493 1136 568 infestabatuam
1150 517 1229 563 mox
1244 505 1322 588 post
1339 496 1476 564 ruinam
1490 497 1588 563 urbis
1603 506 1637 565 et
1652 508 1738 571 tem-

415 605 465 697 pli
489 602 672 696 principes*
689 600 915 672 rabbinorum
943 603 1111 672 lumniam
1137 605 1235 692 quasi
1257 623 1382 672 novam
1409 601 1529 668 urbem
1552 607 1737 675 Ierusalem
1851 659 1854 663 .
1902 585 1931 696 i

413 710 663 780 constituerunt
676 706 793 796 ibique
811 709 1035 779 celebrabant
1053 717 1245 778 conventus
1259 709 1304 776 ad
1322 708 1417 795 leges
1433 709 1632 778 condendas
1646 718 1680 777 01
1693 714 1736 779 ad

413 818 594 907 populares
606 813 759 897 moribus
768 824 802 883 et
812 813 1213 905 traditionibuspaternis
1224 816 1441 883 coercendos.
1455 817 1675 899 Utilamniae,
1690 818 1738 885 ita
1805 868 1807 874 ,
1837 884 1839 888 ,
1869 782 1931 828 Ἀ

411 925 447 990 10
462 925 538 1004 aliis
550 941 686 1013 quoque
705 922 865 1005 urbibus,
884 919 1036 1008 Lyddae,
1054 926 1256 1001 Caesareae,
1275 920 1412 989 scholae
1431 922 1737 991 instituebantura
1864 942 1882 1013 4

277 1065 282 1081 .
413 1031 577 1101 rabbinis.
596 1027 728 1105 Primus
741 1030 859 1095 doctor
879 1031 913 1093 et
928 1048 1067 1116 praeses
1082 1025 1237 1115 synedrii
1254 1026 1347 1094 illius
1361 1027 1443 1095 novi
1462 1033 1536 1095 erat
1554 1030 1695 1096 Gamliel
1709 1035 1736 1098 ll
1802 1038 1804 1040 ’

280 1129 283 1134 ’
415 1137 484 1227 (00.
502 1136 654 1223 auus).
674 1134 824 1202 Rabbini
846 1154 927 1200 vero
951 1136 1088 1203 animos
1107 1131 1248 1201 hostiles
1267 1133 1305 1200 in
1325 1133 1532 1202 Christianos
1549 1135 1734 1222 gerebant;
1862 1128 1881 1229 a

274 1282 277 1286 Δ
407 1267 469 1313 eos
489 1239 658 1310 vocabant
675 1265 756 1316 nun
771 1237 884 1306 ninim
909 1240 993 1332 (000
1008 1262 1092 1315 voce
1112 1261 1171 1306 eos
1186 1243 1226 1306 ut
1238 1244 1421 1331 ,apostatas
1439 1241 1679 1329 designabant)
1699 1248 1736 1310 et

411 1351 628 1441 Epicuraeos;
642 1368 760 1416 vocem
772 1346 944 1434 evangelii
962 1351 1141 1414 mutarunt
1153 1348 1189 1413 in
1208 1343 1298 1414 ave'n
1313 1346 1350 1437 11.
1366 1345 1586 1438 0101001100)
1600 1353 1634 1414 et
1648 1376 1664 1409 0
1685 1372 1738 1416 ar-
1918 1376 1929 1434 3

411 1459 576 1545 gumenta
590 1455 855 1545 Epicuraeorum
870 1481 887 1516 a
901 1454 1053 1524 refutare
1064 1453 1089 1519 i.
1107 1474 1137 1521 e.
1152 1452 1423 1520 Christianorum
1437 1458 1642 1541 argumenta
1658 1476 1738 1521 000-

412 1559 1222 1640 velleremaximeintereratillorumdoctorum3
1239 1559 1739 1651 «scitoquomodolipicuraeis
1867 1582 1872 1623 ;
1897 1612 1929 1656 ,Δ

277 1723 307 1743 ,.
411 1667 614 1758 respondeas
626 1695 642 1730 a
657 1689 759 1756 saepe
772 1666 818 1733 ab
829 1665 898 1734 illis
911 1665 1151 1735 inculcabatur
1162 1667 1319 1755 (011001,
1332 1665 1532 1734 Geschichte
1546 1666 1606 1734 (100
1617 1667 1738 1735 luden-

275 1756 280 1795 ³
408 1774 525 1842 thums
542 1780 566 1841 ll
580 1798 614 1864 p.
636 1774 884 1856 mesor-ta).
903 1776 943 1838 Et
956 1774 1020 1839 has
1042 1771 1266 1839 rabbinorum
1284 1773 1564 1863 impugnationes
1581 1779 1615 1840 et
1626 1774 1738 1840 inimi·

412 1881 507 1949 citius
527 1882 631 1949 etiam
653 1880 722 1948 illis
739 1878 913 1948 illustrare
935 1879 1016 1946 licet
1038 1901 1130 1968 quae
1150 1879 1303 1947 lustinus
1325 1880 1441 1963 affert,
1462 1879 1638 1969 disputans
1661 1902 1738 1946 cum
1842 1960 1846 1967 ι
1868 1904 1931 1964 ···,

275 2049 282 2058 .
410 1988 591 2078 Tryphone
611 1989 737 2056 ludaeo
752 2008 759 2054 :
777 1985 925 2054 (10100100
944 1984 1103 2053 homines
1123 1985 1346 2053 constituistis
1364 2007 1404 2053 ac
1423 2007 1486 2075 per
1499 2007 1557 2053 eos
1574 1985 1613 2052 in
1629 1992 1736 2052 totum

408 2092 527 2160 orbem
542 2101 713 2162 terrarum
726 2094 845 2160 missos
857 2092 1082 2183 praedicastis
1095 2091 1240 2181 impiam
1254 2092 1431 2183 quandam
1446 2098 1480 2159 et
1497 2091 1651 2179 exlegem
1670 2115 1739 2159 sec-

409 2205 479 2266 tam
493 2222 515 2267 a
529 2200 634 2289 plano
649 2201 799 2290 quodam
815 2205 888 2266 lesu
902 2198 1053 2266 Galilaeo
1067 2200 1248 2267 excitatam
1269 2221 1341 2267 esse
1356 2206 1390 2266 et
1403 2220 1482 2267 cum
1493 2199 1592 2266 illum
1607 2200 1739 2266 anobis

279 2346 283 2352 ·
336 2314 337 2317 ’
409 2306 607 2373 crucifixum
623 2306 782 2396 discipuli
798 2329 838 2374 ex
852 2313 1077 2374 monumento
1089 2305 1126 2372 in
1140 2328 1208 2395 quo
1223 2305 1396 2397 depositus
1412 2307 1526 2373 fuerat
1539 2310 1643 2372 noctu
1656 2306 1736 2372 suh

313 2437 316 2440 ⁴
411 2403 597 2502 ripuarint,
623 2413 734 2503 decipi
756 2413 801 2481 ab
823 2411 891 2479 illis
916 2411 1076 2479 homines
1101 2412 1146 2502 (c.
1168 2413 1296 2501 tryph.
1319 2435 1355 2480 n.
1380 2417 1462 2490 1083
1483 2413 1530 2478 Μ.
1553 2416 1671 2493 6,716;
1693 2412 1735 2476 01.

411 2541 445 2587 n.
465 2520 519 2608 17)
534 2525 568 2587 et
583 2521 714 2610 pariter
736 2542 744 2588 :
763 2541 820 2585 vos
833 2539 962 2586 nomen
977 2523 1051 2584 lesu
1070 2518 1261 2607 profanatis
1275 2506 1310 2584 et
1326 2523 1366 2584 nt
1382 2520 1417 2584 in
1433 2523 1505 2585 1010
1520 2517 1604 2584 orbe
1621 2518 1738 2607 profa-

409 2632 509 2693 netur
537 2648 678 2715 operam
700 2626 789 2693 datis
818 2626 865 2713 (n.
889 2632 965 2692 117.
993 2630 1073 2703 1203
1092 2627 1139 2691 Μ.
1159 2627 1372 2712 tatanus).
1387 2628 1542 2692 Ceterum
1566 2625 1627 2691 etsi
1656 2624 1739 2690 haec

410 2732 603 2801 testimonia
617 2733 788 2815 deessent,
803 2731 874 2799 iam
886 2730 980 2799 exiis
995 2752 1085 2821 quae
1102 2730 1140 2797 in
1154 2737 1226 2797 het.
1244 2730 1288 2798 de
1302 2730 1580 2798 infestationibus
1594 2732 1736 2797 ludaeo-

409 2860 486 2905 rum
506 2837 670 2925 leguntur
684 2840 873 2906 necessario
888 2843 974 2905 esset
994 2836 1273 2905 concludendum
1292 2837 1436 2905 ludaeos
1456 2838 1559 2904 etiam
1572 2842 1650 2927 post
1666 2837 1738 2903 rui-

409 2966 489 3010 nam
503 2944 598 3011 urbis
611 2945 706 3010 omni
723 2966 791 3033 quo
806 2950 946 3034 possent
961 2943 1066 3009 modo
1086 2948 1207 3010 contra
1216 2942 1425 3010 Christianos
1439 2944 1557 3029 egisse.

453 3055 594 3117 loannes
608 3049 716 3136 igitur
732 3049 979 3117 demonstravit
995 3048 1176 3135 evangelio
1196 3071 1258 3116 suo
1273 3055 1385 3136 lesum
1403 3071 1473 3116 esse
1488 3050 1673 3132 Christum,
1688 3050 1738 3115 Fi-

410 3156 495 3224 lium
510 3157 582 3238 1101,
595 3156 743 3223 Verbum
759 3157 974 3223 incarnatum
989 3160 1024 3222 et
1035 3155 1102 3223 hac
1115 3177 1178 3223 sua
1195 3154 1485 3224 demonstratione
1499 3155 1600 3223 initia
1611 3156 1737 3242 gnosti-

410 3262 505 3331 cismi
525 3285 566 3329 eo
580 3262 655 3352 ipso
669 3262 847 3343 convellit;
866 3284 985 3329 verum
1001 3263 1178 3351 potissime
1194 3261 1268 3348 agit
1284 3268 1404 3329 contra
1418 3260 1576 3344 ludaeos,
1591 3263 1737 3352 ideoque

330 3354 342 3384 ³
408 3392 450 3436 ea
462 3369 577 3456 seligit
590 3369 755 3437 miracula
772 3391 860 3459 quae
874 3368 913 3434 in
927 3367 1014 3434 urbe
1028 3390 1146 3435 coram
1160 3367 1322 3436 omnibus
1341 3373 1477 3459 patrata
1493 3369 1734 3450 innotuerunt,

283 3557 286 3560 ῃ
408 3497 466 3542 000
487 3475 602 3571 seligit
621 3497 793 3541 sermones
811 3497 897 3564 quos
919 3479 1011 3541 lesus
1035 3473 1079 3540 ad
1102 3473 1189 3560 legis
1213 3473 1370 3541 doctores
1393 3474 1531 3555 direxit,
1549 3496 1736 3565 eorumque

409 3581 579 3648 malitiam
605 3586 640 3648 et
660 3581 910 3648 contumaciam
937 3580 1038 3648 toties
1063 3580 1285 3669 spectandam
1311 3581 1451 3648 exhibet
1477 3580 1534 3670 (01.
1560 3580 1680 3647 Aberle
1700 3581 1736 3648 in

409 3686 1050 3776 11100100000010100101111861,053
1064 3709 1135 3776 seq.
1148 3693 1246 3768 1861,
1258 3710 1294 3777 p.
1308 3693 1368 3770 2t3
1382 3686 1540 3778 Keppler,
1556 3688 1737 3755 lohannes-

412 3793 633 3880 Evangelium
655 3792 728 3860 und
751 3793 812 3860 das
834 3792 926 3859 Ende
956 3793 1016 3858 des
1039 3799 1153 3860 ersten
1181 3793 1309 3861 christl.
1337 3793 1588 3861 Jahrhunderts
1616 3816 1650 3883 p.
1677 3801 1735 3876 103

410 3899 559 3984 Saliam,
578 3902 794 3968 commentar
807 3922 841 3989 p.
860 3901 928 3988 16).
948 3903 1036 3965 llaec
1051 3905 1165 3965 autem
1187 3901 1324 3990 exponit
1337 3906 1375 3968 ut
1386 3899 1504 3968 lideles
1516 3900 1620 3967 fidem
1633 3923 1736 3990 quam

411 4011 641 4098 conceperunt
652 4006 797 4073 firmiter
809 4009 963 4087 teneant,
987 4009 1024 4070 ut
1037 4004 1239 4071 muniantur
1253 4011 1373 4073 contra
1387 4006 1681 4095 impugnationes,
1700 4014 1737 4072 ut

411 4114 521 4180 sciant
535 4111 706 4202 quomodo
720 4116 810 4179 lesus
826 4135 847 4179 a
862 4132 1041 4199 synagoga
1054 4111 1099 4177 sit
1115 4111 1275 4193 reiectus,
1293 4117 1380 4178 etut
1396 4111 1595 4198 intelligant
1613 4111 1737 4178 infide-

412 4217 542 4285 litatem
561 4218 756 4308 principum
781 4218 876 4284 nullo
898 4216 1000 4283 modo
1024 4216 1278 4305 praeiudicium
1302 4217 1430 4285 inferre
1453 4239 1574 4285 causae
1601 4217 1733 4284 Christi.

411 4325 490 4390 Vult
503 4324 611 4411 igitur
626 4324 727 4392 modo
740 4323 865 4391 invicto
876 4325 1116 4412 demonstrare
1126 4346 1166 4390 ex
1181 4328 1255 4392 lesu
1268 4324 1429 4414 operibus
1440 4332 1474 4392 et
1487 4324 1681 4391 testimonio
1693 4324 1735 4390 de

413 4452 540 4498 seeum
556 4453 627 4498 esse
643 4431 812 4500 Christum
826 4436 860 4496 et
874 4430 999 4497 Filium
1018 4430 1076 4496 1)οἰ
1093 4435 1128 4496 01
1142 4434 1253 4496 lesum
1271 4430 1308 4496 id
1320 4430 1467 4499 ducibus
1482 4453 1617 4520 000000
1633 4453 1735 4518 syna-

413 4559 525 4626 gogae
545 4538 660 4605 multis
681 4539 844 4628 probasse
868 4537 1095 4624 argumentis.
1118 4535 1300 4604 Imminere
1322 4537 1522 4605 Christianis
1545 4538 1736 4627 periculum

411 4644 696 4733 impugnationis,
715 4644 903 4735 periculum
923 4643 1005 4710 tidei
1029 4643 1254 4726 amittendae,
1274 4642 1382 4711 immo
1401 4645 1470 4710 iam
1489 4642 1622 4734 aliquos
1643 4630 1736 4710 desess

415 4748 500 4817 cisse
515 4756 548 4817 01
557 4751 661 4817 fidem
673 4749 767 4817 illam
783 4751 991 4840 oppugnari,
1008 4749 1220 4817 sufficienter
1233 4754 1329 4839 patet
1341 4775 1380 4818 ex
1393 4750 1505 4840 prima
1518 4750 1652 4817 loannis
1669 4750 1736 4837 epi·
