4116 5648
929 524 972 573 ΡΒ
993 524 1108 580 sehero
1125 527 1249 572 lonicus.

322 648 325 651 ’
428 637 628 755 ephesinus,
651 662 809 728 loannem
833 663 986 728 recenset
1010 657 1099 728 inter
1126 664 1246 745 μεγάλα
1273 675 1407 747 στοιχεῖα
1432 656 1546 739 Asiae;
1568 683 1584 717 κ
1607 659 1758 747 pontifex
1831 643 1861 703 ''-

429 767 561 838 llomini
583 765 662 844 luit,
687 787 829 835 auream
853 764 1020 832 laminam
1041 769 1074 834 in
1099 767 1212 831 fronte
1238 766 1404 853 portavit,
1431 771 1563 852 martyr
1581 769 1615 831 et
1638 764 1758 832 doctor
1839 765 1877 859 ,ζ’

428 877 509 954 fuit,
527 872 586 962 qui
602 871 724 961 Ephesi
747 873 903 963 sepultus
926 875 976 938 est
996 902 1011 934 n
1034 871 1142 963 (apud
1159 869 1280 936 Euseb.
1298 871 1333 936 h.
1350 894 1379 936 e.
1402 877 1500 951 3,31;
1523 877 1619 953 5‚2t;
1635 873 1682 938 Μ.
1700 877 1755 953 20,
1849 830 1868 916 'f

304 968 327 1045 ”.
430 985 505 1046 080.
535 978 633 1064 t93);
658 978 764 1047 immo
787 975 1029 1066 gravissimum
1053 975 1153 1045 nobis
1174 979 1346 1042 servatum
1370 980 1420 1043 est
1442 974 1550 1065 ipsius
1577 976 1759 1069 Polycarpi

321 1078 328 1161 ’,
430 1084 661 1152 testimoninm
685 1087 727 1154 de
741 1085 1013 1153 commoratione
1029 1082 1196 1173 ephesina
1224 1081 1378 1163 loannis;
1400 1104 1481 1149 nam
1501 1087 1661 1149 irenaeus
1677 1106 1757 1151 nar·
1845 1078 1865 1167 ῤ’

432 1197 483 1257 rat
502 1213 510 1258 :
532 1198 612 1258 sunt
630 1193 690 1284 qui
706 1191 891 1259 audierunt
905 1191 1134 1279 Polycarpum
1156 1187 1346 1270 (licentem,
1359 1189 1523 1278 quoniam
1540 1194 1682 1257 loannes
1696 1195 1758 1257 lto-
1844 1177 1851 1205 ²

431 1293 516 1364 mini
531 1298 718 1391 discipulus
743 1296 779 1361 in
810 1296 942 1385 Epheso
957 1297 1032 1364 iens
1051 1294 1179 1375 lavari,
1197 1317 1274 1362 cum
1295 1294 1436 1361 vidisset
1456 1296 1549 1361 intus
1565 1296 1759 1364 Cerinthum

288 1388 312 1475 g]-
340 1481 343 1485 ,
431 1404 593 1473 exsilierit
623 1406 665 1472 de
685 1403 812 1469 balneo
839 1425 910 1471 non
929 1406 1021 1470 lotus
1043 1401 1136 1490 (adv.
1157 1402 1252 1468 haer.
1275 1409 1344 1482 3,3.
1368 1409 1405 1482 t;
1427 1403 1474 1468 M.
1497 1408 1616 1484 7,853;
1634 1398 1757 1471 uusebj
1851 1410 1863 1498 ’ἓ

306 1506 310 1513 ’
432 1512 465 1580 h.
484 1537 514 1580 e.
530 1518 629 1594 3283
652 1511 698 1575 M.
714 1509 868 1596 00376).
887 1512 967 1578 Eius
984 1508 1268 1575 commorationis
1282 1508 1376 1575 testis
1387 1514 1437 1575 est
1455 1507 1659 1598 Apollonius
1674 1533 1760 1600 quo-
1852 1530 1860 1569 τ

431 1642 497 1710 que
517 1616 672 1684 eiusdem
693 1637 770 1682 cum
794 1615 974 1702 Polycrate
997 1616 1133 1697 aetatis,
1150 1615 1212 1704 qui
1237 1615 1281 1682 ab
1307 1618 1430 1681 loanne
1447 1622 1619 1683 mortuum
1638 1617 1761 1706 Ephesi
1843 1694 1850 1703 .

430 1724 628 1792 suscitatum
648 1744 727 1794 esse
742 1731 862 1789 narrat
887 1721 994 1811 (apud
1018 1723 1140 1789 Enseb.
1165 1722 1199 1787 h.
1217 1744 1248 1794 c..
1264 1726 1360 1804 5,18;
1377 1723 1426 1788 M.
1445 1723 1597 1811 20080).
1612 1723 1760 1790 Eandem
1844 1716 1855 1789 .’

431 1829 735 1897 commorationem
751 1835 920 1896 testantur
939 1828 1093 1895 Clemens
1107 1829 1194 1896 alex.
1217 1828 1252 1894 in
1267 1827 1462 1896 narratione
1482 1826 1526 1894 de
1541 1829 1661 1896 iuvene
1680 1852 1761 1896 con·
1816 1867 1819 1872 ·

432 1959 528 2003 verso
544 1934 636 2025 (quis
650 1935 761 2019 dives,
784 1936 861 2024 02),
882 1934 1064 2025 Ονίφεηεε,
1086 1934 1254 2002 Eusebius
1268 1935 1318 2024 (h.
1338 1957 1368 2001 e.
1390 1936 1472 2018 3‚1).

476 2047 601 2111 Contra
616 2064 704 2131 qnae
724 2041 937 2109 testimonia¹
964 2042 1072 2132 aliqui
1091 2041 1267 2131 excipiunt
1288 2046 1449 2108 loannem
1466 2042 1657 2131 apostolum
1674 2064 1762 2108 nun-

436 2171 544 2241 quam
568 2148 668 2216 luisse
693 2149 727 2214 in
751 2148 829 2214 Asia
849 2157 884 2215 et
902 2170 960 2214 eos
980 2148 1177 2237 omnesqui
1199 2146 1242 2213 de
1263 2152 1390 2214 loannc
1404 2146 1561 2236 apostolo
1576 2146 1764 2237 loquuntur

434 2278 563 2324 errasse
578 2263 614 2323 et
625 2256 771 2324 alterum
786 2260 949 2321 loannem
963 2253 1317 2344 presbyterumabiis
1332 2254 1535 2321 habitumet
1549 2254 1763 2321 nominatum
1846 2246 1868 2278 ·’
1905 2244 1943 2353 333¹

373 2357 376 2360 ’
434 2385 504 2431 esse
534 2367 696 2433 loannem
715 2362 910 2452 apostolum
937 2362 998 2449 (ita
1021 2361 1232 2428 Holtzmcnn
1258 2362 1293 2427 in
1320 2361 1504 2442 Schenkel‚
1529 2361 1691 2429 Bibeller.
1722 2365 1762 2429 lll

434 2494 468 2560 p.
484 2476 549 2538 352
563 2492 633 2559 seq.
654 2469 849 2557 Einleitung
864 2471 900 2534 in
913 2468 936 2534 d
951 2474 976 2534 N
991 2467 1115 2536 Taed.
1133 2492 1167 2558 p.
1186 2474 1267 2550 t72;
1282 2468 1441 2535 similiter
1454 2469 1626 2550 Scholten‚
1643 2467 1762 2558 Keim).

437 2582 558 2643 Verum
587 2576 672 2641 haec
700 2575 804 2665 plane
819 2574 1041 2646 incredibilia
1063 2582 1154 2641 sunt.
1185 2576 1295 2660 lgitur
1323 2578 1466 2640 loannes
1487 2572 1659 2663 apostolus
1674 2596 1764 2640 nun·

437 2705 541 2774 qnam
557 2682 622 2748 init
634 2681 670 2747 in
686 2681 764 2748 Asia
778 2690 813 2747 et
825 2681 1052 2751 nihilominus
1070 2686 1231 2748 lrenaeus
1246 2680 1345 2747 toties
1361 2679 1396 2746 id
1412 2681 1546 2746 asserit!
1561 2680 1683 2746 lticunt
1697 2685 1764 2747 lre-

437 2812 561 2858 naeum
579 2787 815 2875 grandaevum
836 2789 938 2853 istum
958 2787 1167 2857 commisisse
1185 2808 1352 2854 errorem.
1372 2786 1439 2852 Sed
1456 2787 1517 2876 qui
1532 2787 1596 2853 hoc
1616 2785 1691 2854 fieri
1706 2810 1766 2876 po·

437 2899 554 2977 luerit,
579 2916 681 2962 nemo
699 2893 894 2983 explicabit.
924 2898 1008 2960 Nam
1027 2900 1187 2964 lrenaeus
1208 2893 1340 2960 iuvenis
1356 2893 1493 2960 virebat
1507 2898 1671 2981 Smyrnae
1688 2916 1765 2961 eum

346 3059 351 3069 ,
438 3004 641 3092 Polycarp03
655 3024 694 3067 ex
717 3002 789 3067 eius
811 3023 870 3067 ore
893 2999 1028 3066 audivit
1047 3023 1136 3090 quae
1160 3005 1304 3067 loannes
1318 2999 1452 3078 docuit3
1471 2999 1557 3067 haec
1569 3022 1605 3066 se
1619 3001 1695 3066 tiva
1711 3022 1765 3067 re·

439 3110 545 3174 tinere
561 3109 728 3173 memoria
740 3107 861 3172 scribit
878 3106 922 3172 ad
942 3106 1117 3173 Florinum
1135 3129 1145 3174 t
1164 3134 1180 3168 «
1202 3106 1273 3172 vidi
1289 3111 1321 3171 te
1337 3127 1415 3172 cum
1428 3105 1543 3172 adhuc
1557 3128 1643 3196 puer
1659 3127 1765 3173 essem

437 3216 475 3281 in
486 3214 648 3281 interiore
664 3213 740 3279 Asia
756 3212 851 3301 apud
866 3212 1107 3300 Polycarpum,
1122 3234 1201 3279 cum
1216 3212 1252 3278 in
1264 3211 1574 3300 imperatoriaaula
1588 3212 1766 3302 splendide
1803 3250 1807 3257 ·
1877 3202 1907 3225 ⁴'

438 3342 559 3408 ageres
572 3327 606 3387 et
625 3318 674 3385 illi
696 3327 729 3385 te
754 3319 904 3408 probare
919 3319 1103 3385 conareris.
1130 3322 1215 3384 Nam
1231 3340 1376 3408 eaquae
1396 3329 1478 3385 tunc
1492 3325 1588 3405 gesta
1599 3325 1679 3400 sunt¹
1696 3341 1766 3385 me-

440 3428 505 3493 lius
524 3427 690 3493 memoria
710 3432 811 3492 teneo
831 3446 936 3515 quam
957 3446 1046 3515 quae
1069 3446 1180 3513 nuper
1194 3424 1412 3508 acciderunt,
1431 3425 1517 3492 adeo
1534 3431 1571 3491 ut
1588 3426 1699 3493 locum
1711 3425 1766 3492 di·
1862 3457 1865 3461 >

439 3557 515 3601 cere
535 3533 660 3623 possim
685 3533 721 3605 in
749 3553 817 3620 quo
844 3532 966 3597 sedens
985 3532 1105 3599 beatus
1127 3533 1336 3621 Polycarpus
1362 3531 1566 3616 disserebat,
1593 3554 1767 3622 processus

439 3663 577 3729 quoque
599 3640 671 3705 eius
692 3645 726 3704 et
749 3639 924 3724 ingressus
943 3638 1101 3727 vitaeque
1123 3637 1263 3704 modum
1286 3644 1320 3704 et
1338 3638 1494 3728 corporis
1515 3638 1681 3727 speciem,
1700 3661 1767 3707 ser-

441 3768 559 3812 mones
577 3746 726 3834 denique
744 3766 829 3833 quos
847 3744 893 3811 ad
911 3744 1170 3811 multitudinem
1187 3744 1339 3811 habehat
1354 3752 1387 3812 et
1400 3745 1607 3812 familiarem
1626 3768 1767 3814 consuc-

443 3852 595 3920 tudinem
617 3875 705 3941 quae
734 3851 785 3917 illi
816 3873 896 3918 erun
923 3856 1049 3917 loanne
1074 3857 1108 3917 et
1133 3851 1275 3940 reliquis
1313 3852 1374 3941 qui
1400 3853 1580 3918 Dominum
1613 3851 1784 3920 viderant·

442 3958 641 4039 intercessit,
655 3964 691 4024 ut
706 3958 887 4039 narrabat,
901 3964 934 4023 et
950 3959 1099 4046 qualiter
1111 3957 1204 4024 dicta
1218 3980 1335 4024 eorum
1350 3957 1652 4039 commemorabat,
1666 3982 1768 4049 quae-

443 4088 510 4155 que
525 4063 569 4130 dc
588 4064 727 4129 Domino
750 4086 789 4130 ex
802 4063 884 4152 ipsis
899 4062 1072 4145 audierat,
1095 4063 1137 4129 de
1155 4064 1328 4130 miraculis
1348 4065 1440 4131 illius
1459 4065 1562 4131 etiam
1577 4087 1617 4130 ac
1632 4064 1673 4131 de
1689 4066 1769 4134 doc·

341 4212 350 4220 ··
444 4172 535 4238 trina
570 4192 658 4260 quae
685 4169 730 4236 ab
761 4171 803 4236 iis
834 4170 895 4258 qui
922 4170 1071 4236 Verbum
1104 4171 1195 4236 vitae
1225 4170 1293 4258 ipsi
1319 4176 1565 4259 conspexerant
1592 4180 1770 4259 acceperat
1820 4256 1823 4263 Ι

445 4279 665 4366 PolycarpuS,
689 4276 835 4366 qualiter
863 4276 1051 4354 referebat,
1075 4281 1201 4342 cuncta
1225 4277 1410 4366 Scripturis
1438 4298 1622 4343 consona»
1650 4278 1709 4365 (ll.
1737 4288 1768 4361 7,

447 4385 559 4471 1227).
586 4383 680 4450 ldem
701 4386 856 4450 lrenaeus
883 4382 1028 4451 scribit:
1051 4412 1066 4443 α
1094 4383 1304 4472 Polycarpus
1328 4384 1372 4450 ab
1394 4383 1556 4473 apostolis
1581 4383 1719 4452 edoctus
1737 4393 1772 4452 et

480 4549 498 4590 1.
516 4541 590 4591 Haud
606 4541 734 4591 immerito
750 4539 813 4590 dicit
831 4542 1017 4592 Weizsaecter
1030 4544 1210 4605 argumentum
1227 4541 1338 4605 primum
1353 4547 1378 4592 et
1389 4556 1434 4606 per
1444 4557 1469 4591 se
1483 4540 1609 4592 sufficiens
1623 4556 1679 4593 esse
1693 4544 1773 4606 ipsam

446 4622 626 4685 apocalypsim
642 4635 698 4670 nam
713 4622 735 4672 si
756 4621 790 4671 sit
814 4635 828 4670 a
854 4622 949 4673 loenne
970 4621 1100 4685 apostolo,
1115 4634 1148 4670 eo
1164 4622 1220 4682 ipso
1237 4623 1293 4672 eins
1312 4623 1540 4672 commorationem
1559 4623 1705 4685 ephesinum
1719 4637 1774 4673 esse

447 4701 595 4766 probatem
610 4701 631 4750 si
645 4702 680 4750 sit
701 4701 841 4766 composite
854 4700 887 4750 ab
900 4702 951 4752 alio
964 4702 1013 4752 snb
1026 4702 1128 4752 nomine
1143 4701 1261 4761 loannis,
1277 4701 1344 4752 idem
1361 4702 1547 4761 demonstrari;
1565 4703 1691 4752 neminem
1706 4702 1774 4753 enim

447 4781 572 4832 eiusmodi
584 4782 708 4830 rationem
723 4780 849 4831 scribendi
866 4781 962 4832 audere
977 4783 1106 4846 potuisse,
1124 4783 1145 4831 si
1161 4783 1270 4832 loannes
1286 4797 1338 4832 non
1357 4783 1446 4831 tuimet
1462 4782 1555 4846 Ephesi
1575 4783 1696 4846 (Apostol.
1709 4780 1775 4832 Zeit-

448 4860 521 4920 alter.
542 4866 609 4918 1892.
630 4874 653 4925 p.
672 4862 736 4921 tto).
751 4863 818 4912 Bene
835 4873 939 4924 quoque
959 4861 1022 4912 dicit
1036 4862 1085 4911 atie
1105 4875 1208 4925 quoque
1223 4875 1268 4924 pro
1281 4861 1481 4913 commoratione
1495 4860 1539 4911 itta
1554 4867 1655 4926 praesto
1668 4875 1724 4912 esse
1738 4877 1775 4915 ar.

449 4946 567 5004 gumentc
582 4940 691 5005 (irenaei
703 4943 763 5004 etc.)
775 4955 841 5006 quae
856 4940 1006 5004 neutiquam
1022 4942 1189 4993 destruantur
1203 4941 1245 4991 rel
1256 4942 1446 4994 convellantur.
