4116 5648
387 518 448 579 489.
914 533 995 580 man.
1021 524 1180 592 {out-28.

386 688 481 741 amat
506 698 578 759 vos,
606 669 690 761 quia
713 689 770 733 vos
792 691 846 735 me
872 672 1013 739 amastis
1036 685 1070 740 et
1090 667 1284 740 credidistis
1305 671 1389 758 quia
1409 695 1473 761 eqo
1494 697 1516 740 o
1539 675 1608 739 Deo
1631 677 1713 760 παρὰ

385 798 436 849 τοῦ
456 785 579 867 Πατρὸς
604 772 718 860 caiog-
742 779 840 842 Pater
865 775 934 840 iarn
961 801 1078 846 amore
1100 778 1138 846 in
1157 801 1219 846 vos
1232 775 1374 844 affectus
1388 783 1453 859 θεῖς
1468 781 1561 848 unde
1579 777 1713 845 dilectis

384 886 549 954 concedet
563 881 657 970 quod
674 886 796 970 petunt
808 886 909 947 Pater
923 884 1175 952 amantissimus
1192 887 1264 952 sine
1281 881 1442 949 ulteriore
1457 885 1708 954 intercessione.

384 999 501 1075 Sermo
526 993 576 1054 est
602 987 645 1055 de
671 1011 788 1056 amore
813 988 946 1075 gratiae
971 991 1226 1079 subsequentis,
1247 989 1308 1080 qui
1328 992 1571 1078 correspondet
1590 992 1711 1059 merito

383 1120 451 1188 quo
467 1101 669 1163 amaverunt
689 1102 810 1165 lesum.
836 1100 936 1162 Amat
954 1098 1026 1165 scil.
1049 1100 1136 1162 Deus
1153 1097 1187 1162 in
1207 1098 1257 1164 eis
1275 1095 1368 1187 quod
1380 1097 1454 1187 ipse
1467 1096 1504 1162 in
1518 1100 1567 1163 eis
1580 1100 1708 1179 etfacit,

382 1203 454 1292 ipse
479 1223 538 1267 eos
562 1202 607 1268 ad
631 1203 754 1270 Filium
777 1222 876 1268 suum
902 1206 1020 1285 traxit,
1043 1205 1115 1292 ipse
1129 1202 1225 1291 pium
1244 1225 1396 1270 amorem
1417 1203 1519 1284 fovit,
1535 1203 1608 1293 ipse
1628 1206 1710 1272 huic

380 1308 490 1375 amori
510 1311 703 1398 praemium
730 1309 888 1396 largitur.
916 1312 1016 1377 Amat
1037 1315 1124 1377 Deus
1148 1308 1394 1376 benefaciendo
1411 1314 1445 1376 et
1462 1308 1604 1377 inbono
1619 1312 1708 1378 lacto

380 1420 414 1480 et
427 1414 554 1482 collato
573 1414 837 1504 complacendo;
856 1413 929 1503 ipse
952 1415 1011 1481 dat
1030 1417 1158 1483 honum
1175 1414 1213 1480 in
1231 1435 1300 1502 quo
1316 1417 1507 1504 complacet
1516 1416 1581 1483 sibi
1596 1421 1630 1482 et
1643 1417 1710 1484 hoc

379 1519 411 1587 ei
426 1529 563 1609 gratum
579 1526 640 1589 est.
659 1521 753 1588 Unde
771 1527 866 1610 patet
881 1522 1033 1608 priorem
1051 1527 1155 1589 Deum
1171 1519 1316 1607 diligere
1334 1520 1582 1590 benefaciendo
1601 1531 1635 1590 et
1647 1523 1709 1591 do-

378 1629 512 1711 nando,
530 1634 568 1695 ut
586 1627 767 1694 credamus
785 1648 846 1693 nos
870 1632 904 1693 et
923 1626 1110 1714 diligamus
1123 1628 1311 1710 Christum3
1331 1626 1412 1694 dein
1426 1628 1464 1694 in
1483 1652 1524 1696 eo
1543 1630 1636 1718 quod
1650 1628 1709 1697 de-

378 1735 428 1803 dit
449 1734 514 1800 sibi
537 1733 729 1822 complacet
753 1739 786 1799 et
813 1738 957 1824 propter
977 1755 1017 1800 ea
1041 1756 1130 1823 quae
1149 1731 1298 1821 diligens
1314 1733 1417 1800 nobis
1434 1736 1599 1816 contulit,
1615 1743 1708 1804 amat

376 1863 439 1908 nos
458 1863 546 1906 nova
570 1838 640 1906 alia
665 1840 765 1907 nobis
783 1839 979 1906 exhibendo
1005 1841 1061 1929 (cl.
1095 1837 1192 1928 rota.
1217 1844 1339 1926 llagna
1358 1841 1461 1907 simul
1489 1841 1708 1931 praedicatur

376 1947 487 2033 gloria
508 1946 650 2028 Christi,
668 1945 750 2034 quia
769 1949 867 2013 Pater
893 1952 1035 2035 propter
1053 1968 1173 2014 eorum
1195 1947 1231 2037 in
1254 1947 1428 2014 Christum
1445 1945 1552 2023 ,fidem
1566 1954 1706 2017 etamo-

375 2074 448 2119 rem
464 2052 751 2142 propensissimus
768 2058 817 2119 est
834 2051 878 2119 ad
899 2054 1091 2119 orationem
1107 2051 1369 2120 exaudiendam.
1387 2058 1473 2120 Nota
1487 2063 1583 2141 φιλεῖν
1603 2056 1707 2123 allec-

375 2165 447 2225 tum
464 2158 578 2226 dicere
597 2164 768 2237 tenerum;
786 2182 826 2226 eo
841 2159 964 2226 affectu
981 2160 1090 2226 lertur
1103 2163 1203 2226 Pater
1216 2157 1254 2225 in
1273 2181 1331 2226 ecs
1348 2159 1407 2248 qui
1423 2159 1546 2227 Filium
1560 2168 1690 2230 amant.

418 2265 582 2332 Sollemni
602 2264 703 2332 modo
721 2264 870 2332 Christus
894 2266 999 2332 fidem
1016 2265 1262 2356 discipulorum
1277 2265 1459 2334 confirmat
1475 2272 1509 2333 et
1526 2267 1629 2334 simul
1649 2291 1706 2336 ar-

373 2380 578 2460 gumentum
597 2371 753 2439 enuntiat
768 2372 1043 2440 efficacissimum
1062 2395 1125 2462 pro
1139 2394 1201 2438 suo
1220 2371 1370 2440 discessu
1391 2372 1490 2463 (Tol.)
1511 2396 1706 2464 proponens

373 2480 472 2568 quasi
486 2478 662 2569 quoddam
677 2479 782 2546 totius
799 2480 886 2546 vitae
901 2501 983 2546 suae
1003 2479 1247 2569 compendium
1266 2501 1299 2544 v.
1322 2485 1366 2546 28
1391 2479 1484 2547 eaici
1504 2502 1527 2546 a
1548 2484 1651 2548 Patre
1672 2495 1705 2549 et
1765 2540 1767 2544 a

372 2587 451 2654 oeni
466 2586 504 2652 in
522 2584 712 2669 mundum
731 2586 853 2653 iterum
870 2585 1029 2675 relinquo
1045 2585 1213 2651 inermum
1228 2597 1261 2652 et
1274 2584 1363 2652 vado
1377 2584 1426 2653 cd
1439 2589 1577 2654 Patrem
1582 2607 1598 2672 ,·
1608 2589 1705 2677 prius

371 2693 470 2784 quasi
486 2695 586 2760 itera
607 2693 715 2759 Patris
729 2692 805 2760 sinu
824 2695 861 2758 in
885 2691 1070 2775 mundum,
1096 2690 1242 2759 alterum
1260 2691 1368 2781 (unde
1385 2692 1525 2780 iterum)
1538 2716 1560 2761 a
1575 2696 1703 2762 mundo

371 2800 407 2866 in
421 2801 570 2888 glorium
592 2799 686 2889 apud
713 2805 846 2866 Patrem
866 2799 1069 2878 instituitur3
1097 2799 1189 2865 exivi
1206 2797 1285 2866 vide
1310 2803 1407 2880 6,t6;
1429 2805 1526 2881 '1393
1544 2805 1624 2883 8,t2
1638 2823 1703 2889 ego

371 2930 410 2974 ex
439 2911 515 2973 Deo
532 2895 684 2997 processi
708 2913 741 2973 et
761 2905 856 2987 veni;
877 2913 967 2986 13,3.
993 2934 1009 2966 «
1032 2905 1118 2972 Exiit
1137 2928 1157 2972 a
1176 2911 1292 2987 Patre,
1309 2905 1392 2995 quia
1411 2906 1453 2972 de
1473 2912 1572 2974 Patre
1588 2914 1653 2989 est;
1665 2908 1702 2975 in

370 3015 539 3081 mundum
567 3014 660 3081 venit
686 3013 768 3103 quia
795 3013 923 3080 mundo
947 3034 1046 3079 suum
1072 3034 1196 3102 corpus
1217 3011 1368 3079 ostendit
1381 3013 1476 3103 quod
1498 3012 1542 3081 de
1564 3015 1701 3102 Virgine

369 3121 565 3211 assumpsit3
579 3120 718 3210 reliquit
733 3119 898 3186 mundum
915 3118 1088 3209 corporali
1105 3118 1325 3201 discessione,
1338 3119 1491 3209 perrexit
1505 3120 1551 3188 ad
1564 3125 1699 3189 Patrem

369 3228 517 3295 hominis
532 3228 726 3295 ascensione
748 3248 811 3293 nec
827 3227 994 3293 mundum
1013 3226 1163 3293 deseruit
1177 3226 1391 3315 praesentiae
1412 3227 1665 3314 gubernatione
1682 3256 1697 3287 »

370 3334 502 3425 (Ααφ).
520 3333 799 3424 Explicantcaiui
806 3355 829 3399 a
843 3335 977 3400 Petrei.
994 3356 1024 3401 e.
1036 3356 1076 3400 ex
1090 3333 1282 3401 substantia
1297 3335 1406 3399 Patris
1420 3333 1463 3400 de
1478 3336 1700 3420 generatione

368 3449 508 3510 aeterna
526 3444 606 3530 Cpr.
616 3440 721 3508 Eutlr.
733 3439 846 3507 Thom.
862 3438 933 3506 Tol.
946 3439 1033 3525 Fil.;
1043 3444 1077 3506 et
1088 3442 1272 3506 haeccerte
1284 3445 1502 3521 connotatur,
1517 3442 1579 3507 etsi
1593 3443 1699 3509 verba

367 3548 521 3640 proxime
537 3548 582 3615 ad
597 3548 724 3615 exitum
741 3547 815 3613 Filii
837 3547 1061 3636 temporalem
1080 3546 1213 3613 ratione
1232 3546 1479 3613 incarnationis
1492 3548 1697 3616 referantur.

367 3660 451 3723 Nam
472 3655 507 3720 in
531 3676 572 3721 eo
596 3654 689 3743 quod
706 3654 832 3721 dicitur
854 3654 968 3742 ipsum
984 3674 1070 3727 ,cum
1091 3652 1223 3719 veniret
1241 3658 1414 3741 assumpta
1433 3652 1648 3721 humanitate
1662 3656 1698 3721 in

368 3762 553 3844 mundum,
571 3761 688 3828 exiisse
702 3785 723 3828 a
740 3766 854 3841 Patre,
871 3758 1062 3827 includitur
1074 3758 1187 3849 ipsum
1201 3760 1296 3848 prius
1315 3757 1420 3825 luisse
1435 3759 1530 3849 apud
1544 3766 1695 3842 Patrem,

366 3869 459 3959 apud
474 3890 578 3959 quem
600 3867 681 3957 quia
700 3889 836 3957 semper
855 3873 971 3933 munet
990 3870 1098 3952 (1,18;
1121 3871 1222 3949 3,13;
1241 3870 1360 3946 10‚³8;
1379 3866 1513 3955 lt,10),
1531 3888 1643 3956 neque
1657 3889 1698 3933 eo

366 3982 417 4043 est
442 3976 586 4042 interior
612 3979 706 4063 (5,l9
725 3996 796 4063 seq.
819 3981 934 4055 10‚30;
957 3978 1072 4055 12,t5;
1095 3972 1204 4060 1ῖ,9),
1222 3994 1292 4038 non
1308 3977 1417 4060 potest
1432 3970 1478 4038 ab
1491 3994 1530 4038 eo
1547 3973 1697 4061 intelligi

279 4165 281 4169 y
366 4082 605 4172 temporaliter
619 4083 753 4163 exiisse,
769 4080 835 4147 nisi
854 4079 1047 4146 naturalem
1067 4100 1163 4144 suam
1180 4077 1224 4144 ab
1239 4100 1279 4145 eo
1305 4078 1492 4167 accepisset
1511 4079 1693 4166 originem.

366 4194 433 4258 Cur
458 4195 572 4256 autem
591 4191 705 4279 primo
720 4196 754 4253 et
773 4187 930 4277 explicite
956 4187 1061 4253 exitus
1082 4184 1140 4251 ille
1160 4183 1358 4274 temporalis
1378 4184 1434 4251 hic
1446 4185 1630 4267 indicetur,
1649 4190 1696 4254 ita

364 4295 578 4363 demonstrat
595 4299 686 4362 lons.
704 4294 856 4385 :duplex
872 4293 927 4358 hio
946 4292 1120 4359 indicatur
1132 4292 1208 4371 iter,
1225 4292 1262 4357 in
1277 4313 1346 4382 quo
1358 4291 1512 4381 ipsorum
1530 4294 1695 4359 termino-

365 4426 442 4470 rum
465 4402 549 4469 ordo
574 4408 623 4468 est
641 4405 820 4469 inversus:
841 4424 861 4468 a
884 4404 984 4466 Patre
1005 4399 1041 4465 in
1069 4398 1255 4481 mundum,
1279 4421 1299 4465 a
1318 4399 1450 4465 mundo
1473 4398 1518 4465 ad
1542 4404 1693 4481 Patrem3

364 4510 456 4578 unde
482 4509 569 4576 sicut
594 4509 646 4575 illi
674 4510 752 4577 oeni
780 4509 817 4575 in
843 4506 1010 4573 meandum
1043 4506 1229 4595 respondet
1251 4505 1410 4596 relinquo
1441 4506 1625 4589 mundum,
1648 4508 1697 4573 ita

363 4618 415 4685 illi
440 4616 532 4685 exivi
552 4639 574 4683 α
598 4619 701 4683 Patre
728 4614 912 4705 respondet
937 4612 1025 4679 cado
1051 4611 1099 4678 od
1121 4617 1280 4685 Patrem:
1298 4612 1444 4702 proinde
1468 4611 1517 4677 uti
1537 4611 1623 4679 cado
1646 4612 1696 4678 ita

364 4725 458 4792 exivi
472 4724 514 4791 de
530 4722 661 4790 Christo
676 4723 854 4791 incarnato
875 4726 1073 4811 usurpatur,
1091 4720 1247 4787 similiter
1264 4718 1353 4787 Corl.
1372 4742 1384 4784 :
1399 4719 1484 4785 exivi
1496 4740 1517 4784 a
1529 4724 1610 4798 Deo,
1627 4743 1695 4786 non

363 4832 585 4899 conversione
608 4829 797 4897 divinitatis
821 4831 856 4896 in
882 4850 1036 4911 carnem,
1061 4828 1119 4894 sed
1146 4827 1378 4916 assumptione
1409 4827 1631 4894 humanitatis
1657 4827 1693 4892 in

363 4941 470 5007 iteum
494 4938 618 5028 (symb.
639 4938 787 5023 athan).
