4050 5648
225 505 227 510 ⁴
306 441 365 542 aaa
867 499 950 545 totu.
976 487 1078 558 1536.

303 632 435 720 beatur,
459 639 652 727 significata
676 635 778 696 antea
812 634 970 703 missione
993 655 1050 700 scu
1074 632 1289 719 processione
1311 633 1492 723 temporali
1514 631 1630 699 sutura

304 741 372 809 iam
387 752 527 813 aeterna
539 743 611 809 eius
629 739 799 827 processio
818 748 851 808 et
866 745 964 830 origo
979 737 1177 807 enuntiatur
1197 762 1205 804 ε
1221 736 1285 827 qui
1298 759 1320 803 a
1338 741 1441 809 Putre
1451 736 1631 833 procedit;

303 871 391 938 quae
409 852 514 917 verba
533 866 613 912 cum
632 844 804 937 plerisque
825 848 920 938 (Cpr.
945 843 1087 934 Tlteoplt.
1106 845 1208 913 Etttt.
1230 841 1421 912 Theodec
1442 853 1530 940 Bup.
1552 844 1627 914 Ate.

304 959 418 1024 Tironi.
444 952 516 1021 Coi.
538 951 646 1018 Saloe.
669 953 736 1019 Tol.
755 954 863 1022 natet.
886 960 969 1044 lap.
995 954 1072 1017 Bar.
1093 951 1184 1018 Cori.
1203 951 1306 1039 Scep.
1325 950 1408 1039 Fit.)
1428 952 1470 1020 de
1492 960 1630 1023 aeterna

303 1063 518 1154 processione
543 1064 634 1125 recte
656 1061 914 1147 intelliguntur,
936 1080 1016 1127 nam
1031 1061 1201 1146 processio
1220 1082 1279 1126 seu
1300 1057 1414 1123 missio
1431 1060 1630 1150 temporalis

302 1170 372 1235 iam
387 1164 538 1231 indicata
560 1173 610 1232 est
634 1167 738 1258 idque
758 1168 825 1233 alia
849 1166 945 1232 verbi
959 1166 1072 1231 forma
1086 1187 1224 1257 quoque
1239 1165 1412 1232 indicatur
1429 1187 1437 1232 :
1462 1168 1630 1234 mittama

303 1278 417 1352 Patre,
437 1272 593 1360 procedit
613 1275 670 1362 (cl.
691 1272 850 1362 Keppler)
871 1278 905 1336 et
927 1272 990 1336 hac
1013 1271 1148 1358 origine
1166 1272 1284 1340 divina
1303 1271 1479 1339 declarata
1500 1275 1629 1361 optime

303 1378 491 1446 absolvitur
509 1381 692 1447 auctoritas
709 1387 743 1445 et
762 1378 913 1465 dignitas
932 1376 1034 1443 testis.
1055 1377 1143 1445 Talis
1163 1379 1282 1469 itaque
1295 1386 1330 1447 et
1345 1384 1461 1445 tantus
1479 1399 1556 1444 cum
1570 1379 1626 1462 sit,

304 1485 534 1553 testimonium
552 1485 749 1576 perhibebit
769 1484 811 1549 de
830 1483 959 1550 Christo
978 1484 1141 1573 operibus
1158 1485 1255 1552 miris
1274 1495 1307 1552 et
1325 1484 1435 1573 signis
1450 1484 1488 1552 in
1504 1483 1628 1551 contir-

304 1593 487 1659 mationem
504 1593 674 1679 evangelii
694 1591 794 1658 editis
813 1597 847 1656 et
868 1590 982 1658 lumen
1003 1590 1218 1659 infundendo
1238 1592 1273 1658 in
1294 1598 1426 1659 mentes
1446 1591 1628 1660 hominum

302 1704 336 1764 et
357 1698 605 1765 inllammando
633 1698 808 1779 allectum,
835 1702 874 1763 ut
894 1704 1101 1784 cognoscant
1125 1703 1159 1764 et
1182 1702 1299 1764 ament
1331 1698 1503 1766 Christum
1534 1695 1653 1765 omni'

303 1826 418 1871 errore
437 1814 470 1870 et
492 1804 666 1871 mundana
686 1805 835 1871 vanitate
853 1805 1036 1893 postposita
1058 1803 1145 1891 (rot.
1162 1803 1284 1891 Iona).

342 1986 386 2044 De
405 2001 490 2043 nexu
505 2001 535 2042 v.
549 1985 588 2043 26
612 1999 686 2043 eum
709 1983 971 2044 antecedentibus
993 1983 1056 2043 iam
1076 1979 1176 2043 Motd.
1192 1981 1353 2042 aillrmat:
1376 1999 1529 2061 quorsum
1550 1983 1629 2044 haec

301 2081 441 2144 Christus
462 2080 628 2155 adiecerit,
654 2084 700 2140 tot
722 2079 786 2142 iere
811 2081 985 2142 sententias
1008 2084 1087 2158 quot
1111 2085 1257 2141 auctores
1282 2081 1422 2141 invenio.
1449 2082 1519 2159 lpse
1541 2080 1627 2141 bunc

175 2241 177 2245 ,
301 2197 420 2241 nexum
436 2179 532 2239 hahet
545 2178 792 2258 probabiliorem
811 2197 818 2238 ε
836 2178 882 2238 illi
898 2178 1029 2256 quidem
1044 2177 1124 2238 mihi
1140 2194 1243 2256 neque
1257 2177 1384 2239 docenti
1403 2195 1512 2256 neque
1531 2179 1628 2238 mira-

301 2279 372 2339 cula
395 2276 520 2338 facienti
547 2277 766 2341 crediderunt,
789 2294 893 2354 neque
919 2277 1013 2336 verba
1036 2293 1108 2337 mea
1132 2293 1236 2354 neque
1261 2274 1341 2336 iacta
1366 2276 1445 2336 satis
1474 2293 1626 2354 magnum

301 2375 385 2453 apud
399 2375 469 2434 illos
481 2375 570 2435 luere
586 2374 824 2444 testimonium;
842 2391 905 2435 non
923 2374 1059 2435 dcerunt
1071 2374 1124 2433 alii
1140 2377 1249 2434 tamen
1264 2373 1344 2434 mihi
1358 2378 1455 2435 testes
1470 2391 1477 2433 :
1492 2374 1627 2453 Spiritus

301 2478 430 2533 sanctus
444 2476 476 2532 et
490 2488 556 2532 vos.
577 2471 655 2532 Aliis
670 2472 775 2549 placet
789 2471 866 2533 baec
886 2471 975 2544 addi,
989 2475 1026 2531 ut
1045 2471 1225 2532 declaretur
1240 2473 1337 2532 etiam
1355 2476 1501 2552 tempore
1518 2473 1626 2533 tuturo

301 2571 367 2631 tore
388 2569 620 2631 inexcusabiles
644 2570 700 2647 qui
726 2586 790 2630 non
813 2569 1006 2630 crediderint
1030 2568 1149 2647 (Thone.
1169 2569 1254 2628 lans.
1277 2569 1366 2630 Patr.
1387 2568 1474 2631 Scis.
1500 2570 1624 2648 Weiss);

300 2667 417 2729 melius
430 2668 484 2729 alii
498 2668 585 2728 bisce
600 2667 747 2729 solatium
760 2668 904 2746 praeberi
917 2667 1083 2746 discipulis
1096 2672 1259 2746 putantne
1272 2668 1347 2728 odio
1360 2672 1536 2729 terreantur
1545 2685 1625 2729 neve

300 2767 431 2828 timeant
448 2765 488 2826 dc
504 2783 655 2827 successu
671 2765 918 2844 praedicationis
930 2765 982 2845 (ct.
1000 2763 1073 2826 Cir.
1094 2764 1226 2846 Theopt.
1243 2763 1340 2825 Euth.
1361 2763 1428 2825 l'ol.
1443 2764 1604 2846 Keppter).

339 2865 441 2924 Verba
455 2863 508 2944 qui
521 2883 541 2922 a
556 2866 650 2924 Patre
662 2861 804 2943 procedit
819 2863 959 2924 celebria
973 2862 1093 2923 suntin
1107 2864 1326 2924 controversia
1338 2879 1412 2924 cum
1428 2864 1569 2932 Graecis,
1584 2863 1625 2924 de

299 2979 363 3040 qua
381 2961 433 3021 hic
453 2978 518 3021 non
539 2967 586 3021 est
605 2960 775 3039 agendum.
794 2963 910 3021 Vemm
930 2961 983 3021 hic
1001 2966 1110 3022 notare
1125 2964 1253 3039 oportet
1272 2978 1342 3022 esse
1363 2962 1417 3039 qui
1438 2962 1535 3023 verba
1548 2962 1627 3023 haec

298 3061 401 3139 primo
418 3064 449 3120 et
464 3076 569 3137 perse
585 3058 725 3119 reserant
736 3058 776 3118 ad
793 3058 978 3118 missionem
994 3059 1221 3136 temporalem,
1241 3076 1278 3118 ex
1291 3076 1353 3135 qua
1367 3059 1484 3120 deinde
1499 3059 1539 3120 ad
1555 3076 1626 3138 pro·

297 3158 474 3220 cessionem
499 3162 661 3217 aeternam
686 3156 741 3217 fiat
765 3156 938 3217 conclusio.
953 3157 999 3216 lta
1019 3154 1102 3236 ltup.
1119 3161 1292 3235 utramque
1315 3157 1553 3234 processionem
1575 3174 1625 3217 ex·

296 3257 392 3335 primi
409 3263 533 3317 censet:
551 3255 676 3333 quaerit
696 3272 753 3315 cur
767 3254 908 3314 Christus
924 3254 962 3314 de
982 3271 1015 3314 se
1031 3253 1116 3314 dicat
1135 3271 1142 3312 :
1163 3270 1222 3332 ego
1243 3272 1261 3313 a
1282 3255 1346 3314 Deo
1365 3255 1516 3334 processi,
1534 3259 1567 3315 et
1586 3254 1624 3315 de

297 3353 417 3433 Spiritu
443 3358 552 3413 sancto
574 3371 580 3412 :
603 3353 657 3429 qui
682 3350 836 3433 procedit,
856 3356 887 3412 et
907 3351 1078 3429 respondet
1099 3369 1105 3410 :
1130 3369 1204 3412 cum
1223 3352 1302 3413 haec
1326 3351 1445 3412 diceret
1469 3352 1537 3432 ipse
1562 3352 1625 3412 iam

296 3455 494 3531 processerat
515 3451 615 3512 lactus
638 3450 736 3510 homo
761 3449 911 3521 visibilis,
935 3449 1105 3511 Paraclitus
1126 3454 1234 3510 autem
1254 3448 1398 3510 nondum
1419 3450 1458 3510 ad
1480 3450 1625 3511 homines

297 3554 510 3627 processerat;
526 3554 637 3627 postea
653 3549 809 3627 processit
831 3552 863 3608 et
877 3564 980 3625 usque
1002 3549 1034 3607 in
1050 3547 1146 3608 tinem
1162 3548 1281 3609 saeculi
1297 3547 1469 3626 procedere
1486 3565 1551 3608 non
1568 3547 1626 3609 de·

299 3646 384 3707 sinit.
402 3645 463 3706 Sed
477 3646 574 3707 simul
588 3646 685 3707 etiam
701 3645 837 3706 latetur:
853 3645 958 3723 ipsum
970 3661 1044 3706 sane
1059 3645 1271 3725 processionis
1287 3645 1421 3706 verbum
1437 3644 1624 3724 dignitatem

297 3762 451 3823 personae
467 3745 535 3805 eius
551 3744 710 3823 exprimit.
730 3747 833 3821 Atque
843 3741 928 3802 lens.
947 3743 993 3803 ita
1003 3743 1129 3821 arguit:
1146 3742 1324 3822 disputatio
1340 3743 1393 3803 illa
1406 3760 1480 3804 cum
1496 3744 1624 3804 Graecis

296 3843 527 3922 praesupponit
548 3842 653 3903 locum
672 3841 758 3902 hunc
778 3840 1022 3919 intelligendum
1044 3858 1113 3902 esse
1136 3842 1176 3902 de
1197 3845 1365 3901 aeternae
1386 3842 1477 3902 Patre
1500 3858 1625 3919 proces-

297 3943 400 4010 sione;
417 3945 450 4001 at
465 3942 492 4001 si
507 3945 592 4001 recte
606 3940 885 4019 perpenderimus,
898 3939 1061 3999 videbitur
1077 3939 1178 4017 magis
1193 3938 1246 3999 hic
1261 3939 1351 4000 locus
1368 3939 1559 4017 simpliciter
1572 3956 1624 4000 ac·

295 4040 462 4118 cipiendus
479 4038 517 4099 de
533 4038 699 4116 temporali
714 4038 852 4116 Spiritus
870 4037 906 4098 ad
929 4041 1088 4098 creaturas
1107 4037 1325 4115 processione,
1345 4036 1404 4096 hoc
1419 4041 1483 4108 est,
1501 4036 1626 4098 deeius

294 4138 459 4199 missione.
475 4137 564 4198 Sicut
586 4137 673 4197 enim
689 4154 772 4196 nunc
785 4137 938 4197 Dominus
954 4136 1033 4196 dicit
1051 4135 1209 4212 Spiritum
1229 4134 1401 4214 procedere
1425 4152 1442 4194 a
1458 4135 1567 4208 Patre,
1582 4135 1627 4196 ita

296 4254 392 4315 supra
414 4236 453 4296 de
477 4252 509 4295 se
530 4235 632 4295 dixit:
655 4251 714 4313 ego
735 4234 878 4313 processi
901 4252 939 4295 ex
959 4235 1041 4304 Deo,
1058 4233 1090 4293 id
1109 4238 1218 4293 autem
1238 4232 1341 4310 magis
1363 4231 1402 4293 de
1422 4233 1625 4310 processione

296 4334 465 4412 temporali
488 4332 602 4394 Christi
619 4348 714 4410 quam
731 4331 770 4392 do
789 4338 918 4393 aeterna
932 4330 1156 4410 accipiendum
1172 4348 1241 4392 esse
1258 4334 1344 4408 patet
1360 4347 1397 4390 ex
1413 4330 1625 4408 sequentibus

296 4432 382 4511 (eta
398 4452 405 4492 ε
423 4439 454 4494 et
474 4432 561 4501 veni,
579 4431 631 4491 ille
648 4447 698 4490 me
717 4430 827 4510 misit),
844 4430 1020 4508 eodemque
1034 4428 1130 4489 modo
1149 4429 1241 4502 16:28
1256 4428 1338 4488 exivi
1360 4446 1378 4488 a
1395 4429 1487 4488 Patre
1507 4433 1539 4487 et
1553 4427 1624 4487 reni

297 4532 331 4590 in
355 4531 528 4600 mundum,
544 4530 661 4590 iterum
684 4527 830 4606 relinquo
853 4528 1008 4588 mundum
1030 4531 1061 4587 et
1081 4526 1162 4587 vado
1182 4527 1222 4587 ad
1243 4528 1379 4587 Patrem.
1402 4528 1440 4585 Et
1459 4530 1552 4604 putat
1571 4524 1625 4585 illa

298 4629 392 4689 verba
407 4629 481 4690 addi
497 4627 537 4688 ad
557 4623 783 4688 declarandum
803 4624 882 4685 illud
904 4643 910 4683 :
930 4624 1055 4684 mittam
1073 4640 1091 4683 a
1105 4624 1196 4684 Patre
1213 4624 1234 4684 i.
1249 4641 1277 4684 e.
1293 4623 1366 4684 ideo
1382 4622 1472 4682 illum
1486 4622 1557 4684 dico
1572 4638 1624 4682 me

299 4726 487 4797 missurum,
503 4725 578 4803 quia
592 4725 660 4803 ipse
673 4740 690 4782 a
704 4723 794 4782 Patre
810 4722 953 4800 procedit
968 4725 999 4780 ct
1014 4720 1106 4782 datur
1120 4720 1318 4782 hominibus.
1335 4722 1393 4781 Pro
1409 4738 1472 4798 qua
1487 4720 1625 4799 explica·

298 4824 384 4883 tione
404 4826 556 4903 provocat
575 4820 614 4881 ad
635 4817 753 4892 Nona,
770 4819 860 4881 cuius
882 4825 988 4880 tamen
1008 4819 1209 4898 paraphrasis
1230 4836 1304 4879 eum
1328 4835 1457 4880 sensum
1481 4835 1545 4879 non
1565 4834 1623 4896 po·

298 4920 395 4981 stulat
409 4939 416 4980 3
431 4922 543 4996 Πνεῦμα
556 4919 628 4980 Θεοῦ
634 4924 733 4996 scepeie
747 4917 912 4996 διορνύμενον
928 4918 1069 4998 Ιένετῆρος
1083 4918 1104 4977 i.
1120 4936 1148 4979 e.
1159 4917 1296 4994 Spiritus
1311 4934 1329 4977 a
1344 4918 1408 4977 Deo
1423 4915 1622 4995 intelligente
