4050 5648
929 143 934 151 .
1152 74 1206 132 aja
1136 66 1510 159 (wwffpffissffl
1505 65 1816 176 mpsffst

619 153 624 191 ἱ
1215 142 1287 208 aa
1279 126 1360 198 *rt
1358 131 1530 214 saer,
1526 123 1749 201 ,amp
1751 114 1812 250 {¹¹

755 201 886 262 ·'4''':
936 237 1017 283 ¹„„2.
1071 284 1074 291 ¹
1139 233 1210 289 ἦ
1181 198 1483 288 &wlff
1485 206 1549 298 Η,
1607 290 1635 303 ¹¹

267 446 275 458 ”
302 503 305 517 .
351 458 390 516 at
529 439 532 444 ’
929 464 1010 507 toan.
1035 455 1096 524 Μ.

235 595 247 679 J
349 600 495 688 cipinm,
514 624 582 670 non
598 612 689 671 tenes
708 605 878 685 tempora,
901 602 1077 668 eratenim
1095 601 1183 669 unde
1200 602 1384 685 tractatum
1403 604 1441 670 sit
1456 605 1492 670 in
1507 599 1682 694 principio

248 707 249 710 ’
278 695 280 699 ’
349 704 441 795 quod
454 716 629 777 creatur...
644 725 739 772 meus
752 711 867 770 autem
878 703 1026 791 piscator
1036 709 1116 775 vicit
1131 727 1231 776 omne
1242 705 1452 798 principium
1471 733 1478 778 :
1497 709 1676 777 eratenim

351 814 446 902 quod
461 822 526 899 est,
544 833 654 902 neque
669 810 704 875 in
724 814 877 901 tempore
894 808 1010 901 aliquo
1025 814 1241 881 concluditur
1254 814 1292 878 ut
1310 817 1478 903 coeperit,
1497 812 1678 905 quoderat

350 923 463 1009 potius
475 925 510 989 in
524 915 690 1010 principio
709 938 812 1006 quam
830 914 933 981 fiebat
951 920 1007 1000 (de
1024 919 1116 986 Trin.
1138 924 1234 1000 2133
1256 919 1303 983 M.
1322 924 1373 1001 10,
1385 927 1444 1002 6ος
1461 922 1537 989 sim.
1558 921 1672 989 Tbom.

355 1029 453 1096 Tol..

392 1031 564 1203 allusione
577 1129 692 1220 itaque
704 1130 747 1198 ad
760 1134 841 1196 Gen.
862 1137 914 1204 1‚1
931 1137 1063 1198 retenta
1075 1130 1202 1199 directe
1213 1130 1415 1198 enuntiatur
1432 1135 1491 1200 :in
1505 1135 1564 1202 illo
1579 1137 1674 1226 prin-

194 1307 214 1324 „
324 1214 330 1234 ⁸
352 1240 442 1330 cipio
457 1257 535 1303 cum
551 1259 604 1303 res
626 1237 734 1304 creari
748 1240 887 1325 coeptae
902 1237 970 1304 sint
990 1239 1057 1303 iam
1080 1245 1153 1306 erat
1167 1236 1332 1322 Verbum;
1349 1248 1598 1329 consequenter
1615 1265 1675 1310 au-

233 1414 236 1420 ,
258 1423 260 1428 ¹
352 1355 420 1412 tem
441 1342 520 1409 inde
539 1343 697 1426 efficitur,
717 1348 753 1409 ut
776 1340 923 1407 Verbum
941 1345 1014 1410 sine
1037 1343 1207 1434 principio
1234 1345 1364 1431 cogites
1379 1347 1432 1435 (ut
1454 1347 1502 1411 ait
1521 1344 1671 1439 Chryslss

351 1450 404 1517 Uti
430 1451 651 1533 recentiores,
682 1451 728 1516 ita
750 1453 883 1515 veteres
908 1471 1044 1539 quoque
1071 1458 1248 1538 praeterea
1272 1450 1470 1540 expendunt
1494 1451 1560 1520 dici
1585 1469 1671 1539 erne,

277 1597 279 1600 <
350 1557 508 1624 noninit
525 1559 613 1624 Nam
638 1561 672 1638 ἦν
692 1559 862 1644 ἀδιορίστως
882 1555 1063 1623 indefinite
1081 1556 1268 1646 prolatum,
1285 1580 1438 1647 quonam
1460 1562 1498 1627 in
1517 1560 1595 1627 loeo
1611 1583 1674 1628 nos
1771 1604 1774 1608 -

228 1744 230 1751 ¹
348 1666 550 1753 sistettcyr.
556 1661 590 1750 )?
608 1667 641 1729 et
656 1661 770 1728 Ttom
787 1661 935 1728 advertit
954 1661 1097 1750 verbum
1112 1664 1274 1752 temporis
1288 1667 1465 1784 praeteriti
1479 1665 1673 1758 imperfecti

254 1826 257 1830 Α
350 1773 494 1839 maxime
510 1767 617 1834 videri
639 1774 832 1857 competere
856 1766 900 1833 ad
922 1744 1147 1855 significanda
1166 1776 1321 1851 aeterna,
1346 1771 1429 1860 quia
1452 1775 1672 1862 praeteritum

189 1892 205 1901 ‘⁴
348 1877 586 1967 imperfectum
599 1864 899 1962 designetaliquid
915 1874 1014 1942 inisse
1030 1897 1093 1941 nec
1105 1875 1259 1959 desiisse,
1276 1876 1334 1944 sed
1351 1877 1466 1945 adhuc
1479 1901 1670 1965 remanere,

348 1993 381 2052 et
398 1982 471 2051 Gai.
488 1983 536 2048 ait
547 1980 797 2066 consignificari
812 1981 860 2047 ita
873 1986 1006 2070 tempus
1019 1982 1260 2072 praeteritum,
1276 1983 1370 2073 quod
1386 1985 1489 2051 simul
1502 1986 1673 2074 consigni-

346 2090 467 2158 ficetur
483 2108 697 2179 perseverare
717 2088 752 2152 in
770 2087 832 2154 ille
849 2087 1028 2155 duratione
1045 2088 1086 2155 de
1104 2111 1174 2178 qua
1190 2091 1234 2156 sit
1248 2111 1360 2157 sermo
1380 2111 1387 2158 :
1405 2093 1590 2180 praecessit
1607 2094 1671 2161 ini·

167 2236 178 2259 t
244 2185 248 2193 ’
347 2198 432 2264 tium
447 2198 496 2262 sic
512 2194 605 2285 quod
623 2215 842 2284 perseverans
862 2200 935 2260 erat
948 2216 1025 2260 cum
1046 2194 1147 2262 initio
1164 2195 1249 2280 (sim.
1268 2198 1360 2263 Iane.
1378 2197 1487 2287 Bam).

359 2349 361 2353 ψ
391 2308 461 2370 lam
478 2302 679 2381 ostenditur,
700 2300 758 2366 ubi
776 2307 869 2367 erat:
890 2312 921 2366 et
944 2303 1085 2367 Verbum
1100 2315 1174 2368 erat
1188 2301 1286 2393 apud
1297 2300 1405 2369 Deum
1421 2317 1497 2393 πρὸς
1511 2318 1560 2374 τὸν
1574 2309 1670 2393 Oetam

347 2434 415 2503 qua
435 2411 608 2476 locutione
631 2407 826 2474 declaratur
846 2405 948 2473 Verbi
965 2407 1197 2490 subsistentia,
1219 2409 1391 2477 distinctio
1414 2411 1507 2499 (nam
1529 2435 1670 2503 persona

347 2518 473 2585 dicitur
485 2537 556 2583 esse
568 2514 658 2606 apud
674 2517 866 2604 personam)
883 2519 916 2580 et
933 2514 1043 2581 amica
1058 2520 1092 2581 et
1105 2513 1242 2582 socialis
1260 2516 1454 2584 coniunctio
1471 2541 1550 2586 enm
1565 2521 1673 2587 altera

347 2645 504 2714 persona.
520 2627 601 2689 Nam
619 2626 777 2687 monente
795 2619 911 2708 Chrys.
931 2642 1000 2688 non
1019 2621 1101 2688 dicit
1116 2631 1146 2689 ἐν
1164 2624 1252 2710 Θεῷ,
1269 2623 1331 2689 sed
1344 2635 1421 2713 πρὸς
1433 2655 1461 2693 τ.
1481 2627 1523 2710 Θ,
1535 2637 1589 2711 τὴν
1602 2629 1672 2696 καθ’

347 2737 503 2799 ὑπόστασιν
521 2735 609 2796 αὐτοῦ
627 2730 775 2810 ἁῖδιὸτητα
795 2735 941 2813 ἐμφαίνων
959 2740 1048 2811 ἡμῖν;
1071 2726 1265 2795 declaretur
1281 2730 1468 2798 aeternitas
1484 2733 1672 2800 secundum

350 2833 564 2926 hypostasin,
582 2838 683 2923 prout
696 2833 773 2920 Cpr.
792 2853 929 2921 quoque
941 2832 1037 2899 effert
1053 2833 1186 2899 ostendi
1202 2834 1347 2902 Verbum
1364 2857 1435 2902 esse
1450 2859 1555 2904 unum
1575 2839 1672 2929 quid·

347 2945 429 3012 dam
450 2943 552 3031 idque
578 2961 641 3029 per
665 2960 699 3005 se
720 2936 920 3021 subsistens,
944 2937 1052 3004 alium
1077 2944 1189 3005 eutem
1219 2962 1290 3008 esse
1312 2946 1419 3008 Deum
1439 2965 1498 3012 seu
1525 2945 1670 3015 Patrem.

346 3051 478 3119 Pariter
490 3045 709 3135 consequitur
722 3044 876 3111 verbum·
887 3067 957 3112 esse
971 3051 1188 3112 coaeternum
1208 3052 1274 3114 Deo
1288 3047 1469 3138 (Tteopt.)
1484 3057 1517 3118 et
1534 3074 1603 3142 qua
1617 3077 1673 3122 ra-

344 3160 437 3225 tione
451 3156 494 3221 sit
506 3152 599 3243 apud
609 3157 728 3232 Deum,
743 3150 932 3239 explicetur
944 3145 976 3215 ν’.
994 3156 1046 3218 18.
1063 3156 1364 3236 e,te;a,3a;17,5
1381 3156 1434 3241 (ct.
1453 3159 1543 3224 lans.
1561 3159 1669 3229 Mald.

346 3268 426 3330 Bar.
448 3260 559 3342 Naal.
582 3258 665 3324 Dein
690 3255 793 3323 Verbi
814 3261 938 3322 natura
955 3279 1014 3323 seu
1036 3259 1185 3324 essentia
1203 3257 1423 3328 declaratur:
1441 3276 1474 3327 et
1495 3266 1585 3331 Deus
1599 3280 1673 3333 erut

353 3372 496 3436 Verbum
515 3373 564 3434 aet
579 3367 658 3442 Θεὸς
676 3363 699 3428 i.
715 3385 745 3430 e.
766 3362 905 3429 hebens.
919 3369 1078 3429 naturam
1099 3363 1253 3431 divinam
1273 3365 1421 3433 Verbum
1441 3375 1527 3436 erat.
1545 3376 1672 3461 Propo-

345 3476 485 3542 sitiones
499 3474 548 3538 ita
562 3470 744 3537 connexuit
762 3466 991 3553 evangelista,
1008 3475 1045 3535 ut
1059 3469 1094 3534 in
1114 3492 1183 3559 qua
1196 3492 1279 3538 voce
1294 3474 1504 3562 praecedens
1518 3479 1673 3568 proposi·

347 3582 394 3649 tio
404 3580 592 3658 desineret,
609 3575 653 3642 ab
668 3574 727 3641 illa
739 3596 886 3664 sequens
902 3573 1084 3664 inciperet,
1100 3581 1139 3643 ut
1150 3576 1219 3643 iam
1230 3579 1310 3644 Bar.
1326 3578 1479 3673 adnotat.
1496 3587 1579 3650 Cum
1592 3588 1672 3668 Θεὸς

347 3695 497 3780 ponatur
509 3685 566 3750 hie
580 3683 653 3749 sine
672 3681 833 3760 articulo,
852 3679 967 3746 Ariani
980 3703 1020 3746 eo
1037 3704 1175 3770 quoque
1190 3683 1264 3751 loco
1277 3684 1437 3770 usisunt,
1454 3696 1573 3758 contra
1586 3715 1672 3782 quos

347 3800 457 3882 agunt
473 3793 591 3879 Chrys.
612 3790 690 3877 Cpr.
707 3793 791 3868 etc,
815 3784 874 3853 elii
894 3808 933 3851 ex
958 3788 1205 3855 recentioribus
1222 3789 1345 3857 volunt
1361 3794 1609 3881 evangelistam
1624 3798 1670 3867 ita

347 3923 485 3992 quoque
502 3893 695 3965 consentire
710 3915 787 3959 oum
803 3891 946 3958 Philone
961 3894 1020 3981 qui
1033 3895 1163 3983 pariter
1175 3899 1279 3962 Deum
1292 3896 1406 3986 ipsum
1426 3900 1566 3988 quidem
1580 3905 1673 3973 dicat

349 4023 398 4078 rav
419 4011 516 4086 Θεὸν,
537 4002 594 4069 sed
615 4005 733 4087 Λὸγον,
756 4004 873 4089 utpote
898 3997 1084 4081 minorem,
1104 4000 1215 4067 solum
1243 4004 1321 4071 Θεὸν
1342 4004 1548 4096 (Sieqfried,
1576 4011 1671 4080 Philo

347 4139 414 4184 von
430 4107 632 4181 Alexandria
646 4130 681 4196 p.
700 4107 797 4194 317);
812 4127 933 4172 verum
949 4107 1016 4171 iam
1030 4106 1104 4174 cai.
1120 4109 1210 4175 lans.
1227 4111 1311 4200 Lep.
1324 4110 1451 4201 aliique
1465 4138 1581 4183 veram
1592 4119 1670 4186 red-

347 4223 510 4289 diderunt
529 4217 713 4296 rationem,
730 4235 792 4279 cnr
810 4210 978 4279 articulus
997 4211 1155 4279 debuerit
1174 4214 1307 4300 deesse;
1328 4246 1344 4277 «
1372 4221 1399 4285 si
1423 4221 1517 4287 enim
1543 4224 1671 4293 utrobi-

347 4350 412 4418 que
432 4324 617 4394 addidisset
640 4319 839 4399 artieulum,
864 4318 932 4385 iam
953 4318 1162 4386 contudisset
1182 4344 1406 4411 personarum
1423 4330 1667 4417 proprietatem

346 4457 463 4502 sensus
476 4433 568 4499 enim
582 4427 697 4495 fuisset
711 4450 718 4491 :
734 4433 767 4492 et
781 4426 840 4493 ille
855 4431 939 4492 Deus
949 4425 1042 4514 apud
1057 4449 1160 4516 quem
1172 4427 1240 4495 dixi
1253 4451 1323 4497 esse
1339 4432 1486 4499 Verbum
1499 4446 1572 4505 erat
1586 4440 1670 4508 illud

346 4543 459 4631 ipsum
471 4539 634 4617 Verbum,
651 4533 701 4599 vel
714 4533 825 4622 ipsum
839 4533 986 4598 Verbum
997 4534 1137 4600 eratille
1152 4535 1223 4623 ipse
1237 4541 1320 4602 Deus
1335 4542 1445 4622 Pater,
1461 4544 1554 4633 apud
1567 4568 1669 4634 quem

348 4648 418 4717 dixi
433 4669 503 4712 esse
519 4643 664 4712 Verbum
680 4667 696 4699 u
718 4639 837 4727 (lane.)
855 4646 888 4706 et
899 4638 1057 4705 similiter
1073 4641 1220 4721 Scitam,
1245 4642 1363 4711 Weiss.
1384 4650 1591 4717 Enuntiatur
1605 4654 1669 4720 ita-

348 4778 414 4846 que
433 4752 578 4819 Verbum
602 4771 671 4818 esse
690 4752 793 4813 Deum
815 4746 839 4812 i.
864 4769 893 4814 e.
913 4744 1039 4812 habere
1060 4755 1218 4815 naturam
1235 4747 1403 4832 divinam;
1427 4755 1516 4823 sicut
1534 4759 1626 4827 enim
1642 4764 1670 4830 is

347 4871 398 4934 est
417 4867 450 4928 et
463 4859 588 4926 dicitur
602 4859 706 4957 homo
728 4852 788 4942 qui
808 4852 913 4920 habet
927 4857 1084 4919 naturam
1100 4855 1304 4938 humanam,
1331 4860 1375 4926 ita
1396 4864 1483 4930 Deus
1502 4869 1552 4930 est
1567 4865 1669 4958 isqui
