4050 5648
452 688 469 721 «
488 660 578 729 mala
596 664 783 744 quaerunt,
798 658 890 725 bona
909 661 1021 722 tacent
1039 684 1055 719 u
1073 656 1202 748 (Bon.);
1221 653 1258 719 id
1276 655 1347 720 scil.
1366 657 1513 724 efferunt
1531 654 1626 743 quod
1647 657 1779 728 facilius

451 784 567 834 ansam
587 762 730 850 praebet
747 759 972 840 accusationi;
993 793 1008 824 a
1022 786 1091 831 non
1110 764 1228 848 itaque
1242 760 1313 826 iam
1328 761 1379 828 illi
1392 762 1601 830 obiiciebaut
1614 763 1708 850 quod
1722 766 1778 833 die

450 867 585 940 sabbati
597 889 699 939 sanus
709 872 914 939 {aetimasset
926 868 1046 953 homo,
1062 869 1122 937 sed
1134 867 1228 956 quod
1242 868 1401 955 portabat
1420 871 1605 955 grabatum
1617 889 1734 951 suum;
1751 872 1778 937 si

371 991 374 994 ’
450 975 576 1046 sanitas
596 998 668 1045 non
691 984 765 1046 erat
783 973 989 1060 differenda,
1013 973 1182 1062 numquid
1201 979 1235 1040 et
1257 996 1344 1063 opus
1364 976 1476 1042 luerat
1494 975 1735 1067 imperandum
1760 1006 1774 1034 υ

451 1081 594 1173 (dupli
607 1089 664 1153 list
676 1085 805 1174 quippe
822 1079 1004 1170 ingenium
1019 1079 1184 1162 invidiae,
1204 1086 1243 1148 ut
1255 1081 1299 1146 sit
1317 1102 1418 1148 caeca
1440 1082 1476 1147 in
1497 1084 1612 1166 bonis,
1632 1084 1667 1149 in
1683 1081 1779 1149 malis

448 1188 583 1256 oculata
596 1186 754 1280 (Maian
769 1209 803 1254 v.
822 1188 1032 1256 sairanem
1047 1186 1109 1275 qui
1117 1208 1222 1252 sonus
1231 1187 1349 1275 suerat
1362 1187 1504 1275 effectas
1519 1190 1690 1256 nesciebat
1703 1189 1779 1279 quis

397 1330 400 1335 ⁴
451 1307 555 1383 esset;
567 1299 661 1366 lesus
674 1292 766 1362 enim
785 1291 972 1362 declinavit
986 1316 1009 1358 o
1023 1295 1122 1358 trcrbo
1137 1293 1325 1360 constituto
1340 1294 1376 1359 in
1392 1294 1486 1365 loco:
1503 1299 1654 1374 ἐξένευσεν
1670 1295 1779 1386 accipi

380 1395 382 1398 ’
449 1409 559 1493 potest
585 1410 763 1489 tamquam
787 1422 926 1470 sensum
951 1398 1279 1489 plusquamperfecti
1307 1401 1473 1482 reterens,
1500 1422 1590 1490 quae
1615 1404 1709 1469 notio
1734 1404 1779 1471 ab

447 1511 572 1578 aoristo
581 1529 652 1576 non
671 1512 721 1574 est
733 1529 876 1597 prorsus
889 1505 1005 1574 aliena
1019 1505 1077 1596 (cl.
1101 1506 1233 1587 Winer,
1252 1511 1267 1591 t
1281 1509 1374 1595 l0,5)
1386 1528 1393 1585 ;
1406 1513 1557 1574 attamen
1577 1516 1710 1575 nonest
1724 1532 1780 1576 ne·

446 1628 554 1698 cesseq
570 1613 697 1682 'suffieit
710 1620 749 1682 ut
761 1614 801 1683 id
816 1614 978 1682 efferatur
989 1612 1083 1702 quod
1097 1613 1217 1703 inipsa
1234 1615 1413 1681 sanatione
1428 1614 1557 1681 sactum
1572 1636 1644 1680 esse
1654 1615 1779 1681 iutelli-

447 1722 553 1810 gitur.
574 1726 666 1789 lesus
682 1719 799 1793 statim
817 1742 854 1788 ae
873 1718 996 1789 turbae
1010 1719 1187 1798 subducit;
1207 1720 1281 1813 vult
1301 1720 1393 1786 enim
1415 1725 1452 1787 ut
1466 1720 1598 1787 sanatio
1620 1721 1714 1810 prius
1735 1723 1779 1789 ab

409 1819 411 1822 ’
446 1828 520 1919 ipso
536 1825 819 1895 bomineludaeis
832 1830 916 1895 nota
931 1825 993 1894 fiat
1011 1826 1075 1916 (uti
1088 1849 1163 1915 cap.
1180 1832 1218 1906 93
1235 1827 1279 1895 cl.
1302 1826 1418 1915 Setia.)
1440 1833 1475 1894 et
1490 1827 1680 1915 gestatione
1699 1851 1778 1917 gra·

446 1932 666 2002 batiillorum
674 1932 860 2001 aemulatio
871 1938 1087 2023 provocetur.
1099 1937 1192 2000 llanc
1204 1932 1486 2024 disceptationem
1495 1957 1573 2002 cum
1582 1935 1780 2022 synedristis

447 2040 598 2109 consulto
612 2040 721 2108 voluit
733 2059 938 2130 provocare;
956 2038 1196 2107 excitationem
1210 2045 1327 2107 autem
1342 2042 1463 2109 turbae
1476 2048 1617 2132 propter
1632 2042 1779 2109 sanatio-

449 2169 532 2216 nem
545 2146 691 2227 evitare3
705 2145 751 2213 ad
763 2150 950 2235 utrumque
962 2146 1047 2213 utile
1057 2151 1146 2229 erat,
1163 2151 1202 2214 ut
1215 2147 1332 2214 statim
1344 2170 1379 2214 se
1395 2147 1612 2214 subduceret.

493 2254 552 2321 llle
566 2259 680 2322 autern
699 2252 806 2344 pieac
824 2274 904 2325 mox
921 2252 1068 2320 contubt
1085 2252 1122 2318 in
1142 2254 1310 2343 templum
1330 2258 1396 2320 Deo
1416 2254 1545 2338 gratias
1563 2245 1702 2320 acturus
1716 2275 1779 2343 pro

447 2359 615 2428 beneficio
628 2363 780 2450 accepto.
796 2360 834 2428 Ei
849 2359 1149 2449 alterumquoque
1161 2358 1268 2449 idque
1282 2360 1393 2427 maius
1408 2359 1557 2446 largitur
1572 2364 1662 2427 lesus
1677 2361 1779 2427 bene·

422 2555 425 2560 Ι
449 2466 566 2534 licium
577 2488 611 2534 v.
629 2472 670 2534 n
682 2479 802 2556 postea
811 2467 943 2533 invenit
951 2488 1030 2533 eum
1046 2467 1137 2533 Iesus
1151 2466 1188 2532 in
1203 2465 1330 2556 templo
1341 2479 1374 2532 et
1386 2465 1478 2532 dicit
1490 2466 1545 2532 illi
1561 2488 1574 2530 .·
1589 2488 1664 2533 ecce
1674 2488 1779 2534 sarens

443 2576 562 2664 soctan
575 2593 630 2657 es;
642 2571 712 2640 rom
729 2571 805 2639 noli
816 2594 977 2663 peccare,
997 2594 1040 2639 ne
1056 2571 1206 2640 deterius
1223 2572 1287 2639 tibi
1303 2572 1441 2663 aliquid
1459 2573 1659 2663 continqnt,·
1673 2584 1779 2657 μήκετι

448 2681 520 2749 scil.
542 2703 586 2749 ne
604 2680 746 2771 posthac
758 2700 897 2770 pecces3
921 2679 1087 2748 maiorem
1105 2681 1257 2747 minatur
1273 2702 1436 2770 poenam,
1455 2680 1526 2748 scil.
1547 2702 1617 2747 non
1628 2680 1780 2769 corporis

453 2794 601 2868 tantum,
617 2808 735 2855 verum
745 2808 895 2877 poenam
908 2787 1087 2877 gehennae
1103 2785 1197 2875 (Cirr.
1215 2785 1360 2876 Theopli.
1377 2786 1492 2875 Setis.)
1511 2795 1546 2854 et
1556 2788 1657 2855 simul
1669 2793 1779 2854 osten-

451 2894 503 2961 dit
523 2916 603 2961 eum
620 2899 764 2984 propter
782 2897 924 2983 peccate
937 2899 1131 2980 aegrotasse
1150 2893 1285 2983 (Eucti.)
1303 2901 1336 2960 et
1352 2893 1426 2960 sieri
1446 2916 1556 2983 posse,
1577 2900 1614 2961 ut
1632 2894 1660 2961 si
1679 2894 1778 2960 venia

449 3005 588 3090 accepta
605 3002 733 3068 iterum
751 2998 936 3089 deliquerit
953 2999 1024 3066 iam
1042 3021 1111 3066 non
1129 2999 1265 3066 veniam
1289 3007 1530 3090 consequatur,
1552 2998 1611 3066 sed
1632 3000 1779 3066 atrocius

449 3106 615 3196 puniatur
635 3105 672 3173 in
697 3106 763 3173 hac
787 3105 858 3172 vita
877 3112 914 3173 et
943 3105 979 3171 in
1003 3104 1124 3172 altera.
1141 3103 1265 3172 Didicit
1284 3106 1422 3172 bomoa
1441 3128 1508 3195 quo
1525 3111 1661 3172 sanatus
1675 3113 1774 3184 esset,

450 3234 482 3280 v.
506 3219 546 3279 15
559 3213 644 3280 abiit
657 3211 716 3279 ule
727 3211 827 3278 homo
842 3223 875 3279 et
891 3210 1068 3278 nuntiavit
1082 3210 1220 3278 Iudaeis
1233 3211 1318 3301 qnia
1336 3215 1425 3278 lesrcs
1436 3226 1518 3278 esset
1531 3213 1592 3303 qni
1601 3212 1687 3298 fecit
1700 3235 1775 3280 eum

449 3339 592 3406 sonum;
604 3341 666 3386 cur
682 3317 823 3401 abierit,
842 3318 936 3385 varie
948 3317 1149 3407 explanant3
1164 3325 1255 3385 certe
1271 3340 1338 3384 non
1353 3319 1475 3386 ductus
1488 3318 1635 3400 malitia,
1652 3327 1689 3385 ut
1703 3341 1776 3386 ma·

450 3426 609 3513 gistratui
624 3446 703 3492 eum
717 3425 969 3491 denuntiareta
980 3447 1049 3514 quo
1061 3424 1171 3492 iussus
1185 3433 1260 3491 erat
1269 3425 1390 3491 tollere
1404 3426 1605 3512 grabatum,
1621 3433 1658 3492 ut
1669 3425 1777 3515 aliqui

451 3536 631 3623 putarunt3
650 3559 666 3594 α
687 3531 866 3599 nonenim
887 3537 959 3597 tam
977 3530 1133 3621 stupidus
1150 3537 1184 3598 et
1203 3530 1361 3618 ingratus
1380 3539 1469 3611 erat,
1492 3539 1530 3598 ut
1550 3537 1625 3621 post
1644 3538 1774 3598 tantum

386 3706 389 3714 ,
450 3639 655 3708 beneficium
672 3659 751 3705 cum
770 3636 1005 3706 admonitione
1020 3639 1239 3705 coniunctum
1255 3637 1444 3705 beneficum
1460 3638 1621 3729 proderet
1632 3645 1666 3706 et
1680 3639 1776 3705 mali-

451 3745 646 3833 gnoanimo
658 3746 707 3813 ita
720 3744 945 3836 loqueretur»
962 3742 1084 3834 (cna).
1102 3748 1216 3833 Neque
1229 3745 1315 3824 abit,
1334 3752 1370 3813 ut
1381 3768 1416 3812 se
1430 3745 1523 3835 apud
1540 3746 1775 3834 magistratum

450 3857 617 3942 purgaret
631 3857 665 3919 et
675 3858 848 3920 excusaret
864 3850 970 3941 (Keil,
991 3852 1127 3940 Weiss);
1149 3851 1186 3918 id
1201 3852 1294 3917 enirn
1312 3852 1381 3918 iam
1399 3853 1584 3941 praestitit,
1608 3855 1775 3920 rationem

451 3957 684 4038 illisreddens,
698 3959 761 4024 cur
770 3957 905 4025 tolleret
914 3958 1110 4045 grabatum.
1125 3963 1189 4025 Eos
1200 3959 1407 4046 itaqueadit,
1426 3963 1508 4048 quia
1519 3981 1610 4026 nunc
1618 3960 1661 4026 ad
1672 3982 1776 4049 quae-

452 4066 598 4133 stionem
610 4087 631 4132 a
641 4063 922 4158 magistratusibi
933 4065 1080 4154 positam
1091 4064 1298 4154 respondere
1307 4073 1432 4153 potest:
1447 4067 1549 4131 bomo
1563 4066 1622 4133 illc
1632 4067 1775 4156 simplex
1842 4120 1847 4128 .

452 4171 727 4264 probabilissime
741 4192 777 4239 ae
787 4171 894 4239 sensit
903 4194 943 4238 ex
959 4171 1153 4239 obedientia
1163 4176 1197 4237 et
1209 4174 1400 4239 reverentia
1414 4171 1618 4262 impulsum,
1634 4183 1671 4241 ut
1686 4174 1777 4264 quod

453 4279 507 4347 illi
520 4279 607 4347 scire
622 4277 783 4346 volebant
793 4277 837 4344 iis
847 4279 1035 4346 nuntiaret.
1047 4283 1237 4356 Quamente
1250 4278 1300 4344 illi
1315 4280 1529 4366 rogaverint,
1541 4303 1609 4348 non
1620 4281 1775 4348 advertit.

456 4386 521 4453 alii
544 4387 729 4476 opinantur
748 4405 835 4450 eum·
845 4384 993 4451 voluisse
1012 4407 1089 4452 cum
1109 4383 1260 4474 quadam
1282 4387 1495 4453 coutumacia
1518 4389 1679 4453 maiorem
1704 4392 1777 4454 lesu

455 4490 880 4581 auctoritatemapudillos
890 4511 1058 4569 asserere;
1073 4492 1148 4573 alii,
1161 4490 1314 4558 animum
1327 4502 1462 4578 gratum
1481 4492 1660 4559 ostendere
1670 4493 1780 4580 gloria

456 4604 529 4666 lesu
551 4604 691 4666 narrata
714 4604 748 4665 et
770 4597 988 4665 manifestata
1012 4605 1045 4666 et
1073 4598 1326 4665 benefactorem
1350 4621 1448 4664 suoru
1479 4599 1640 4666 omnibus
1663 4609 1779 4668 notum

458 4707 569 4774 iacere
583 4707 639 4798 (cl.
661 4704 737 4771 Ctr.
758 4708 838 4795 Cpr.
857 4701 1092 4799 nerninem.
1111 4708 1200 4772 lotas.
1221 4707 1294 4772 Coi.
1312 4710 1393 4795 [κιρ.
1420 4704 1508 4773 Cor-l.
1528 4706 1631 4797 Scqu.
1651 4707 1765 4776 Seirai

501 4816 583 4879 Cum
600 4813 732 4882 scribae
750 4819 784 4879 et
797 4810 970 4903 pharisaei
988 4811 1058 4879 iam
1077 4813 1150 4879 sola
1166 4816 1343 4880 sanatione
1359 4811 1541 4879 sabbatum
1563 4815 1683 4881 violari
1702 4836 1782 4882 con·

458 4918 654 5002 tenderent,
680 4918 731 4987 uti
748 4940 788 4985 ex
805 4918 992 5010 synopticis
1013 4926 1105 5006 patet
1123 4927 1156 4987 et
1179 4919 1271 4987 inlra
1291 4927 1368 4998 '123
1391 4922 1480 4986 clare
1504 4925 1713 5002 enuntiatur,
1744 4946 1784 4990 eo

917 5046 1098 5085 sunaesanuza
1115 5048 1141 5086 ru
1157 5047 1224 5085 lanu.
1242 5063 1272 5073 -
1291 5040 1327 5086 1³.
