4050 5648
369 508 449 583 eum
463 512 531 577 iam
542 510 629 582 hora
636 503 745 584 multa
756 511 869 594 fieret,
885 534 965 582 oum
975 514 1048 581 dies
1063 511 1227 601 coepisset
1242 510 1416 580 declinare
1430 509 1556 602 (Matth.
1574 518 1688 598 1a,15,

368 627 466 689 11666.
484 612 575 704 6',35,
593 625 673 690 Luc.
694 616 802 704 9,12).
824 622 932 698 Quare
947 643 980 686 v.
997 624 1037 684 16
1050 629 1089 683 ut
1100 632 1214 698 autem
1227 639 1300 683 sero
1310 620 1443 707 saetam
1461 630 1509 687 est
1528 627 1594 704 ὀψία
1615 620 1687 684 scil.

369 731 433 812 ὥρα
445 721 530 792 hora
547 728 710 804 serotina,
730 722 974 795 descenderant
991 722 1154 814 discipuli
1168 724 1240 792 eius
1254 723 1302 789 ad
1319 745 1413 790 mara
1427 726 1500 792 6611.
1521 725 1691 816 compulsi

366 831 558 918 allomino,
573 831 624 901 uti
636 829 752 899 1161116.
768 838 803 899 61
816 838 913 901 11666.
927 831 1098 912 referunt3
1120 841 1187 917 ὀψία
1205 831 1378 896 notionem
1393 829 1500 896 habet
1514 831 1687 914 latiorem:

370 958 410 1003 ea
427 938 520 1008 66166
538 959 621 1006 6666
643 937 758 1007 llatth.
777 945 883 1023 ·1t‚15
903 944 1037 1027 tempus
1058 938 1257 1025 designatur
1271 958 1340 1026 quo
1359 935 1403 1002 de
1426 935 1575 1002 cibando
1589 938 1694 1003 turba

370 1045 552 1131 cogitatur,
569 1041 629 1111 sod
643 1041 708 1111 hoo
726 1044 801 1114 loeo
821 1050 1042 1135 tempusque
1060 1043 1281 1112 dimittuntur
1295 1042 1476 1132 discipuli,
1500 1042 1569 1109 imo
1594 1047 1692 1109 11666.

343 1231 346 1238 ¹
371 1153 683 1239 6,t'1tempusquo
702 1149 865 1244 discipuli
882 1150 953 1217 iam
964 1157 1046 1218 sunt
1058 1152 1098 1219 in
1113 1149 1331 1217 mediomari
1352 1149 1568 1236 navigantem
1592 1170 1629 1215 v.
1654 1155 1693 1215 17

316 1302 319 1307 -
370 1264 498 1324 etcum
513 1254 744 1336 ascendissent
765 1259 893 1344 navim,
916 1269 1098 1343 venerum,
1115 1269 1244 1346 ἤρχοντο
1261 1255 1466 1336 veniebant,
1493 1256 1602 1335 ibant,
1628 1256 1694 1322 iter

372 1362 569 1431 direxerunt
582 1361 667 1451 (Tol.
687 1365 761 1433 Gai.
779 1368 871 1433 [aas.
888 1362 1003 1453 Sela.)
1017 1376 1114 1431 trans
1128 1385 1223 1430 mare
1237 1363 1274 1428 in
1292 1362 1535 1452 capharnaum
1549 1376 1580 1428 el
1603 1376 1697 1429 1666·

360 1469 451 1539 ι1666
464 1457 536 1536 iam
546 1466 665 1555 laetae
684 1483 828 1538 6666161
841 1493 911 1539 aon
920 1482 1058 1538 venerat
1072 1468 1121 1537 ad
1133 1472 1309 1551 66616666,
1329 1479 1409 1536 6166
1421 1469 1576 1536 nondum
1596 1490 1696 1535 vene·

271 1564 272 1568 ¹
371 1565 440 1661 hat3
457 1597 490 1642 v.
509 1579 549 1642 18
568 1597 662 1644 mare
680 1589 798 1644 autem
814 1589 913 1645 vento
926 1598 1053 1666 maana
1062 1575 1172 1666 flante
1184 1574 1408 1665 6666696661,
1419 1575 1577 1642 navicula
1591 1575 1696 1642 iacta-

372 1681 476 1752 batur
500 1680 663 1751 fluetibus
684 1687 717 1751 et
744 1682 905 1773 discipuli
927 1683 1132 1752 laborabant
1158 1684 1195 1750 in
1213 1682 1432 1770 remigando,
1465 1679 1546 1772 quia
1576 1687 1697 1748 ventus

373 1790 447 1856 erat
467 1788 674 1872 contrarius,
693 1789 745 1858 uti
763 1791 879 1859 1161116.
900 1797 1000 1859 11666.
1024 1790 1049 1857 l.
1072 1814 1102 1858 6.
1126 1791 1284 1858 66166166.
1307 1794 1379 1867 Quo
1404 1794 1506 1857 vento
1525 1787 1696 1856 contrario

371 1915 496 1993 parum
523 1896 694 1985 progressi
712 1902 792 1964 sunt
817 1919 930 1987 neque
959 1904 1090 1965 reatum
1114 1896 1152 1963 in
1174 1896 1390 1964 Bethsaidam
1419 1918 1526 1985 prope
1546 1895 1698 1985 Caphar·
1822 1930 1825 1935 <

370 1999 493 2084 naum,
510 2023 593 2090 ergo
606 1997 757 2071 bre'viter
769 2004 806 2070 16
818 2003 1059 2093 capharnaum
1072 2002 1140 2070 iter
1153 2007 1270 2089 tenere
1286 2007 1458 2092 poterant,
1474 2001 1554 2068 inde
1567 2002 1697 2068 factum

372 2114 411 2176 ut
425 2106 563 2177 tandem
584 2109 621 2177 in
634 2109 777 2198 regione
796 2114 943 2178 Genesar
962 2111 1175 2202 appellerent
1193 2109 1319 2198 (llatth.
1340 2110 1696 2196 163661666653).

372 2219 496 2282 Verum
511 2221 629 2302 66166,
643 2217 734 2284 61666
748 2212 908 2306 quartam
920 2216 1075 2306 vigiliam
1093 2216 1201 2285 noetis
1218 2239 1305 2307 quae
1318 2215 1363 2283 ab
1378 2216 1465 2284 hora
1484 2223 1504 2283 3
1524 2216 1700 2282 matutina

372 2319 415 2388 ad
435 2322 557 2390 horam
572 2330 605 2405 6,
623 2321 668 2390 ad
681 2328 796 2390 ortum
817 2322 897 2391 solis
912 2330 1144 2414 computatur,
1161 2325 1254 2390 venit
1268 2323 1311 2390 ad
1336 2345 1393 2389 eos
1415 2329 1504 2389 lesus
1518 2321 1700 2389 ambulans

310 2507 312 2511 y
373 2449 614 2518 superaquam
626 2452 661 2496 v.
679 2436 720 2496 19
735 2451 814 2496 eum
828 2430 1055 2520 remipassmt
1066 2451 1147 2519 erpo
1163 2429 1264 2519 quasi
1277 2427 1392 2495 stadia
1405 2427 1532 2517 6191611
1545 2429 1700 2518 quinque

374 2547 436 2601 aut
450 2534 952 2626 triplata,laeusqi1adraginta
966 2536 1075 2605 stadia
1085 2535 1176 2603 latus
1191 2541 1239 2603 est
1249 2541 1282 2602 61
1295 2541 1430 2602 eentum
1448 2534 1558 2602 stadia
1572 2534 1699 2621 longus

377 2640 565 2733 (Iosephus,
593 2642 675 2711 Bell.
701 2642 774 2711 iud.
800 2645 951 2733 3,10,“1);
979 2643 1040 2711 sed
1062 2665 1141 2710 eum
1162 2651 1262 2710 vento
1282 2642 1452 2710 contrario
1478 2644 1542 2709 iter
1565 2647 1698 2708 rectum

374 2754 490 2817 tenere
504 2771 575 2818 non
591 2751 745 2840 possent,
762 2750 889 2818 1666166
903 2773 944 2818 ex
956 2751 1086 2819 ineerta
1104 2749 1166 2817 illa
1185 2747 1424 2817 aestimatione
1439 2748 1616 2838 quaeritur
1630 2770 1701 2836 qua

373 2856 413 2924 iu
424 2855 519 2924 laeua
541 2861 639 2947 parte
659 2841 809 2925 fuerint.¹
823 2857 979 2926 Stadium
997 2862 1048 2924 est
1064 2863 1183 2925 ootaha
1197 2878 1278 2945 pars
1294 2854 1450 2922 milliarii
1471 2855 1620 2934 romani,
1640 2854 1697 2921 via

373 2983 435 3029 seu
447 2961 594 3051 spatium
608 2961 834 3049 longitudinis
848 2962 1037 3031 eiusdemi.
1054 2986 1085 3031 6.
1100 2970 1162 3031 125
1175 2983 1336 3053 passuum
1353 2983 1573 3028 romanorum
1588 2966 1700 3045 (as-30

374 3066 487 3135 stadia
501 3099 543 3125 =
558 3075 577 3136 t
595 3078 670 3158 1-
684 3074 704 3135 5
718 3079 736 3159 ξ
748 3068 934 3155 kilomet.);
955 3068 1074 3136 videat
1097 3072 1208 3136 Iesum
1228 3066 1462 3134 ambulantem
1484 3090 1588 3158 supra
1606 3088 1701 3133 mare

375 3173 612 3266 etproaimam
628 3174 712 3242 navi
724 3175 803 3265 fieri
816 3188 848 3242 et
870 3176 1078 3262 timuerant,·
1091 3175 1262 3266 putabant
1274 3178 1365 3241 enim
1387 3196 1460 3242 esse
1475 3175 1698 3265 phantasma,

375 3287 549 3372 spectrum
565 3287 599 3348 et
616 3271 839 3372 praetimore
863 3283 1098 3350 clamaverunt
1122 3283 1245 3368 (llatth.
1272 3288 1386 3364 thud,
1402 3286 1503 3349 11666.
1521 3281 1631 3368 6,19);
1653 3279 1701 3346 vi-

377 3387 461 3455 dent
480 3387 553 3456 6611.
570 3386 724 3478 aliquam
743 3388 893 3477 liguram
912 3389 950 3456 in
970 3394 1068 3457 66616
1082 3388 1293 3457 subobscura
1316 3387 1369 3454 vel
1393 3388 1496 3455 lunae
1521 3387 1700 3477 splendore

378 3494 471 3561 61666
484 3494 720 3562 ambulantem
738 3493 783 3562 ad
799 3517 835 3562 se
848 3517 952 3586 super
971 3495 1096 3578 undas,
1113 3519 1182 3586 quo
1199 3502 1340 3586 aspectu
1360 3494 1503 3562 insolito
1519 3501 1700 3560 terrentur.
1807 3485 1810 3489 ⁷

376 3600 545 3674 timorem
558 3601 653 3669 sedat
667 3607 757 3668 lesus
771 3624 803 3669 v.
820 3608 864 3669 20
878 3600 939 3669 ille
953 3603 1165 3670 autemdicit
1179 3603 1228 3669 eis
1248 3625 1260 3667 .·
1274 3625 1334 3693 eqo
1349 3625 1437 3687 sum,
1456 3601 1560 3668 nolite
1581 3600 1698 3667 tineam

377 3712 411 3773 et
431 3707 525 3797 quod
543 3707 643 3790 dixit,
668 3708 707 3776 in
730 3706 781 3776 eis
803 3730 943 3798 quoque
962 3709 1091 3791 6116611,
1108 3709 1145 3775 id
1166 3709 1259 3799 quod
1275 3732 1356 3799 prae
1371 3708 1448 3776 aliis
1471 3708 1506 3774 in
1528 3712 1625 3774 Petro
1643 3696 1703 3773 de-

381 3818 599 3895 monstratur,
615 3814 677 3904 qui
697 3813 813 3882 statim
829 3815 914 3905 petit
937 3837 945 3884 :
962 3815 1120 3897 Domine,
1141 3815 1169 3882 si
1188 3821 1224 3883 tu
1239 3839 1291 3898 66,
1312 3816 1393 3882 iube
1409 3837 1463 3882 me
1478 3814 1521 3882 ad
1535 3822 1567 3881 te
1581 3814 1698 3880 venire

379 3941 483 4010 super
494 3942 600 4010 aquas
616 3920 744 4010 (ltatth.
767 3926 868 4004 11,Ξὸ
884 3922 978 4011 eta).

423 4026 576 4093 Christus
589 4026 741 4094 aseendit
756 4029 793 4095 in
814 4028 931 4096 navim
945 4034 1111 4096 etventus
1129 4031 1272 4096 cessavit
1294 4029 1422 4116 (Matth.
1446 4029 1575 4114 11666),
1603 4051 1634 4094 v.
1658 4035 1698 4094 ‘21

380 4131 562 4200 voluerunt
581 4155 660 4223 erpo
674 4133 830 4224 accipere
844 4158 921 4203 enm
943 4135 980 4201 in
1003 4135 1136 4219 navim,
1154 4144 1261 4219 ἤθελον
1278 4144 1380 4204 >atam
1403 4134 1446 4202 (16
1469 4158 1504 4201 66
1520 4140 1627 4223 potest
1641 4135 1706 4200 ha·

383 4238 465 4306 bere
477 4242 652 4309 notionem
665 4239 769 4308 solius
781 4249 875 4309 actus
889 4243 1074 4309 voluntatis
1095 4264 1102 4310 :
1120 4243 1297 4325 volebant,
1315 4242 1553 4332 protraherent,
1570 4239 1708 4306 deside-

385 4347 523 4429 rabant,
539 4347 597 4414 sed
618 4347 749 4416 etiam:
773 4346 921 4428 libenter
944 4368 1023 4416 eum
1038 4349 1267 4440 accipiebant:
1295 4373 1358 4439 pro
1379 4370 1448 4437 qua
1461 4349 1569 4413 611666
1586 4368 1709 4435 aecep-

385 4454 476 4522 tione
502 4452 580 4520 vide
609 4453 766 4545 exempla
788 4456 1012 4544 profanorum
1042 4456 1136 4545 apud
1163 4457 1279 4523 Wiaer
1303 4462 1380 4533 5t‚3
1410 4454 1471 4544 qui
1498 4475 1577 4521 usus
1598 4453 1702 4520 etiam

314 4594 320 4602 ·
386 4562 536 4628 cernitur
547 4563 643 4626 11666.
667 4566 768 4641 1238
782 4559 843 4650 qui
854 4561 974 4629 volunt
987 4565 1023 4630 in
1037 4563 1130 4628 stolis
1144 4563 1338 4641 ambulare,
1358 4561 1394 4628 id
1410 4562 1522 4628 lacere
1542 4567 1658 4626 amant
1672 4569 1706 4627 et

389 4672 597 4748 1661016.
624 4670 702 4735 Utra
719 4667 926 4757 significatio
947 4669 1004 4737 hic
1024 4668 1200 4755 seligenda
1219 4671 1278 4749 sit,
1303 4669 1447 4736 dubium
1470 4689 1541 4733 esse
1568 4667 1704 4756 nequit,

387 4754 466 4840 e'um
490 4797 531 4841 ex
548 4773 750 4842 narratione
773 4775 1032 4865 synoptieorum
1052 4781 1169 4866 pateat
1191 4775 1359 4843 Christum
1384 4774 1420 4841 iu
1440 4796 1562 4842 navem
1581 4795 1706 4841 66666-
