4116 5648
757 536 837 582 roan.
862 521 1020 594 taenea.

268 676 313 737 Eo
332 690 469 758 quoque
496 672 696 741 vaticinium
721 677 770 737 est
790 671 970 762 impletum
994 692 1001 738 :
1026 684 1063 737 ut
1087 672 1257 762 scriptura
1281 668 1481 758 impleretur
1499 673 1555 742 di·
1593 745 1595 749 ,
1683 652 1714 737 ‘³5³

222 799 299 844 rens
317 797 329 838 .·
338 776 463 864 practici
487 793 567 846 sunt
594 776 794 846 oestirreenla
816 799 890 844 mea
910 775 974 841 sibi
997 791 1029 843 et
1055 777 1234 844 investem
1256 799 1367 844 meam
1386 777 1554 849 miserunt
1696 782 1700 790 ’

221 895 366 965 sortem;
391 887 440 951 Ps.
458 892 578 966 21,19;
603 884 700 949 euius
715 886 837 974 psalmi
857 883 970 972 prima
985 884 1090 950 verba
1107 888 1195 949 lesus
1209 887 1246 950 in
1263 906 1363 951 cruce
1377 883 1451 973 ipse
1466 888 1552 952 reoi-

221 988 304 1054 tavit
321 987 449 1077 (Matth.
479 996 593 1072 27,t6.
612 993 709 1057 llaro.
729 992 861 1080 15,3a);
882 988 926 1054 ad
942 1011 973 1055 v.
993 996 1033 1056 16
1049 989 1205 1056 alludere
1219 991 1355 1057 videtur
1368 991 1406 1058 in
1419 990 1525 1058 verbo
1543 1015 1551 1060 :

220 1093 313 1177 sitio,
326 1097 370 1163 ad
384 1098 544 1164 ultimum
560 1095 683 1184 psalmi
702 1098 846 1165 verbum
862 1094 989 1182 (hebr.)
1007 1095 1128 1162 reterri
1143 1099 1254 1184 potest
1267 1095 1357 1164 illud
1374 1118 1382 1163 :
1399 1118 1555 1165 consum·

223 1209 351 1270 matum
365 1211 426 1270 est.
447 1230 462 1263 a
482 1207 568 1268 llaec
577 1205 692 1271 omnia
706 1204 836 1272 utiliter
848 1201 1026 1291 praedicta
1038 1208 1129 1283 sunt,
1149 1209 1186 1268 ut
1201 1223 1280 1267 cum
1296 1196 1414 1269 rerum
1431 1210 1555 1272 eventu

223 1309 328 1376 verba
353 1309 567 1376 conferentes
587 1330 851 1396 agnosceremus
872 1330 949 1374 eum
973 1311 1087 1399 ipsum
1114 1330 1184 1375 esse
1208 1307 1267 1397 qui
1293 1305 1488 1398 praedictus
1507 1317 1557 1378 est

222 1437 326 1504 quem
341 1418 525 1481 venturum
545 1436 609 1504 pro
622 1417 720 1483 nobis
732 1418 769 1482 in
789 1416 900 1480 forma
916 1421 1033 1482 nostra
1049 1419 1083 1481 et
1098 1436 1163 1504 pro
1181 1414 1250 1480 vita
1267 1416 1424 1482 omnium
1448 1416 1554 1482 mori·

223 1526 336 1587 turum
358 1518 582 1608 sperabamus
609 1550 626 1583 a
649 1522 781 1612 (Gyr.);
808 1534 840 1587 et
862 1520 988 1587 milites
1003 1521 1143 1611 quidem
1162 1520 1245 1588 haee
1261 1522 1440 1607 fecerant:
1453 1522 1553 1588 inscii

223 1626 401 1693 oraculum
415 1625 572 1716 implent.
590 1629 752 1695 Tunicam
772 1627 1012 1695 inconsutilem
1032 1627 1180 1713 liguram
1200 1650 1270 1694 esse
1284 1629 1424 1696 unitatis
1439 1629 1555 1696 Eccle-

222 1733 292 1800 siae
318 1732 518 1822 lrequenter
538 1734 658 1803 dicunt
676 1735 735 1822 (cl.
761 1739 849 1824 Rup.
875 1735 1002 1821 lens.);
1030 1733 1091 1799 alii
1118 1755 1158 1800 ea
1183 1732 1359 1820 designari
1377 1737 1555 1802 caritatem

221 1844 359 1906 censent
372 1839 479 1930 (Auq.
507 1839 588 1906 Bed.
610 1839 760 1927 Tlom.);
775 1842 810 1905 in
827 1846 990 1929 quattuor
1004 1839 1074 1906 illis
1088 1839 1247 1928 partibus
1260 1840 1552 1930 quadripartitam

221 1946 403 2012 Ecclesiam
421 1954 568 2013 cernunt
587 1946 750 2036 exprimi,
776 1954 847 2014 toto
869 1946 943 2013 scil.
968 1948 1026 2035 qui
1046 1953 1211 2036 quattuor
1230 1947 1385 2035 partibus
1399 1951 1550 2029 constat,

221 2060 390 2119 terrarum
404 2052 487 2119 orbe
502 2052 660 2120 dillusam
678 2054 721 2120 ab
737 2055 869 2121 oriente
884 2053 931 2121 ad
945 2052 1172 2136 occidentem,
1188 2055 1231 2121 ab
1243 2055 1408 2144 aquilone
1421 2054 1467 2122 ad
1482 2076 1553 2122 me·
1661 2097 1667 2108 ·

222 2158 343 2225 ridiem
360 2159 415 2249 (cl.
437 2162 519 2249 ΟΨ.
536 2163 627 2249 Any.
649 2160 748 2248 101).
1032 2229 1036 2235 ,

250 2265 416 2340 ,adfuisse
435 2267 473 2335 in
491 2268 566 2334 loco
586 2266 811 2334 crucifixionis
833 2267 991 2333 mulieres
1014 2272 1089 2333 lesu
1107 2266 1246 2333 devotas
1261 2267 1365 2333 ctiam
1381 2267 1552 2358 synoptici

220 2372 389 2452 referunt,
410 2379 445 2439 at
468 2394 587 2440 earum
612 2375 822 2440 mentionem
846 2373 976 2440 iaciunt
996 2373 1108 2439 solum
1132 2380 1241 2440 morte
1263 2373 1387 2441 Christi
1413 2380 1554 2442 narrata

222 2477 348 2566 (llatth.
365 2485 485 2561 ar,55;
508 2484 605 2546 llarc.
629 2485 742 2560 15,t0.
761 2485 838 2547 Luc.
859 2480 985 2569 23,t9).
1007 2485 1151 2547 loannes
1167 2481 1358 2548 accuratius
1371 2481 1476 2548 refert
1488 2503 1553 2547 no·
1658 2537 1661 2544 .

223 2585 356 2652 minans
371 2587 521 2668 llariam,
544 2595 690 2654 matrem
708 2592 781 2655 lesu
796 2594 830 2653 et
844 2586 1050 2677 discipulum
1062 2588 1085 2654 i.
1104 2610 1135 2654 e.
1150 2589 1298 2676 seipsum
1312 2593 1345 2654 et
1359 2587 1462 2654 verba
1481 2592 1553 2654 lesu

223 2713 401 2760 recensens
420 2716 452 2760 v.
477 2701 519 2761 25
544 2698 680 2760 stabant
698 2707 815 2761 autem
831 2694 931 2760 iuxta
945 2715 1082 2759 errarem
1097 2696 1172 2759 Iesu
1188 2706 1297 2759 mater
1315 2693 1389 2759 eius
1407 2706 1440 2758 et
1460 2715 1556 2759 soror

222 2799 343 2865 matris
358 2800 448 2881 eius,
463 2800 577 2867 Maria
595 2800 781 2890 Cleophae,
793 2812 825 2867 et
838 2800 953 2866 Maria
968 2798 1173 2888 Mopdalene
1181 2819 1195 2882 ,·
1207 2801 1258 2866 uti
1276 2805 1384 2867 textus
1400 2799 1551 2881 effertur,

223 2907 323 2972 llaria
341 2906 514 2995 Cleophae
533 2913 586 2973 est
609 2907 778 2996 appositio
803 2904 850 2973 ad
869 2904 1088 2984 antecedens,
1111 2906 1160 2973 ita
1174 2913 1212 2974 ut
1236 2911 1303 2973 tres
1317 2905 1479 2973 mulieres
1492 2927 1554 2972 no-

221 3013 409 3091 minentur,
436 3014 548 3080 versio
568 3014 760 3080 communis
778 3013 909 3100 syriaca
935 3017 968 3079 et
989 3013 1100 3079 versio
1125 3012 1319 3101 aethiopica
1342 3013 1498 3079 inserunt
1521 3024 1553 3078 et

219 3119 320 3185 llario
335 3119 524 3209 Cleophae;
542 3119 645 3186 etiam
672 3142 711 3185 ex
731 3118 980 3186 recentioribus
999 3118 1107 3208 aliqui
1128 3125 1291 3208 quattuor
1310 3118 1473 3186 mulieres
1496 3118 1553 3184 de-

219 3224 350 3311 signari
367 3227 485 3292 volunt
505 3249 545 3292 ea
565 3227 699 3292 ratione
726 3226 938 3316 potissimum
964 3227 1067 3306 moti,
1092 3248 1135 3292 ne
1157 3225 1192 3291 in
1209 3248 1278 3292 una
1293 3225 1484 3314 eademque
1500 3225 1550 3291 la·

222 3331 316 3397 milia
330 3330 419 3399 duae
437 3355 571 3399 sorores
586 3333 708 3400 eodem
724 3335 864 3400 nomine
881 3333 1001 3400 llariae
1021 3338 1200 3400 vocentur.
1218 3339 1309 3411 Quae
1325 3340 1442 3399 tamen
1462 3332 1551 3398 ratio

222 3460 343 3526 parum
361 3438 479 3505 efficax
494 3445 554 3506 est.
570 3445 655 3506 Nam
671 3448 800 3508 certum
817 3462 886 3507 non
901 3446 950 3506 est
964 3439 1112 3507 fueritne
1127 3439 1229 3506 llaria
1247 3439 1417 3529 Cleophae
1432 3460 1552 3505 revera

222 3567 316 3611 soror
339 3545 457 3612 matris
480 3551 569 3628 lesu3
600 3547 684 3613 haec
704 3549 795 3613 enim
818 3548 918 3613 llario
937 3569 1024 3613 uxor
1038 3545 1210 3635 Cleophae
1225 3545 1372 3634 erat(uli
1391 3544 1549 3635 plerique

222 3651 408 3740 explicant,
424 3653 467 3720 ol,
490 3654 594 3720 Erilli.
612 3657 705 3720 lans.
730 3653 839 3721 Calm.
864 3653 959 3721 Corl..
974 3653 1077 3742 Sequ.
1098 3653 1198 3721 scaz.
1221 3652 1288 3719 Fil.
1311 3653 1436 3735 Weiss,
1457 3652 1534 3718 Keil
1537 3671 1553 3736 ,·

222 3758 282 3826 alii
298 3758 402 3826 liliam
416 3759 425 3803 ¹
446 3760 616 3850 Cleophae
628 3760 771 3851 l'lrcoplr.
789 3760 866 3828 Alb.
886 3759 999 3827 l'lom.
1017 3761 1119 3848 Bon.)
1135 3767 1243 3827 mater
1257 3759 1367 3826 lacobi
1382 3766 1417 3826 et
1432 3759 1551 3849 loseph

223 3865 345 3953 (tlattlr.
382 3869 516 3954 ar,5a);
543 3868 712 3956 cleophas
747 3876 881 3949 autem,
910 3871 1064 3948 Κλωπᾱς,
1103 3874 1185 3934 teste
1219 3868 1409 3955 Hegesippo
1444 3865 1552 3955 (apud

222 3973 342 4040 Euseb.
365 3975 400 4040 h.
429 3996 459 4040 e.
485 3979 578 4060 3,11)
596 3975 703 4041 irater
721 3979 795 4041 erat
815 3974 952 4064 loseph,
970 3973 1084 4063 sponsi
1105 3973 1139 4040 b.
1159 3974 1317 4060 Virginis
1336 3977 1445 4049 Quare
1466 3974 1554 4039 sicut

219 4080 329 4165 [ναῖον
355 4080 397 4147 de
419 4088 567 4168 cognato
582 4081 724 4159 dicitur,
746 4082 794 4147 ita
813 4104 907 4147 soror·
929 4104 1067 4171 quoque
1089 4081 1148 4168 (el.
1174 4086 1257 4149 Gen.
1280 4085 1395 4159 20,st
1419 4079 1477 4145 lob
1496 4085 1550 4159 11,

223 4192 291 4273 11).
309 4191 467 4255 Ceterum
485 4189 535 4256 uti
551 4189 586 4256 in
602 4190 724 4256 eadem
743 4189 874 4255 familia
892 4189 976 4254 duos
995 4189 1118 4255 iratres
1139 4187 1261 4255 eodem
1282 4188 1419 4252 nomine
1438 4185 1554 4275 appel·

223 4293 286 4359 lari
304 4295 473 4383 reperitur
492 4294 584 4385 (vide
605 4296 639 4362 in
661 4300 851 4363 Commeat.
879 4295 994 4362 llatth.
1018 4299 1044 4360 ll
1066 4318 1101 4384 p.
1129 4302 1148 4361 3
1174 4299 1290 4360 annot.
1313 4295 1364 4380 1),
1386 4292 1435 4359 ita
1449 4290 1553 4357 etiam

225 4401 299 4467 lieri
329 4404 455 4491 poluit,
480 4409 517 4469 ut
538 4404 627 4470 duae
645 4425 777 4470 sorores
796 4401 917 4468 eodem
938 4408 1144 4468 vocarentur
1163 4400 1315 4466 nomine.
1339 4397 1441 4465 Proin
1457 4397 1553 4464 nulla

226 4508 311 4574 ratio
324 4514 372 4574 est
391 4515 555 4596 quattuor
571 4510 728 4576 mulieres
744 4508 926 4576 statuendi.
943 4508 1074 4575 Pariter
1089 4508 1189 4597 plane
1205 4506 1427 4574 arbitrarium
1441 4511 1491 4571 est
1504 4526 1554 4570 so

227 4636 339 4680 rorem
364 4615 481 4681 matris
507 4617 579 4684 eius
598 4616 791 4702 intelligere
820 4623 964 4682 matrem
987 4615 1138 4681 filiorum
1166 4613 1348 4692 Zebedaei,
1376 4612 1551 4691 Salomon,

227 4732 306 4786 nam
325 4726 486 4788 loannem
512 4723 615 4790 luisse
639 4731 825 4810 cognatum
853 4722 988 4788 ltomini
1006 4743 1049 4788 ne
1072 4721 1256 4806 vestigium
1277 4718 1420 4809 quidem
1442 4717 1554 4785 ullum

260 4888 280 4932 1.
297 4885 329 4930 at
348 4883 468 4933 mulieres
490 4882 632 4934 seeundum
655 4888 752 4948 patrem
771 4897 821 4933 non
844 4881 1020 4940 nominantur,
1035 4881 1079 4932 seul
1105 4880 1246 4932 seeundum
1263 4879 1396 4939 maritum,
1412 4877 1446 4928 cl.
1463 4878 1553 4929 llatth.

230 4969 277 5022 1,6.
292 4964 350 5011 Luc.
368 4967 419 5021 8,3.
