4050 5648
783 348 876 422 ,ocra
897 346 945 411 srr
966 353 1171 412 rannarroms
1192 363 1326 412 moonrs.
1685 353 1725 413 49
1797 357 1800 365 ·
1828 334 1980 415 'aa

398 499 515 569 habita
532 518 621 584 esse,
636 501 775 592 quaein
791 501 881 568 libro
896 497 1008 566 solum
1027 495 1225 567 summatim
1241 504 1275 588 et
1289 498 1404 589 quoad
1414 496 1600 589 praecipua
1612 504 1721 588 capita

396 607 569 691 leguntur,
587 607 808 676 manifestum
824 607 874 671 est
889 608 924 670 et
944 602 1037 674 clare
1056 602 1252 672 declaratur
1264 610 1379 687 2135.
1400 610 1483 672 Nam
1499 610 1630 672 nonest
1644 627 1721 671 cen-

397 709 523 777 sendus
540 713 743 781 Nicodemus
754 714 856 779 noctu
871 711 1003 780 venisse
1019 717 1057 776 ut
1068 731 1089 775 a
1101 707 1235 774 Christo
1250 729 1399 776 summas
1413 714 1572 779 veritates
1587 712 1723 778 docere-

398 824 453 884 tur
474 822 507 883 et
522 818 646 886 abiisse
672 824 747 909 post
767 816 836 884 duo
861 817 917 885 vel
937 820 1006 885 tria
1028 814 1193 903 temporis
1212 818 1384 881 momenta
1408 815 1533 904 quibus
1553 819 1724 904 potuerint

398 927 567 993 enuntiari
586 932 722 1010 3,2-21;
738 921 832 989 idem
856 921 911 991 dic
928 924 971 992 de
990 927 1084 998 737.
1105 928 1159 1004 38,
1179 920 1239 988 ubi
1257 921 1331 1011 ipse
1348 921 1556 1009 evangelista
1576 923 1722 991 insinuat

274 1019 275 1022 ¹
315 1067 316 1071 =
396 1049 431 1096 se
454 1031 622 1099 sermonis
655 1032 905 1116 argumentum
931 1029 1111 1096 dumtaxat
1134 1028 1172 1095 in
1200 1026 1353 1094 medium
1384 1029 1537 1117 prolerre
1567 1030 1719 1118 (Corluy,

396 1138 584 1205 Commeat.
603 1138 639 1205 in
664 1157 728 1217 ev„
744 1139 839 1204 loan.
864 1142 885 1202 2
909 1135 963 1203 ed.
978 1151 1024 1224 p.
1052 1134 1119 1224 16).
1146 1136 1302 1201 Ceterum
1327 1134 1570 1220 evangelistam
1590 1157 1721 1203 sensum

396 1245 578 1311 verborum
599 1240 722 1310 Christi
739 1262 841 1333 saepe
859 1263 922 1310 suo
946 1240 1101 1338 modoet
1121 1261 1250 1327 genere
1271 1239 1406 1307 dicendi
1428 1241 1633 1330 exprimere,
1655 1243 1722 1309 iarn

396 1372 436 1417 ex
456 1373 497 1417 eo
519 1348 694 1432 suadetur,
719 1347 801 1439 quia
824 1347 912 1415 ratio
931 1346 1108 1414 scribendi
1123 1346 1259 1414 loannis
1273 1347 1310 1414 in
1324 1370 1384 1414 sua
1399 1347 1512 1437 prima
1532 1347 1674 1438 epistola
1691 1356 1723 1415 et

298 1529 303 1539 x
395 1458 431 1524 in
442 1454 662 1523 sermonibus
673 1459 747 1522 lesu
761 1475 923 1543 magnam
940 1475 1023 1543 praa
1038 1475 1073 1520 se
1086 1454 1152 1520 fert
1166 1454 1405 1538 concordiam,
1421 1453 1513 1523 unde
1534 1457 1721 1522 necessario

396 1561 615 1650 consequitur
632 1561 746 1652 ipsum
767 1559 917 1651 llagistri
935 1581 1109 1627 sermones
1128 1581 1167 1627 ac
1186 1559 1372 1628 sententias
1391 1562 1529 1650 proprio
1548 1562 1648 1628 modo
1667 1585 1723 1628 ex-

397 1661 555 1759 pressisse
572 1667 710 1757 (Corluy
723 1668 748 1734 l.
775 1666 836 1758 c).
855 1665 891 1734 si
914 1666 1031 1756 itaque
1046 1665 1242 1734 doctrinam
1261 1665 1384 1734 Christi
1399 1673 1512 1735 mente
1525 1668 1669 1735 retinuit
1679 1707 1722 1718 -

396 1773 513 1864 ecquis
535 1774 571 1841 id
591 1772 835 1865 potuissetieri
861 1772 1029 1862 negabit?
1047 1810 1091 1822 -
1111 1772 1215 1841 etiam
1231 1794 1403 1841 sermones
1424 1773 1502 1841 illos
1516 1773 1663 1842 fideliter
1677 1775 1718 1842 ad

395 1886 545 1949 mentem
559 1885 593 1947 et
606 1900 744 1964 sensum
759 1877 904 1963 Christi,
921 1880 984 1946 etsi
1000 1900 1070 1946 non
1085 1879 1214 1970 ubique
1229 1879 1273 1948 ad
1288 1881 1363 1971 ipsa
1374 1879 1495 1962 verba,
1513 1881 1723 1949 conscribere

396 1986 516 2078 potuit.
534 1986 645 2067 Adde,
664 1985 758 2076 quod
772 2007 814 2054 ex
834 1986 910 2077 ipso
929 1985 1111 2073 evangelio
1128 1987 1255 2068 elucet,
1273 1991 1434 2054 loannem
1449 1987 1552 2053 etiam
1566 1987 1600 2053 in
1615 1992 1723 2054 aetate

396 2099 556 2183 provecta
574 2114 693 2160 scenas
712 2093 790 2160 illas
804 2092 903 2160 -vitae
927 2092 1087 2182 publicae
1108 2091 1230 2160 cbrish‘
1248 2093 1377 2185 optime
1392 2099 1424 2160 et
1442 2094 1539 2183 quasi
1554 2095 1724 2183 spirantes

395 2200 433 2267 in
453 2199 621 2266 memoria
635 2198 795 2267 habuisse
815 2198 1020 2267 reconditas.
1037 2198 1120 2266 Vide
1142 2197 1234 2267 enim
1252 2192 1451 2268 ¹accuratum
1470 2201 1633 2267 narrandi
1651 2223 1721 2267 nro-

396 2306 480 2372 dum
508 2313 586 2388 139
609 2305 720 2394 altera
745 2306 818 2388 die,
840 2328 873 2374 v.
895 2311 938 2376 35
965 2306 1077 2374 altera
1100 2304 1174 2388 die;
1197 2311 1275 2389 t‚t3
1299 2306 1337 2374 in
1360 2306 1563 2388 crastinum,
1586 2313 1640 2386 Μ
1667 2306 1722 2373 dic

396 2412 513 2496 tertia;
530 2412 608 2479 vide
633 2419 702 2496 t,6.
725 2419 780 2481 28.
801 2419 862 2495 33;
885 2418 962 2495 533
983 2419 1052 2497 6,5.
1075 2419 1128 2480 10.
1146 2419 1199 2479 13.
1218 2418 1280 2494 223
1300 2417 1396 2497 8,20;
1415 2418 1545 2496 9,6-39;
1564 2413 1645 2478 item
1662 2414 1720 2479 ad-

397 2524 490 2587 verte
509 2519 546 2585 in
561 2519 777 2586 sermonibus
789 2540 905 2585 coram
925 2517 1102 2608 discipulis
1115 2517 1241 2585 habitis
1255 2522 1332 2601 13,t
1348 2540 1417 2608 seq.
1436 2525 1550 2598 223&
1568 2519 1722 2587 recorda-

396 2632 453 2692 tur
466 2625 592 2716 quibus
605 2623 863 2715 quaestionibus
877 2630 912 2692 et
927 2625 986 2715 qui
1006 2645 1200 2692 sermonem
1213 2624 1348 2691 Domini
1360 2624 1609 2716 interruperint
1627 2633 1719 2708 13‚6;

399 2739 488 2815 tt,5.
510 2739 541 2800 8.
561 2739 620 2813 223
639 2736 812 2822 quaerunt
826 2735 960 2815 Petrus,
978 2734 1142 2816 Thomas,
1158 2730 1352 2822 Philippus,
1369 2732 1485 2813 ludas;
1504 2741 1537 2799 et
1549 2733 1642 2822 ipsae
1658 2733 1722 2800 hae

396 2945 556 3034 palorum
581 2944 744 3033 prodant,
762 2943 866 3010 fidem
885 2943 1049 3010 historiae
1072 2966 1155 3033 prae
1170 2965 1206 3010 se
1222 2942 1348 3010 lerunt.
1365 2947 1446 3010 Cum
1460 2945 1575 3035 itaque
1593 2967 1720 3031 memo

397 3050 483 3118 riam
513 3072 591 3118 eum
622 3050 748 3117 habere
776 3071 917 3140 prorsus
941 3049 1068 3117 bonam
1095 3052 1241 3132 constet,
1274 3050 1376 3117 etiam
1405 3051 1664 3141 disceptationes
1689 3061 1722 3119 et

396 3177 570 3224 sermones
591 3177 671 3223 eum
695 3157 844 3247 potuisse
867 3155 1018 3223 fideliter
1046 3155 1176 3223 reterre
1206 3157 1462 3223 concedendum
1490 3159 1630 3225 omnino
1654 3167 1717 3239 est,

397 3263 597 3354 praesertim
616 3283 694 3330 cum
715 3262 887 3344 derebus
905 3268 1041 3348 agatur,
1064 3285 1150 3352 quas
1168 3284 1249 3329 sane
1267 3263 1429 3330 continuo
1449 3286 1469 3330 a
1485 3287 1632 3332 suarum
1650 3271 1719 3333 lesu

397 3369 641 3438 consuetudine
655 3391 718 3458 per
734 3373 841 3436 totam
859 3370 966 3436 vitam
984 3375 1098 3435 mente
1115 3367 1287 3457 volvebat.
1306 3369 1400 3437 Adde
1420 3392 1556 3460 quoque
1571 3373 1720 3462 peculia-

398 3499 470 3544 rem
486 3476 631 3566 Spiritus
646 3497 674 3543 s.
692 3496 804 3566 opem.

442 3587 591 3650 Fuerunt
608 3604 746 3672 quoque
767 3580 830 3673 qui
852 3580 1032 3648 ostendere
1056 3586 1263 3649 conarentur
1282 3584 1318 3649 in
1344 3583 1521 3670 evangelio
1549 3585 1612 3650 hoc
1634 3587 1721 3653 nibil

364 3716 368 3722 ’
399 3689 518 3774 loanni
542 3688 722 3779 proprium
751 3687 913 3778 reperiri;
937 3690 1054 3755 omnia
1077 3688 1254 3756 efformata
1277 3694 1310 3756 et
1335 3690 1573 3757 transformata
1592 3715 1663 3759 csse
1683 3717 1722 3760 ex

400 3795 501 3863 rebus
526 3793 692 3884 dictisque
716 3793 937 3885 synopticis1.
965 3799 1033 3860 Hoc
1059 3795 1207 3861 refutare
1235 3818 1307 3862 non
1332 3819 1417 3887 opus
1437 3804 1496 3864 est.
1526 3801 1723 3887 Synopticos

399 3910 511 3971 autem
531 3901 691 3988 cognosci
707 3901 751 3969 ab
770 3923 830 3985 eo,
849 3898 1006 3990 suppleri
1020 3900 1243 3990 quandoque,
1260 3901 1427 3969 declarari
1443 3925 1547 3992 supra
1561 3905 1720 3972 vidimus.

399 4008 435 4076 ld
453 4030 590 4099 quoque
606 4013 701 4096 patet
714 4029 753 4074 ex
767 4006 871 4075 variis
890 4006 1005 4075 verbis
1019 4006 1150 4074 Domini
1170 4029 1260 4097 quae
1276 4008 1379 4075 etiam
1397 4010 1489 4098 apud
1505 4032 1560 4077 eos
1574 4034 1723 4079 comme-

401 4122 579 4182 morantur
596 4120 691 4197 2,19;
716 4118 812 4194 t‚tt;
839 4120 913 4198 5,a;
934 4119 1023 4196 12,'l.
1044 4118 1076 4179 8.
1099 4119 1158 4192 253
1179 4120 1291 4195 13,16.
1309 4122 1364 4183 20.
1381 4122 1435 4182 tt.
1451 4122 1510 4193 38:
1535 4125 1649 4199 15‚ao;
1671 4128 1721 4191 ro.

433 4308 452 4350 r.
464 4300 503 4349 Ad
518 4301 564 4350 hos
580 4301 693 4366 pertinet
712 4299 876 4350 uoluntaria
890 4300 921 4367 in
935 4298 1178 4350 Handmmmentar.
1194 4299 1287 4364 Aliqua
1301 4302 1357 4352 eius
1374 4303 1409 4353 rei
1424 4305 1539 4367 exempta
1552 4315 1725 4369 proponentur

401 4381 426 4430 in
441 4378 632 4431 commentario.
658 4381 752 4432 contra
772 4378 899 4431 eiusmodl
920 4379 1064 4431 tentamina
1085 4370 1203 4428 maxime*
1217 4380 1269 4442 agit
1291 4381 1372 4431 Resch
1388 4384 1404 4432 l.
1424 4398 1445 4432 c.
1469 4398 1493 4447 p.
1516 4388 1553 4440 35,
1571 4384 1603 4434 de
1616 4386 1725 4438 dirersis

299 4467 303 4472 “
401 4459 517 4512 lontibus
536 4473 567 4510 ex
584 4460 679 4523 quibua
703 4462 813 4510 loannes
835 4458 950 4512 hauserit
964 4473 1107 4510 sermonem
1127 4458 1276 4509 nullatenus
1293 4473 1348 4510 ease
1365 4475 1450 4525 possm
1464 4464 1548 4512 omnia
1563 4478 1681 4519 emanare
1697 4483 1726 4518 cr

402 4556 455 4592 uno
466 4541 551 4602 tonte
570 4553 602 4590 ex
615 4539 776 4604 planitudine
789 4539 884 4590 mentia
898 4541 1026 4599 auctoris
1041 4539 1088 4604 qui
1103 4538 1209 4602 singulis
1224 4540 1250 4590 in
1271 4538 1503 4604 locisitascribat,
1518 4547 1726 4612 utmnltnptura

401 4635 516 4686 saposse
531 4634 633 4671 narrare
649 4622 752 4685 prodat,
767 4618 1000 4671 nullatenuaccrni
1019 4635 1064 4672 seu
1080 4619 1181 4670 adverti
1198 4620 1287 4690 apud'
1281 4634 1378 4684 ipsum,
1391 4624 1460 4688 quod
1479 4625 1609 4676 materiam
1624 4628 1728 4678 aliunde

401 4706 532 4764 acceptam
544 4701 723 4752 retractaverit
742 4700 782 4751 vel
805 4713 853 4750 sno
873 4699 1035 4764 adaptarent
1048 4699 1156 4750 consilio
1170 4700 1311 4761 scribendi
1327 4716 1500 4767 quaecumque
1517 4706 1622 4766 tolerat,
1635 4711 1706 4760 cic
1702 4725 1726 4755 r

401 4795 477 4847 quam
493 4781 603 4832 maxime
617 4779 731 4845 propria,
747 4785 796 4833 eto.

865 4882 1047 4921 attenuatum
1063 4882 1090 4922 lit
1107 4882 1174 4920 toittt.
1193 4899 1223 4907 -
1240 4878 1262 4921 h.
