4050 5648
283 647 368 709 solus
383 650 507 714 Patrem
523 652 647 715 noscat,
664 645 741 706 satis
761 666 794 710 se
808 651 975 730 aequalem
994 648 1077 712 Patri
1092 646 1243 719 affirmat,
1257 665 1353 726 quam
1367 648 1602 730 ‚aequalitatem
1628 694 1630 698 Α
1728 651 1730 655 ‘

288 747 385 809 etiam
402 751 547 812 enuntiat
561 746 593 806 in
608 751 775 824 praecepto
795 749 946 827 baptismi
963 751 998 818 εἰς
1011 747 1041 806 εδ
1059 742 1142 821 ὄνομα
1158 750 1216 808 etc.
1232 745 1396 811 Praeterea
1416 747 1532 811 Christi
1552 743 1601 805 di-

284 846 401 911 vinitas
417 850 513 911 etiam
529 842 612 921 apud
628 847 812 923 synopticos
827 846 1004 909 declaratur
1017 861 1055 905 eo
1069 844 1156 921 quod
1173 846 1260 905 lesus
1276 846 1370 907 toties
1386 846 1508 908 ratione
1523 843 1602 905 adeo

287 946 442 1026 singulari
457 948 558 1004 Deum
578 958 673 1003 suum
688 949 776 1005 vocat
798 945 938 1019 Patrem,
954 942 1041 1023 quod
1055 940 1205 1004 miracula
1221 942 1324 1002 omnis
1343 942 1468 1023 generis
1483 943 1602 1004 virtute

291 1045 419 1124 propria
438 1042 542 1119 patrat
562 1043 594 1100 et
614 1058 650 1101 ea
667 1041 813 1122 patrandi
827 1041 893 1100 vim
913 1042 985 1102 aliis
1005 1038 1132 1112 tribuit,
1149 1038 1236 1118 quod
1255 1037 1412 1102 salutatur
1430 1041 1527 1102 Filius
1545 1039 1602 1101 Dei

284 1143 347 1203 vivi
371 1135 493 1218 (llattb.
512 1137 612 1218 ibid)
631 1156 727 1217 quarn
747 1137 978 1201 contessionem
1000 1136 1075 1196 dicit
1094 1136 1186 1199 Petro
1201 1135 1369 1199 revelatam
1384 1155 1455 1198 esse
1474 1136 1492 1199 a'
1511 1138 1602 1198 Patre

284 1235 431 1304 coelesti,
447 1234 531 1312 quod
545 1252 563 1296 a
578 1237 643 1298 ileo
658 1235 838 1315 appellatur
852 1236 949 1297 Filius
966 1242 1055 1294 meus
1070 1233 1206 1297 dilectus
1219 1233 1361 1310 (unicus;
1377 1234 1417 1295 ct.
1435 1235 1475 1295 ad
1492 1235 1599 1296 Matth.
1680 1298 1698 1321 {A

286 1335 373 1406 3,l‘l;
391 1330 485 1412 l'i‚5).
503 1333 598 1395 Porro
614 1334 697 1413 quod
718 1332 770 1392 hic
785 1334 868 1403 3,la.
888 1337 926 1393 15
941 1331 1033 1404 dicit,
1049 1331 1145 1394 etiam
1160 1333 1343 1394 enuntiatur
1358 1331 1465 1392 ldattb.
1485 1333 1601 1403 2038:

284 1429 370 1490 venit
391 1430 493 1492 Filius
512 1432 651 1493 bominis
671 1430 746 1491 dare
767 1431 905 1491 animam
926 1446 1017 1490 suam
1040 1429 1295 1509 redemptionem
1313 1446 1372 1509 pro
1387 1427 1509 1490 multis.
1524 1429 1602 1489 Dein

281 1528 367 1605 quod
381 1528 432 1590 bic
446 1533 509 1590 tam
522 1530 661 1609 graviter
673 1532 783 1588 monet
795 1527 892 1588 tidem
905 1527 966 1588 sibi
981 1544 1051 1588 esse
1065 1528 1293 1603 adhibendam,
1309 1528 1342 1590 id
1359 1527 1445 1608 apud
1464 1527 1604 1606 synopti-

48 1628 54 1641 ⁸
67 1603 129 1721 ”j
181 1695 184 1701 ,
283 1644 338 1687 cos
358 1644 486 1705 quoque
508 1627 656 1696 cernitur,
682 1625 760 1702 quia
782 1625 900 1704 ubique
924 1624 1019 1687 tidem
1040 1626 1152 1706 erigit,
1168 1627 1208 1688 de
1223 1626 1350 1688 modica
1368 1626 1430 1687 tide
1449 1625 1602 1703 increpat

57 1719 63 1744 t
127 1732 130 1739 .

289 1726 327 1784 Et
341 1725 396 1802 qui
411 1725 585 1803 discipulos
599 1739 676 1782 suos
692 1725 782 1783 vocat
796 1740 802 1780 :
824 1741 879 1784 vos
893 1723 969 1784 estis
987 1721 1040 1784 lux
1054 1723 1181 1797 mundi,
1197 1727 1230 1784 et
1244 1724 1299 1802 qui
1311 1723 1401 1785 iubet
1415 1741 1424 1784 ι
1439 1723 1541 1785 luceat
1552 1722 1605 1784 lux

285 1828 389 1883 vestra
413 1821 534 1900 (Matth.
552 1823 634 1891 att.
652 1820 702 1899 16)
723 1824 755 1900 et
779 1819 938 1881 lucernam
959 1806 1044 1882 vetat
1062 1821 1227 1890 abscondi,
1245 1821 1272 1880 is
1294 1838 1370 1882 sane
1390 1826 1476 1882 etse
1498 1820 1604 1899 ipsum
1680 1879 1686 1891 ,

282 1925 376 1980 vocat
394 1901 501 1979 lucem
525 1921 558 1979 et
580 1917 763 1978 doctrinam
780 1917 895 1979 lucem.
917 1916 1024 1997 ipsum
1045 1917 1186 2000 venisse,
1201 1936 1266 1979 non
1284 1923 1321 1978 ut
1341 1917 1474 1991 iudicet,
1492 1917 1548 1978 sed
1568 1920 1605 1978 ut

282 2016 382 2077 salvet
399 2015 561 2090 homines,
577 2014 756 2077 luculenter
771 2016 951 2077 ostenditur
964 2016 1058 2078 otiam
1072 2015 1157 2094 apud
1171 2016 1368 2094 synoptioos,
1386 2015 1464 2077 dum
1479 2021 1606 2095 peccata
1682 2060 1688 2068 .

285 2114 433 2184 remittit,
451 2130 524 2175 cum
543 2114 761 2192 peccatoribus
783 2118 997 2185 conversatur,
1011 2113 1176 2193 parabolas
1197 2112 1237 2175 de
1257 2112 1365 2174 divina
1387 2112 1606 2175 misericordia

285 2212 449 2292 proponit,
466 2229 577 2273 omnes
599 2211 638 2272 ad
662 2229 695 2273 se
717 2212 832 2272 invitat
854 2210 1033 2274 laborantes
1052 2207 1085 2273 et
1102 2215 1248 2273 oneratos
1269 2229 1276 2270 :
1300 2229 1357 2291 ego
1377 2211 1519 2272 reticiam
1537 2229 1603 2273 vos.

283 2313 383 2372 Deum
407 2309 533 2370 misisse
558 2309 673 2370 Filium
695 2328 790 2372 suum
814 2315 845 2371 et
869 2309 1036 2372 tradidisse
1063 2327 1136 2371 eum
1159 2309 1345 2371 enuntiatur
1367 2310 1400 2370 in
1423 2307 1604 2388 parabola:

285 2408 459 2471 novissime
471 2408 561 2469 misit
576 2408 615 2469 ad
631 2425 685 2469 eos
702 2408 802 2469 filium
818 2426 912 2469 suum
928 2412 988 2469 etc.
1004 2406 1125 2486 (ldattb.
1141 2406 1256 2489 ²¹32)

630 2615 657 2682 ct
679 2606 774 2668 l'eaaa
793 2616 827 2667 ln
846 2620 942 2668 terra
961 2615 1088 2668 Iudaea
1106 2615 1252 2680 aaziae.

319 2786 392 2847 att
410 2786 477 2836 Post
492 2787 561 2836 baec
576 2787 651 2836 venit
666 2786 744 2836 lesus
759 2792 787 2837 et
797 2784 925 2850 discipuli
1002 2785 1074 2845 tm.
1095 2781 1167 2834 Μετὰ
1189 2785 1266 2833 ταῦτα
1283 2777 1356 2847 ἦλθεν
1375 2781 1390 2833 d
1412 2779 1507 2849 Ἰησοῦς
1524 2780 1566 2833 καὶ
1583 2780 1608 2833 οἱ

283 2879 344 2927 clus
361 2877 390 2925 in
407 2882 509 2925 terram
525 2874 666 2934 Iudaeam,
682 2880 710 2924 ot
727 2875 782 2924 illic
796 2874 925 2925 demora-
967 2869 1076 2939 paduani
1103 2869 1178 2922 αὖεοῦ
1201 2869 1235 2932 εἰς
1259 2868 1304 2935 τὴν
1336 2868 1460 2922 Ἰουδαίαν
1483 2873 1541 2941 γῆν.
1566 2870 1608 2922 καὶ

282 2965 365 3016 batur
390 2977 453 3014 cum
476 2965 532 3023 ets,
553 2968 581 3013 ct
602 2963 769 3027 baptizabat.
791 2963 834 3013 tt.
861 2963 925 3013 Erat
968 2957 1023 3010 ἐκεῖ
1036 2957 1155 3029 θιὲεριθεν
1175 2956 1233 3030 μετ’
1252 2958 1332 3011 αθεῶν
1351 2959 1393 3011 καὶ
1407 2958 1544 3020 ἐδάνειζεν.
1562 2962 1605 3013 23.

282 3059 376 3104 autem
396 3058 423 3103 et
447 3052 568 3103 loannes
586 3052 730 3116 baptizans
749 3054 778 3102 in
793 3053 924 3110 aennon,
967 3042 998 3113 ἦν
1012 3046 1039 3101 at
1056 3047 1125 3100 ααὶθ
1143 3046 1244 3110 Ἰωάνης
1258 3048 1384 3118 βαπειῖων
1399 3047 1424 3101 ἐν
1439 3047 1519 3100 Αἰνὼν
1534 3047 1608 3119 integ

283 3145 363 3193 tuxta
391 3141 489 3200 Salim,
513 3142 580 3204 quia
606 3153 696 3204 aquae
719 3126 828 3191 multae
847 3146 927 3191 erant
967 3139 1011 3189 εοθ
1029 3135 1140 3208 Σαλεθμ,
1159 3137 1198 3190 θεν
1219 3136 1297 3193 blara
1319 3135 1403 3191 acilii
1425 3132 1456 3204 ἦν
1480 3136 1543 3190 ἐκεῖ·
1566 3137 1609 3189 aet

283 3232 354 3289 illim
371 3236 399 3280 et
413 3229 579 3290 veniebant,
594 3232 623 3280 et
641 3230 862 3293 baptizabantur.
881 3229 924 3278 tt.
967 3226 1130 3296 παρεγίνοντο
1147 3225 1190 3278 καὶ
1208 3225 1382 3291 ὲὸαεεεῖζοντο,
1404 3230 1450 3281 24.
1468 3225 1537 3279 οὗνοευ
1559 3210 1608 3297 γὰρ

283 3320 416 3371 Nondum
438 3321 513 3370 onim
527 3321 630 3369 missus
651 3317 741 3369 luerat
760 3318 879 3369 loannes
899 3320 926 3367 in
968 3308 998 3379 ἣν
1017 3313 1168 3385 &dirupisse
1187 3313 1221 3377 εἰς
1241 3313 1287 3381 τὴν
1305 3313 1417 3384 φυλακὴν
1440 3312 1553 3381 Ἰωάνης.

282 3421 432 3459 carcerom.
1004 3407 1048 3457 25.
1068 3402 1184 3474 Ἐγένετο
1202 3398 1244 3455 οὖν
1261 3403 1363 3471 ζήτησις
1376 3402 1403 3456 ἐκ
1421 3409 1471 3456 τῶν
1490 3405 1607 3474 μαθητῶν

318 3496 362 3546 θ5.
381 3496 467 3546 Facta
485 3498 529 3545 est
542 3501 635 3546 autem
650 3496 779 3559 quaestio
793 3507 828 3545 ex
843 3494 927 3545 discl-
972 3489 1074 3543 Ἰωάνου
1107 3491 1169 3561 μετὰ
1204 3491 1324 3545 Ἰουδαίου
1355 3491 1411 3563 περὶ
1442 3493 1606 3564 καθαρισμοῦ·

282 3585 358 3649 pulis
369 3584 553 3635 loanniscum
562 3582 714 3634 ludaeisde
723 3581 925 3647 purificatione.
968 3583 1012 3634 θθ.
1033 3580 1075 3633 zat
1096 3576 1174 3647 ἦλθον
1196 3579 1255 3652 πρὸς
1279 3581 1322 3634 τδν
1345 3580 1450 3649 Ἰωάνην
1474 3582 1516 3634 καὶ
1533 3579 1608 3636 εἶπαν

283 3674 327 3724 to.
343 3673 377 3723 Et
392 3671 578 3724 veneruntad
594 3672 742 3734 loannem,
756 3677 785 3723 et
798 3672 927 3723 dixerunt
968 3669 1045 3740 αὐτῷ.
1070 3668 1189 3733 ‘Pectat
1208 3673 1236 3732 δς
1257 3667 1289 3737 ἦν
1313 3669 1376 3741 pest
1397 3675 1443 3723 σοῦ
1464 3673 1540 3741 νείραν
1563 3677 1608 3724 τοῦ

283 3765 309 3813 el
331 3776 336 3810 :
356 3761 459 3822 ltabbi,
475 3763 598 3825 quierat
618 3769 709 3812 tecum
733 3767 810 3812 bans
831 3762 927 3813 lorda-
969 3759 1109 3829 Ἰορδάνου,
1132 3756 1155 3830 ᾧ
1183 3760 1213 3811 αθ
1239 3759 1440 3831 μεμαρτύρηκας,
1470 3758 1507 3812 [δν
1538 3756 1609 3823 οὗτος

284 3865 362 3910 nem,
391 3853 435 3900 cul
471 3856 500 3900 tu
529 3853 718 3901 testimonium
746 3850 925 3914 perhibuisti,
970 3848 1095 3918 βαπτίζει,
1119 3848 1160 3900 καὶ
1187 3849 1275 3910 πάντες
1300 3849 1417 3922 ἔρχονται
1439 3849 1499 3920 πρὸς
1520 3849 1605 3903 abate.

287 3953 351 3992 ecce
374 3942 419 3989 tric
437 3938 574 4002 baptizat,
595 3945 624 3988 et
642 3951 740 3989 omnes
758 3942 874 3990 veniunt
892 3939 928 3991 ad
970 3941 1014 3993 ll.
1037 3935 1168 4008 Ἀνεεαρθθε.
1191 3935 1294 4005 Ἰωάνης
1312 3937 1354 3990 καὶ
1376 3936 1456 4004 εἶκεν,
1476 3937 1512 3992 ot
1533 3939 1607 3991 δθνα-

288 4043 361 4081 cum.
384 4026 599 4090 ‘transponere
624 4026 759 4088 loannes,
780 4034 807 4077 et
828 4027 896 4078 dixit
919 4042 925 4076 z
969 4046 1008 4079 ται
1036 4027 1163 4097 ἅνθρωπος
1192 4025 1328 4095 tepente
1357 4026 1438 4092 οὐδὲν,
1465 4027 1505 4080 ἐὰν
1531 4032 1563 4098 μὴ
1592 4025 1607 4101 ᾗ

286 4119 351 4168 Non
384 4122 477 4180 potest
500 4115 585 4166 homo
611 4118 736 4179 accipere
759 4117 925 4182 quidquam,
968 4116 1107 4186 δεδομένον
1125 4113 1193 4186 adst»
1216 4115 1243 4168 ia
1266 4120 1309 4169 τοῦ
1332 4115 1448 4186 οθρανοῦ.
1469 4120 1513 4170 tt.
1538 4116 1608 4170 αθτοὶ

285 4210 338 4258 nisi
352 4206 435 4256 luerit
447 4206 473 4256 et
485 4205 581 4255 datum
595 4204 630 4255 de
644 4207 732 4256 coelo.
745 4206 789 4255 θθ.
807 4205 864 4270 lpsi
878 4219 928 4257 vos
967 4204 1037 4273 θμεΐς
1064 4222 1107 4274 μοι
1130 4207 1272 4276 μαρτυρεῖτε
1300 4207 1339 4258 tn
1367 4202 1439 4259 time
1467 4205 1533 4276 ἐγώ,
1556 4206 1608 4259 (lta

289 4297 356 4345 mibi
377 4296 566 4346 testimonium
587 4295 740 4357 perhibetis
759 4295 834 4359 quod
848 4295 927 4346 dixe·
968 4292 1019 4364 alpi
1042 4292 1093 4364 ἐγὼ
1115 4293 1130 4345 d
1151 4295 1266 4364 Χριστὸς,
1287 4294 1346 4346 ἀλλ’
1365 4296 1404 4347 dtr
1427 4293 1608 4364 θυεεοεαλμένος

285 4387 365 4433 rim:
389 4386 455 4434 Non
478 4395 541 4434 aum
562 4395 617 4445 ego
640 4383 844 4441 Christus,aed
862 4386 928 4448 quia
969 4380 1020 4451 sipi
1050 4381 1186 4452 {perfectas
1216 4383 1319 4437 ἐκείνου.
1354 4387 1401 4440 θθ.
1431 4384 1446 4436 t
1474 4384 1540 4458 ἔχων
1565 4382 1608 4451 τὴν

291 4475 392 4523 missus
412 4487 473 4523 sunt
498 4478 563 4522 anto
587 4471 674 4520 illum.
700 4471 743 4522 29.
767 4473 822 4532 Qut
844 4473 927 4523 habet
969 4472 1064 4541 νύμφην
1088 4473 1188 4542 νυμφίος
1208 4473 1283 4525 totle·
1303 4472 1318 4525 ὅ
1335 4471 1362 4524 δὲ
1384 4471 1455 4543 φίλος
1478 4478 1521 4525 τοῦ
1544 4494 1608 4544 νυμ-

220 4636 224 4641 ’
293 4652 404 4711 sponsi,
428 4653 476 4713 qui
496 4653 551 4700 stat
573 4654 602 4698 et
624 4648 702 4698 audit
727 4661 806 4710 eum,
826 4652 928 4715 gaudio
970 4650 1052 4719 χαίρετ
1078 4647 1121 4701 διὰ
1149 4650 1194 4716 τὴν
1221 4650 1306 4722 φωνὴν
1335 4655 1380 4702 τοῦ
1404 4652 1519 4721 νυμφίον.
1546 4653 1607 4720 αὕτη

291 4736 395 4800 gaudet
417 4746 532 4803 propter
545 4750 642 4788 vocem
661 4739 767 4802 sponsi.
785 4739 843 4791 ltoc
861 4754 929 4805 ergo
968 4732 1013 4790 οθν
1031 4737 1046 4803 ἡ
1065 4739 1132 4811 χαρὰ
1150 4740 1165 4806 ἡ
1186 4740 1232 4810 ἐμὴ
1255 4739 1424 4810 κεκλήρωται.
1446 4744 1492 4796 θθ.
1513 4742 1608 4795 ἐκεῖνον

290 4824 423 4889 gaudium
442 4840 536 4879 meum
555 4827 698 4890 impletum
717 4831 770 4877 eet.
786 4827 830 4878 θθ.
848 4830 929 4881 lllum
972 4829 1015 4879 δεῖ
1029 4826 1151 4894 αθξίνειν,
1168 4830 1210 4900 ἐμὲ
1227 4827 1441 4884 armamenta.
1458 4834 1502 4887 31.
1517 4831 1532 4884 ὁ
1545 4834 1608 4884 ἄνευ·

291 4921 403 4979 oportet
425 4928 565 4979 crescam,
584 4929 629 4968 me
652 4924 747 4966 autem
766 4918 863 4968 minui.
884 4921 927 4970 at.
970 4918 1011 4970 θεν
1030 4915 1165 4991 ἐρχόμενος
1183 4920 1265 4973 ἐπάνω
1281 4919 1383 4972 αάνυυν
1401 4918 1560 4976 testudini
1580 4922 1608 4974 ἐκ
