4116 5648
814 346 894 391 10111.
920 329 1079 397 181311.
1551 331 1610 393 515

281 484 427 568 surgunt
445 485 480 547 et
500 482 694 551 testimonia
715 478 847 560 dicunt,
871 480 919 547 ibi
940 484 1027 546 lesus
1054 478 1252 568 respondet,
1271 479 1325 545 hic
1343 484 1431 545 tacet
1443 487 1476 544 ct
1498 483 1607 548 solum

282 585 498 657 adiuratione
518 613 579 680 per
600 595 703 656 [teum
719 585 807 654 tacta
826 588 931 655 edicit
946 589 1022 675 quis
1040 587 1100 666 sit;
1124 584 1172 651 ibi
1188 586 1283 653 nulla
1298 582 1406 653 fertur
1420 589 1606 670 sententia,

281 693 338 760 hic
352 715 431 760 reus
443 698 561 764 mortis
571 692 777 762 declaratur.
799 694 907 775 Unde,
924 694 952 757 si
968 715 1061 761 nunc
1083 714 1115 756 v.
1134 692 1316 778 satagitur
1337 715 1344 759 :
1363 700 1398 759 et
1414 693 1504 759 misit
1529 715 1608 759 eum

164 845 168 854 -
280 796 403 867 Annas¹
421 807 499 886 etc,
531 823 570 868 ex
598 792 875 867 antecedentibus
905 801 1045 865 omnino
1069 799 1242 877 suadetur,
1270 798 1360 863 huuc
1385 822 1522 867 versum
1545 801 1608 866 rite

204 898 206 903 ’
280 905 363 996 poni
377 929 438 975 suo
461 909 537 975 loco
552 911 586 971 et
603 905 739 987 ordine,
756 908 862 974 immo
877 907 951 995 ipso
966 928 1026 970 suo
1045 906 1121 971 loco
1135 927 1206 971 rem
1223 904 1312 971 clare
1328 904 1477 971 definiri.
1498 911 1606 973 Unum

198 1003 200 1006 ’
280 1018 395 1081 tamen
414 1014 550 1081 videtur
563 1012 715 1090 obstare,
737 1035 825 1102 quae
849 1018 899 1079 cst
922 1012 1008 1077 ratio
1029 1011 1223 1100 potissima,
1240 1033 1302 1078 cur
1321 1011 1380 1077 alii
1394 1012 1538 1078 atteram
1554 1036 1607 1080 se·

173 1157 175 1161 >
277 1128 429 1209 quantur
450 1119 673 1197 sententiam,
695 1126 837 1187 vocatur
858 1118 950 1185 enim
967 1120 1002 1182 in
1019 1140 1050 1183 v.
1072 1123 1110 1184 13
1128 1119 1272 1206 Caiphas
1286 1118 1455 1207 pontifex,
1474 1120 1554 1185 item
1570 1121 1605 1186 in

278 1252 311 1296 v.
332 1232 387 1296 21.
405 1232 465 1305 263
488 1247 595 1314 quare
607 1225 725 1293 dicunt
742 1247 749 1293 :
766 1226 857 1292 solus
872 1224 1017 1313 Caiphae
1032 1229 1170 1290 vocatur
1183 1226 1216 1289 in
1235 1225 1300 1290 hac
1313 1225 1508 1292 narratione
1522 1248 1606 1315 pon-

278 1333 376 1413 tifex,
393 1353 479 1419 ergo
494 1331 598 1398 etiam
621 1333 712 1416 inv.
737 1338 787 1398 t5.
808 1338 860 1399 16.
888 1337 939 1397 19.
961 1337 1004 1396 22
1025 1331 1143 1395 titulus
1164 1330 1336 1419 pontificis
1353 1332 1397 1398 ad
1411 1354 1519 1398 unum
1532 1335 1606 1399 Cai-

277 1441 386 1530 pham
401 1423 521 1505 referri
535 1437 649 1505 debet.
667 1442 709 1504 At
722 1437 825 1504 debet
838 1437 970 1504 attendi
991 1437 1092 1503 modo
1106 1438 1142 1502 in
1155 1460 1186 1502 v.
1206 1443 1225 1502 3
1241 1458 1433 1503 sermonem
1449 1437 1551 1505 fuisse
1563 1438 1606 1506 de

277 1544 513 1637 pontificibus;
542 1543 726 1635 pontifices
756 1544 823 1630 tegi
850 1565 986 1633 quoque
1005 1549 1102 1625 7,t5;
1137 1551 1248 1623 mar.
1276 1549 1335 1624 563
1363 1551 1479 1625 18‚35;
1514 1552 1602 1625 tao.

280 1659 334 1725 15.
354 1652 414 1732 213
437 1651 528 1718 unde
552 1651 698 1718 alterum
717 1672 853 1740 quoque
876 1640 1012 1740 praeter
1031 1650 1194 1739 Caipham
1218 1650 1385 1740 appellari
1408 1653 1605 1741 pontificem

276 1758 301 1825 i;
317 1780 349 1826 e.
366 1762 519 1841 mam,
536 1759 690 1848 protecto
710 1779 763 1824 res
786 1763 836 1823 est
854 1756 1000 1823 maxime
1019 1757 1133 1824 obvia.
1159 1756 1249 1824 Unde
1271 1780 1311 1824 ex
1330 1757 1402 1824 solo
1421 1758 1482 1824 hoc
1504 1759 1604 1826 titulo

194 1922 198 1927 .
276 1885 345 1932 non
373 1870 486 1954 potest
511 1863 669 1932 concludi
689 1864 731 1943 de
757 1865 884 1953 Caipha
906 1886 976 1930 esse
1003 1886 1208 1931 sermonem.
1235 1868 1376 1954 lnsuper
1399 1867 1468 1932 iam
1488 1866 1602 1934 Thom.

275 1972 361 2038 Bon.
382 1971 456 2039 Gai.
480 1971 580 2039 Schz.
606 1975 746 2037 monent
770 1970 892 2036 merito
916 1970 966 2037 ita
983 1970 1158 2059 designari
1185 1980 1315 2038 Annam
1336 1973 1379 2038 ab
1395 1972 1604 2058 evangelista

275 2084 417 2168 propter
444 2083 523 2145 Luc.
549 2084 623 2160 3‚a;
646 2076 796 2144 declarat
818 2077 1043 2164 evangelista,
1067 2100 1128 2144 eur
1157 2083 1261 2145 Lucas
1283 2085 1416 2167 praeter
1438 2080 1602 2168 Caipham

274 2187 406 2252 Annam
422 2206 560 2274 quoque
575 2183 772 2273 pontificem
787 2184 970 2273 scripserit.
988 2184 1082 2250 Hisce
1097 2183 1196 2265 adde,
1212 2207 1300 2274 quae
1316 2186 1417 2252 modo
1427 2185 1605 2255 dictasunt

274 2290 318 2359 de
332 2290 554 2381 inquisitione
574 2290 677 2380 plane
692 2289 826 2357 diversa
840 2297 876 2356 et
893 2290 981 2357 addc
1006 2313 1035 2355 v.
1055 2298 1114 2370 um
1136 2313 1213 2358 cum
1230 2294 1345 2381 itaque
1360 2301 1602 2379 argumentum

273 2396 362 2464 illud
384 2419 423 2465 ex
438 2397 539 2465 titulo
562 2397 807 2488 depromptum
829 2420 892 2487 pro
909 2397 1037 2487 Caipha
1058 2419 1126 2464 non
1146 2399 1322 2478 subsistat,
1347 2399 1416 2464 iam
1438 2400 1532 2467 nutla
1551 2409 1603 2469 est

274 2505 377 2587 ratio,
392 2525 454 2571 cur
467 2510 562 2571 votus
575 2504 636 2570 illa
649 2509 683 2570 et
695 2504 848 2591 vulgaris
867 2505 985 2594 opinio
1002 2504 1227 2592 relinquatur.

319 2611 382 2690 Qui
396 2632 472 2678 eam
491 2610 708 2700 relinquunt,
725 2610 895 2700 explicant
913 2611 950 2676 in
971 2633 1001 2675 v.
1028 2618 1067 2677 11
1090 2613 1261 2679 ἀπέστειλεν
1280 2633 1343 2700 per
1360 2611 1499 2680 modum
1519 2619 1602 2680 tem·

273 2717 366 2807 poris
383 2717 712 2808 plusquamperfecti
735 2738 742 2782 :
769 2717 928 2799 miserat,·
949 2724 983 2783 at
1002 2717 1037 2783 id
1057 2718 1175 2805 nequit
1193 2717 1343 2795 admitti;
1360 2741 1439 2785 nam
1456 2722 1601 2788 aoristus

227 2834 248 2855 ”
273 2846 315 2891 ca
334 2825 475 2892 notione
494 2825 602 2892 solum
623 2822 808 2890 adhibetur
831 2825 867 2889 in
891 2825 1068 2891 sententiis
1084 2824 1308 2903 secundariiS,
1328 2846 1416 2914 quae
1432 2828 1601 2914 particula

272 2930 456 3023 temporali
470 2929 525 2997 vel
539 2930 682 2998 relativa
698 2929 885 2998 sententiae
903 2931 1087 3020 primariae
1103 2932 1382 3018 subiunguntur¹
1399 2934 1457 3020 (ct.
1483 2934 1600 3002 u‘iner

274 3042 369 3118 t0,5;
386 3040 521 3126 Krttqer
535 3040 636 3116 53,6.'
647 3038 693 3125 1).
710 3041 823 3127 Neque
839 3036 951 3104 obstat
971 3037 1060 3126 quod
1084 3039 1250 3128 synoptici
1275 3047 1413 3105 narrant
1429 3041 1598 3108 Christum

272 3142 316 3211 ad
339 3144 502 3234 Caipham
525 3165 597 3210 esse
617 3143 803 3220 adductum
823 3149 857 3210 et
875 3151 944 3210 tres
964 3145 1164 3230 negationes
1181 3145 1268 3211 Petri
1288 3145 1323 3211 in
1343 3146 1429 3212 atrio
1447 3147 1597 3237 Caiphae

273 3249 396 3317 domus
409 3250 603 3338 contigisse.
622 3250 806 3317 Matthaeus
828 3251 922 3317 enim
947 3258 981 3318 et
1002 3257 1129 3317 tlarcus
1145 3252 1190 3317 ita
1205 3261 1364 3332 narrant,
1383 3259 1420 3318 ut
1435 3263 1599 3344 appareat

271 3379 329 3426 eoa
347 3356 436 3424 velle
455 3357 492 3423 id
512 3379 616 3424 unum
633 3359 747 3424 statim
765 3356 884 3424 efferre
905 3363 1012 3423 lesum
1034 3359 1078 3423 ad
1095 3359 1299 3444 synedristas
1318 3366 1351 3425 et
1370 3361 1414 3425 ad
1439 3360 1597 3449 disquisi-

273 3464 403 3537 tionem
417 3462 615 3531 iudicialem
634 3486 704 3531 esse
720 3462 905 3531 adductum
923 3487 930 3532 :
953 3474 988 3529 at
1002 3465 1052 3530 itti
1073 3473 1227 3532 tenentes
1245 3470 1351 3532 lesum
1369 3467 1539 3533 duxerunt
1553 3468 1597 3534 ad

271 3569 453 3661 Caipham,
475 3570 536 3636 uhi
565 3569 697 3638 scribae
723 3577 756 3636 et
783 3570 932 3636 seniores
958 3580 1188 3638 convenerant
1216 3574 1341 3660 (ttatth.
1371 3581 1488 3651 attan
1517 3576 1594 3642 sim.

271 3678 530 3771 11110.11,53);
555 3681 660 3744 Lucas
683 3682 783 3758 mh
806 3699 814 3744 ε
834 3677 1003 3744 duxerunt
1028 3679 1071 3744 ad
1098 3678 1237 3745 donnum
1261 3681 1425 3768 principis
1440 3681 1596 3748 sacerdo-

271 3790 363 3862 tum;
382 3782 419 3851 id
438 3782 533 3874 quod
552 3783 692 3850 omnino
715 3776 833 3850 verum
858 3790 923 3866 est;
946 3806 1024 3850 nam
1042 3808 1080 3850 ex
1108 3787 1301 3852 narratione
1327 3787 1459 3852 loannis
1475 3789 1597 3855 merito

271 3888 457 3977 colligitur,
481 3896 613 3957 Annam
629 3898 665 3956 et
679 3890 842 3979 Caipham
857 3889 892 3956 in
908 3891 1027 3957 eadem
1044 3892 1146 3958 (tomo
1163 3893 1339 3972 habitasse.
1360 3893 1395 3959 td
1415 3897 1596 3984 consequi-

270 4003 327 4064 tur
345 4019 385 4063 ex
404 4019 438 4063 v.
463 4002 503 4064 18
525 4005 606 4064 etv.
629 4004 670 4064 25
697 3996 752 4085 (cf.
778 4000 872 4064 Patr.
894 3997 997 4086 scay.
1020 3997 1118 4063 Schz.
1140 3998 1226 4080 Fal,
1242 4000 1318 4066 vide
1336 4000 1378 4065 ad
1397 4022 1428 4066 v.
1452 4007 1521 4087 15).
1545 4004 1595 4067 Uti

270 4103 438 4195 synoptici
463 4105 531 4171 alia
558 4127 694 4194 quoquc
725 4102 928 4184 omiserunt,
954 4105 1000 4170 ita
1024 4106 1280 4193 inquisitionem
1302 4106 1396 4173 iilam
1418 4108 1512 4196 apud
1532 4116 1595 4174 ,tn-

270 4233 368 4293 nam,
384 4210 611 4302 quaenultius
625 4212 697 4279 fere
708 4210 870 4276 momenti
889 4216 978 4289 crat,
996 4211 1095 4277 tacite
1109 4214 1294 4301 praeterire
1312 4220 1481 4301 poterant.
1502 4219 1595 4283 toan·

270 4341 332 4385 nes
353 4320 470 4409 itaque
495 4319 600 4384 refert
619 4317 655 4385 id
670 4316 761 4407 quod
785 4316 835 4382 illi
860 4317 1064 4394 omiscruut3
1083 4342 1101 4384 c
1119 4327 1236 4385 contra
1249 4320 1375 4385 omittit
1390 4323 1482 4410 qnod
1503 4323 1595 4412 apud

270 4425 347 4492 11101
360 4427 442 4493 satis
456 4430 529 4492 crat
541 4425 772 4507 declaratum,
788 4422 861 4490 scil.
881 4445 1024 4514 eaquae
1040 4425 1130 4514 apud
1151 4427 1315 4514 Caipham
1330 4436 1405 4494 acta
1424 4436 1512 4494 sunt,
1532 4436 1594 4498 tte-

246 4572 248 4578 .
270 4530 518 4622 prehendimus
535 4532 651 4620 itaque
676 4531 767 4598 idern
787 4532 876 4622 quod
897 4532 981 4598 alias
1001 4556 1138 4622 qumque
1157 4539 1294 4600 loannes
1310 4534 1491 4602 observare
1507 4536 1594 4604 solet

303 4698 324 4741 1.
341 4694 479 4754 10111.1,15
499 4698 525 4744 et
551 4697 619 4752 ttt‚t²
645 4706 685 4742 res
710 4698 784 4743 antea
802 4693 868 4743 tacta
884 4706 928 4755 per
947 4693 1050 4742 modum
1072 4694 1224 4743 narrationis
1235 4700 1463 4756 eorrimeruoratur3
1480 4697 1548 4748 unde
1564 4699 1594 4747 iia
1623 4689 1624 4693 ¹

270 4773 332 4824 tacis
347 4786 435 4826 norma
450 4773 493 4823 itta
509 4787 560 4825 non
575 4773 707 4823 evertitur.
