4050 5648
310 688 344 754 Si
364 691 574 778 evangelista
588 682 706 750 scribit
725 709 757 754 v.
775 694 795 753 2
814 702 862 755 est
886 699 999 754 cutem
1013 688 1076 749 etc.
1095 704 1162 749 non
1188 681 1343 772 sequitur
1361 686 1530 773 piscinam
1546 707 1587 770 eo
1690 723 1692 729 ·

265 796 365 864 modo
391 820 460 887 quo
481 789 686 870 describitur
704 794 864 861 exstitisse
888 799 1040 881 tempore
1064 789 1142 868 illo;
1166 787 1350 856 adhibetur
1369 813 1528 879 praesens
1550 793 1586 858 in

265 905 478 981 narratione,
496 902 533 962 ut
551 918 604 962 res
624 901 721 988 quasi
744 919 900 990 praesens
920 898 1058 965 sistatur
1080 897 1126 964 ob
1145 895 1258 962 oculos
1279 896 1336 985 (ct.
1360 901 1438 977 129
1463 908 1586 980 βλέπει,

264 1017 364 1098 λέγεις
384 1010 460 1085 1,t3
479 1011 606 1091 εὑρίσκει
624 1007 724 1095 etc),
744 1028 776 1071 v.
791 1010 812 1069 2
825 1013 872 1068 est
887 1015 1002 1068 autem
1015 1000 1231 1092 [erosolymis
1239 1003 1422 1090 probatica
1430 1004 1583 1092 piscibu,

263 1112 451 1183 secundum
468 1109 555 1178 hanc
573 1111 754 1179 lectionem
773 1110 846 1197 ipsa
861 1107 992 1197 piscina
1012 1112 1199 1179 vocabatur
1213 1118 1393 1194 προὸατινή,
1415 1127 1431 1172 u
1448 1132 1470 1177 a
1489 1111 1588 1178 nobis

31 1260 37 1287 ⁴.
59 1280 62 1288 .
261 1218 481 1305 interpretari
497 1224 607 1307 potest
621 1215 769 1306 pecualis
791 1242 807 1275 ν
822 1214 931 1303 (Hier.
951 1217 1107 1305 Opem),
1128 1215 1220 1281 idem
1235 1235 1360 1282 nomen
1377 1217 1409 1284 ei
1428 1217 1589 1284 attribuit

27 1328 33 1364 ’-
76 1310 118 1418 εζς]
170 1407 172 1411 Ι
263 1322 429 1392 Eusebius
451 1323 507 1414 (cl.
533 1326 577 1391 de
596 1321 766 1409 Lagarde,
791 1324 909 1389 Onom.
931 1344 958 1389 s.
978 1321 1136 1412 2t0,15)},
1156 1320 1286 1411 pariter
1307 1320 1385 1388 Ctr.
1410 1325 1489 1413 ΟΨ.
1505 1325 1589 1391 Am·

263 1430 413 1515 monins,
433 1429 555 1497 Tteod.
568 1432 616 1496 M.
629 1449 641 1506 ‚·
658 1448 761 1517 quam
780 1428 1048 1518 appellationem
1062 1451 1103 1496 ex
1117 1450 1157 1496 eo
1174 1427 1363 1518 explicant,
1383 1429 1477 1517 quod
1491 1452 1586 1512 oves,

76 1508 139 1634 (3ζί,
156 1558 161 1632 ’Δ
261 1542 409 1625 epitrita,
427 1532 557 1604 hostiae
571 1535 655 1602 ibia
673 1534 909 1602 sacerdotibus
925 1534 1138 1604 lavabantur.
1165 1539 1289 1603 Verum
1304 1536 1406 1603 lectio
1420 1534 1585 1625 plurimo·
1655 1577 1657 1581 ·

263 1664 340 1711 rum
363 1645 499 1711 testium
522 1641 724 1710 auctoritate
747 1640 987 1709 commendata
1007 1649 1056 1708 est
1077 1649 1124 1709 ἐπὶ
1146 1641 1206 1730 (ἐν)
1227 1660 1264 1731 τῇ
1291 1652 1473 1732 epotatus),
1495 1641 1587 1709 unde

263 1750 394 1840 piscina
411 1749 472 1815 illa
493 1754 568 1815 erat
585 1746 628 1814 ad
645 1751 781 1836 portam
801 1747 918 1835 gregis
932 1747 990 1836 (cl.
1016 1748 1099 1814 Neh.
1117 1753 1185 1829 a,1.
1213 1753 1273 1826 313
1292 1754 1405 1830 1238,
1431 1762 1450 1832 ἡ
1468 1757 1549 1832 πύλη
1566 1762 1586 1833 ἡ

262 1864 424 1943 ructarat]
441 1854 553 1941 LXX),
576 1875 665 1945 quae
687 1855 991 1942 counominabctur
1008 1853 1164 1920 hebraice
1187 1852 1387 1937 Bethsaida,
1410 1853 1489 1921 vide
1507 1855 1585 1923 lect.

262 1980 354 2039 var,;
378 1958 477 2026 lectio
495 1959 711 2027 communior
731 1965 781 2026 est
798 1967 942 2043 βηθεσδα,
961 1982 1049 2050 quae
1069 1976 1132 2026 vox
1148 1958 1352 2049 explicanda
1368 1961 1434 2027 erit
1447 1977 1511 2025 ann
1526 1977 1585 2026 nr:

263 2066 385 2134 domus
400 2065 669 2144 misericordiae,
687 2066 926 2152 benignitatis,
941 2067 1024 2155 quia
1043 2040 1239 2152 ibffloti
1255 2065 1410 2134 divinam
1428 2066 1589 2155 benigni·

262 2180 367 2240 tatem
381 2174 602 2262 experiuntur
613 2173 718 2262 (lans.
739 2171 846 2239 Mald.
864 2172 1022 2262 aliique).
1039 2177 1084 2239 Ex
1096 2173 1241 2261 antiqua
1255 2172 1441 2239 traditione
1456 2173 1589 2262 piscina

237 2294 240 2298 ’
261 2281 347 2347 haec
361 2286 436 2347 erat
449 2279 727 2369 septemtrionem
740 2300 855 2346 versus
868 2303 887 2347 a
902 2280 1035 2370 templo
1047 2302 1157 2370 prope
1172 2286 1307 2369 portam
1319 2302 1409 2371 quae
1422 2280 1586 2348 orientem

262 2408 379 2454 versus
392 2385 435 2454 ad
455 2386 580 2453 vallem
600 2385 760 2474 losaphat
781 2392 927 2475 spectat,
952 2386 1045 2454 haud
1061 2386 1162 2473 longe
1177 2386 1222 2452 ab
1237 2408 1316 2453 aree
1333 2387 1483 2453 Antonia
1497 2391 1531 2453 et
1545 2387 1588 2454 ad

262 2493 394 2562 radices
405 2493 505 2560 collis
518 2494 664 2562 Bezetha
683 2493 743 2582 (cs.
766 2491 887 2560 Heidet
900 2492 937 2560 in
957 2494 1184 2560 [lictionnaire
1205 2493 1301 2560 dela
1323 2493 1438 2573 Bible,
1463 2494 1518 2561 ed.
1535 2494 1590 2559 Vi-

260 2621 419 2688 gouroux
440 2606 453 2665 Ι
468 2624 503 2691 p.
523 2603 634 2689 1729).
655 2605 699 2667 De
714 2600 780 2667 hoc
796 2600 882 2667 colle
895 2601 939 2669 cl.
952 2600 1129 2690 Iosephus,
1146 2599 1227 2667 Bell.
1242 2598 1315 2668 iud.
1333 2607 1445 2681 5,t‚a;
1463 2622 1503 2667 ex
1516 2599 1590 2669 eius

261 2706 400 2774 nomine
414 2707 559 2774 fortasse
574 2708 765 2797 explicatur
778 2706 878 2774 lectio
898 2715 1045 2791 βηθζαθα,
1061 2706 1180 2773 Euseb.
1199 2706 1500 2796 actutu-quinque
1510 2729 1590 2797 por-

261 2812 349 2880 ticus
370 2813 495 2880 tabens
513 2814 550 2880 in
573 2813 736 2894 circuitu,
755 2814 792 2880 iu
812 2814 937 2903 quibus
951 2812 1084 2900 aegroti
1103 2813 1379 2894 demorarentur,
1403 2812 1455 2880 uti
1475 2835 1515 2880 ex
1539 2836 1590 2881 sc-

261 2920 447 3009 quenlibus
461 2927 618 3010 apparet.

303 3126 435 3204 Propter
450 3125 520 3185 illas
539 3126 681 3203 porticus
696 3123 773 3191 στοάς
787 3125 884 3203 aliqui
901 3141 1011 3184 vocem
1027 3124 1223 3201 explicarunt
1241 3139 1317 3189 arao
1336 3139 1411 3196 11²²,
1424 3124 1474 3185 vel
1489 3138 1588 3188 aanor

261 3213 375 3284 domus
386 3223 568 3301 porticuum
583 3222 634 3302 (cl.
651 3220 743 3303 Seleu.
758 3220 845 3283 Sctz.
860 3220 949 3301 Fa),
962 3221 1052 3282 Aliae
1066 3239 1194 3300 quoque
1207 3222 1436 3300 explicationes
1449 3227 1589 3284 tentatae

262 3324 352 3393 sunt;
370 3320 415 3380 ita
430 3325 556 3381 veteres
572 3320 705 3397 quidam
721 3324 904 3397 proponunt
919 3335 1013 3383 nawa
1028 3319 1145 3380 domus
1160 3318 1335 3391 effusionis
1354 3319 1442 3380 locus
1457 3319 1589 3405 allusio·

262 3417 326 3488 nis,
344 3417 428 3495 quod
444 3418 475 3476 in
495 3433 568 3478 eum
581 3416 689 3477 locum
710 3417 818 3478 mullis
834 3416 1084 3494 aquaeductibus
1103 3434 1203 3494 aquae
1221 3417 1362 3494 undique
1379 3416 1590 3479 funderentur

261 3512 370 3592 (Mara.
391 3512 508 3592 Iane.);
530 3514 584 3574 alii
604 3529 678 3577 unu
701 3515 791 3575 locus
814 3514 968 3575 olearum.
986 3512 1048 3573 Sed
1074 3514 1161 3591 prlor
1185 3513 1405 3592 interpretatio
1430 3538 1445 3570 «
1472 3515 1590 3575 domus

262 3611 500 3673 misericordiae
522 3637 536 3666 ν
563 3611 769 3688 praeferenda
790 3611 864 3682 erit,
881 3628 962 3689 quae
978 3609 1107 3671 lectioni
1130 3610 1347 3672 communiori
1368 3612 1533 3691 congruit,
1550 3612 1590 3674 de

261 3726 294 3770 se
308 3716 381 3787 apta
395 3715 458 3781 est,
477 3715 509 3770 et
518 3726 556 3770 eo
569 3709 665 3769 modo
682 3726 810 3788 quoque
826 3709 859 3769 in
872 3709 1074 3770 Dialessaron
1086 3708 1264 3770 declaratur
1278 3708 1541 3789 (betharrahmat)
1559 3714 1591 3770 et

259 3806 293 3867 in
309 3807 452 3868 versione
464 3807 593 3885 syriaca.
611 3806 670 3867 Ubi
683 3812 792 3868 autem
808 3805 989 3884 quaerenda
1004 3807 1046 3866 sit
1061 3805 1117 3867 illa
1126 3807 1256 3884 piscina,
1272 3806 1364 3867 cuins
1375 3807 1495 3868 mentio
1506 3807 1590 3886 apud

259 3903 428 3982 losephum
452 3922 516 3964 non
539 3905 588 3975 fit,
606 3904 638 3963 in
659 3905 760 3964 varias
784 3904 901 3964 abeunt
922 3903 1114 3974 sententias,
1132 3920 1204 3964 cum
1230 3903 1325 3965 modo
1351 3904 1461 3964 Birket
1483 3905 1586 3976 lsrail,

260 4001 357 4063 modo
373 4002 529 4061 Hamman
546 4019 580 4061 es
594 4000 715 4074 Schita,
732 4001 834 4060 immo
848 4000 932 4061 Siloe
954 4017 1082 4078 quoque
1104 4000 1299 4079 designetur,
1317 4000 1433 4062 Euseb.
1449 4006 1481 4062 et
1493 4000 1585 4062 Hier.

260 4099 404 4178 geminos
426 4116 496 4160 esse
518 4099 608 4159 lacus
623 4099 749 4170 dicunt;
771 4096 826 4158 sed
847 4098 900 4158 ubi
921 4098 1000 4170 sint,
1023 4115 1086 4158 non
1107 4097 1331 4160 determinant.
1348 4099 1496 4160 Ceterum
1518 4099 1589 4161 vide

262 4195 376 4258 Heidet
387 4198 409 4257 l.
426 4215 454 4257 o.

309 4397 428 4483 ltaque
454 4392 587 4483 piscina
611 4391 769 4459 aedificio
797 4391 1001 4477 cingebatur
1020 4390 1056 4457 in
1082 4391 1235 4481 quinque
1258 4391 1410 4482 porticus
1430 4391 1589 4459 distincto

265 4498 406 4588 (earm.)
423 4523 454 4565 v.
473 4506 492 4565 3
510 4499 546 4564 in
561 4497 614 4563 tis
635 4497 766 4564 iacebat
781 4496 965 4564 multitudo
985 4519 1112 4587 mcqna
1129 4497 1372 4588 lanquentium
1394 4498 1502 4587 etqui
1520 4501 1593 4568 lue·

264 4602 334 4671 rint
356 4605 411 4670 isti
431 4610 638 4685 ἀσθενοῦντες,
660 4602 809 4686 additur,
833 4625 1024 4687 caecorum,
1045 4603 1263 4691 claudorum,
1281 4602 1456 4671 aridorum
1463 4657 1473 4689 ,
1491 4611 1589 4695 ξηρῶν

263 4709 476 4793 tabidorum,
490 4714 550 4800 qui
564 4712 716 4801 aliquem
731 4717 866 4798 partem
881 4710 1034 4799 corporis
1045 4710 1217 4779 habebant
1227 4711 1380 4793 aridam,
1396 4712 1590 4780 membrum

264 4816 407 4908 aliquod
426 4840 525 4884 succo
541 4818 637 4884 vitali
657 4817 874 4900 destitutum,
897 4839 1034 4884 manum
1059 4840 1090 4885 v.
1108 4840 1144 4906 g.
1167 4820 1221 4885 vel
1236 4818 1379 4906 pedem,
1396 4833 1593 4908 respectan-

262 4921 355 4992 'rium
369 4946 481 5015 aquae
496 4939 642 5007 urorum,
657 4923 849 4991 necessario
864 4925 899 4992 id
912 4924 1015 4991 debet
1033 4925 1130 5009 addi,
1149 4927 1229 5014 quia
1246 4924 1332 4992 alias
1345 4947 1414 4993 non
1430 4925 1593 5015 intelligi-
