4050 5648
376 654 542 725 domadis.
569 659 644 726 Dies
658 655 772 718 autem
788 651 955 725 adventus
968 657 1006 725 in
1025 651 1225 723 Bethaniam
1242 650 1346 719 etiam
1366 672 1406 716 ex
1427 651 1492 721 hae
1511 651 1705 723 narratione

376 764 471 832 haud
496 778 639 854 operose
663 756 737 822 erui
755 766 883 847 potest3
900 764 1029 854 paseha
1050 757 1159 839 enim,
1176 763 1215 825 ut
1236 778 1342 849 supra
1359 755 1574 842 dictumest,
1597 761 1706 850 potest

374 871 522 955 intelligi
537 867 580 932 de
593 864 682 929 teria
694 865 815 953 quinta
828 891 896 960 quo
912 869 1039 959 pascha
1052 887 1073 932 a
1088 868 1162 930 lesu
1173 866 1363 933 seeundum
1377 862 1492 951 legem
1507 863 1706 935 celebraba-

374 984 445 1058 tur;
463 977 533 1040 iam
549 975 660 1036 sextus
668 977 748 1040 ante
760 974 880 1042 teriam
893 976 1050 1064 quintam
1064 969 1136 1037 dies
1143 971 1265 1040 incidit
1274 973 1312 1040 in
1326 970 1450 1039 seriam
1463 972 1594 1040 sextam
1606 994 1704 1064 prae·

375 1077 526 1150 cedentis
536 1076 781 1159 hebdomadis;
798 1102 862 1170 pro
876 1102 946 1168 qua
952 1077 1176 1167 computandi
1191 1079 1326 1146 ratione
1336 1078 1415 1145 vide
1429 1082 1450 1143 2
1464 1077 1573 1145 ltach.
1590 1085 1704 1162 1536,

378 1185 437 1253 ubi
452 1189 493 1249 13
505 1182 591 1251 adar
605 1184 807 1273 designatur
820 1196 878 1272 sept
894 1193 962 1268 μιᾶς
977 1195 1092 1272 ἡμέρας
1106 1204 1161 1270 τῆς
1180 1189 1398 1274 Μαρδοχαικης
1412 1194 1546 1272 ἡμέρας,
1562 1185 1623 1272 qui
1634 1184 1707 1253 dies
1794 1236 1797 1243 ·

376 1290 594 1360 ltardoehaei
614 1298 688 1361 eret
701 1291 774 1358 dies
790 1295 830 1357 lt
845 1289 931 1357 adar
946 1290 1070 1358 mensis
1086 1291 1143 1381 (ef.
1165 1295 1355 1360 Comment.
1375 1291 1492 1359 llatth.
1515 1295 1543 1356 ll
1562 1313 1598 1380 p.
1617 1293 1707 1378 aas).
1806 1376 1811 1389 ι

421 1401 563 1465 Notatur
576 1399 625 1499 ad³
641 1397 841 1465 Bethaniam
858 1396 915 1483 (11.
938 1398 1053 1487 11,18)
1075 1398 1135 1465 ubi
1153 1400 1308 1464 Lazarus
1325 1396 1446 1483 suerat
1464 1410 1640 1479 mortuus,
1655 1395 1710 1465 vel

377 1503 429 1570 uti
447 1506 522 1595 pler
532 1505 622 1573 codd
635 1503 719 1589 vulg
731 1502 859 1569 habent
876 1526 884 1567 ε
903 1503 963 1570 ubi
979 1504 1094 1574 suerat
1112 1509 1257 1571 Lazarus
1275 1509 1431 1572 mortius
1443 1505 1468 1571 i.
1489 1528 1519 1573 e.
1546 1503 1607 1595 qui
1620 1524 1711 1570 mor-

379 1616 457 1679 tuus
481 1618 554 1679 erat
579 1622 595 1679 ὁ
620 1611 788 1694 τεθνηκώς,
813 1632 915 1699 quem
937 1611 1113 1679 suscitavit
1132 1612 1245 1693 Iesus;
1264 1633 1296 1680 v.
1318 1616 1339 1677 Ξ
1358 1613 1517 1701 fecerunt
1537 1623 1654 1679 autem
1680 1608 1713 1676 ei

369 1715 589 1813 'coenam'ibi
611 1727 644 1781 et
663 1714 802 1782 Martia
819 1716 1054 1803 ministrabat,
1082 1721 1236 1785 Lazarus
1258 1739 1336 1785 vero
1363 1739 1452 1784 untes
1472 1703 1555 1784 erit>
1568 1716 1713 1784 discum·
1817 1758 1821 1763 -

333 1872 335 1874 -
379 1807 535 1892 bentibus
567 1843 646 1888 eum
671 1842 731 1906 eo;
752 1822 818 1890 hoe
838 1823 941 1891 modo
970 1823 1137 1892 narrandi
1160 1824 1388 1892 confirmatur
1407 1823 1502 1914 quod
1528 1823 1715 1890 Matthaeus

378 1936 413 1997 et
434 1935 564 1997 llareus
590 1927 750 2009 tradunt,
771 1951 913 1997 coenam
941 1952 1012 1997 non
1035 1930 1138 1998 fuisse
1164 1932 1367 1998 instructam
1391 1931 1429 1997 in
1452 1929 1553 1996 domo
1577 1928 1712 2009 Lazari,

379 2035 440 2104 sed
462 2035 565 2118 alibi,
580 2036 654 2103 soil.
669 2035 708 2101 in
722 2034 824 2103 domo
834 2036 981 2104 Simonis
993 2036 1142 2126 leprosi,
1159 2036 1241 2127 quia
1259 2042 1403 2104 Lazarus
1416 2057 1489 2103 non
1503 2041 1542 2103 ut
1555 2035 1716 2103 dominus

381 2148 416 2212 et
429 2143 617 2210 instructor
635 2141 800 2226 convivii,
817 2142 877 2210 sed
902 2150 1077 2232 tamquam
1093 2164 1184 2210 unus
1201 2167 1241 2212 ex
1258 2141 1541 2212 accumbentibus
1552 2140 1716 2230 designa·
1823 2182 1826 2187 -

381 2257 450 2317 tur.
468 2253 584 2338 Neque
607 2248 720 2316 obstat
736 2248 827 2340 quod
842 2250 973 2325 llartha
987 2248 1171 2329 ministrat;
1192 2249 1264 2317 eius
1278 2251 1371 2317 enim
1387 2249 1554 2318 auxilium
1573 2253 1717 2340 propter

383 2378 567 2425 numerum
588 2357 807 2423 convivarum
823 2377 844 2422 a
857 2356 996 2424 Simone
1011 2357 1245 2447 expetebatur,
1272 2355 1365 2447 quod
1375 2355 1599 2424 libentissime
1614 2377 1716 2446 prae·

384 2462 496 2531 stabat
510 2462 587 2543 illa,
610 2463 776 2530 otiantes
793 2467 880 2550 (Luc.
900 2464 1028 2553 10,t0).
1052 2490 1069 2526 e
1090 2469 1136 2532 Ne
1154 2469 1318 2554 putarent
1337 2464 1493 2531 homines
1506 2464 1717 2554 phantasma

368 2566 457 2637 'esse
480 2570 627 2653 lactum,
654 2569 736 2659 quia
758 2574 912 2638 mortuus
932 2572 1133 2654 resurrexit,
1158 2575 1302 2638 Lazarus
1318 2592 1406 2638 unus
1432 2575 1504 2638 erat
1525 2590 1718 2638 1111111111-

385 2675 564 2757 bentibus;
597 2676 752 2758 vivebat,
786 2676 1006 2766 loquebatur,
1042 2677 1267 2768 epulabatur;
1303 2678 1429 2744 veritas
1459 2675 1716 2753 ostendebatur,

384 2781 571 2850 infidelitas
585 2782 789 2849 ludaeorum
807 2781 1084 2852 contundebatur
1101 2812 1117 2846 1
1132 2783 1237 2874 (Auq.
1259 2784 1339 2852 sim.
1365 2783 1441 2850 Clzr.
1471 2782 1616 2874 Tdeopb.
1642 2781 1716 2850 Cei.

390 2889 493 2978 Tot).-
1211 2904 1215 2914 “

432 2995 483 3063 Uti
505 2995 604 3086 prius
623 2995 714 3084 (Luc.
740 2997 872 3086 10,39),
893 2997 944 3064 ita
967 3018 1059 3064 nune
1075 3019 1211 3087 quoque
1232 2997 1336 3064 111111
1350 3001 1548 3064 amoremet
1561 2987 1740 3064 reserem

386 3104 470 3170 tiam
485 3123 569 3189 erga
584 3109 694 3169 lesum
708 3102 835 3191 insigni
856 3101 958 3170 modo
972 3103 1112 3171 exhibet
1126 3127 1158 3168 v.
1176 3110 1196 3171 3
1215 3103 1333 3171 Maria
1350 3126 1431 3194 erqo
1453 3103 1585 3194 accepit
1596 3102 1721 3171 librum

387 3210 559 3299 unquenti
571 3208 676 3275 nardi
680 3208 802 3299 pistici
810 3209 952 3299 pretiosi
956 3232 972 3296 ,·
983 3219 1071 3297 λίτρα
1091 3210 1226 3300 pondus
1244 3216 1294 3276 est
1320 3210 1504 3277 duodecim
1518 3209 1719 3297 unciarum,

388 3314 536 3384 nardum
549 3315 710 3406 pisticum
729 3315 887 3405 (nardum
906 3316 1074 3406 spicatum
1088 3323 1196 3406 νάρδος
1214 3327 1333 3400 nemesi,
1352 3321 1450 3384 11111.
1469 3318 1558 3403 11,3)
1574 3315 1723 3384 nardum

371 3427 439 3514 vest
462 3418 670 3508 genuinum,
695 3423 882 3506 sincerum,
911 3444 981 3490 non
1004 3422 1254 3507 adulteratum,
1273 3446 1342 3490 non
1360 3423 1593 3490 adulterinum
1616 3421 1722 3511 (Gai.)

390 3547 544 3612 πιστικῆς,
562 3541 628 3611 ἤτοι
651 3531 781 3616 ἀκράτου
801 3535 849 3596 mi
868 3541 1180 3614 καταπεπιστευμένης
1199 3533 1243 3611 εἷς
1263 3536 1467 3619 καθαρὲτητα,
1480 3535 1632 3596 ceterum
1646 3526 1724 3596 vide

391 3639 581 3702 Comment.
607 3636 643 3700 in
663 3640 760 3701 llarc.
786 3658 820 3724 p.
847 3641 925 3717 362,
949 3635 1010 3702 ubi
1036 3658 1077 3703 ea
1094 3636 1138 3702 de
1160 3658 1242 3703 voce
1266 3636 1428 3727 pluribus
1449 3635 1580 3703 dietum
1602 3639 1668 3715 est;
1692 3647 1725 3702 et

360 3824 364 3843 Ι
391 3741 494 3808 unxit
505 3740 609 3839 pedes
623 3742 699 3808 lesu
724 3754 757 3808 et
780 3741 919 3808 extersit
929 3741 1035 3832 pedes
1048 3743 1121 3809 eius
1136 3742 1274 3833 capillis
1289 3743 1381 3827 suis,·
1395 3749 1503 3811 totam
1513 3743 1640 3809 libram
1655 3763 1726 3809 esse

392 3849 429 3915 in
444 3846 645 3914 unctionem
660 3848 849 3939 impensam
863 3848 1027 3917 doeemur
1042 3872 1062 3917 a
1077 3854 1186 3916 lieres
1207 3853 1268 3940 qui
1280 3855 1400 3917 narrat
1420 3850 1592 3917 alabastro
1616 3848 1726 3917 fracto
1760 3848 1762 3853 ’

395 3955 433 4044 (1.
450 3976 481 4021 1.
505 3976 583 4021 vase
607 3955 759 4021 conlecto
780 3977 818 4021 ex
836 3955 1035 4023 alabastrite
1058 3955 1185 4046 lapide)
1208 3978 1285 4023 eam
1307 3955 1468 4024 effudisse
1488 3959 1724 4042 unguentum3

395 4064 563 4150 quantum
582 4064 697 4127 autem
713 4061 857 4128 effusum
875 4063 935 4145 sit,
952 4084 1015 4130 nos
1031 4062 1131 4130 docet
1143 4069 1303 4146 loannes,
1321 4064 1380 4153 qui
1396 4062 1490 4153 quod
1504 4061 1564 4128 alii
1579 4083 1729 4129 comme·
1778 4095 1780 4099 ¹

397 4172 578 4235 morarunt
596 4188 667 4233 non
681 4167 838 4257 explicite
857 4169 968 4253 effert,
992 4169 1064 4238 scil.
1086 4169 1180 4259 prius
1199 4173 1303 4260 eaput
1319 4175 1391 4236 lesu
1408 4174 1552 4237 unctum
1572 4190 1663 4252 esse;
1681 4168 1729 4236 et·

397 4275 462 4342 lert
485 4273 580 4364 quod
601 4272 659 4340 alii
682 4278 878 4354 tacuerunt,
900 4276 970 4344 soil.
988 4276 1092 4366 pedes
1109 4299 1179 4343 esse
1202 4282 1320 4342 rrnetos
1340 4281 1557 4366 extersosque
1578 4274 1725 4365 capillis

397 4386 447 4449 lta
463 4381 534 4448 scil.
562 4382 777 4448 narrationes
792 4383 883 4449 inter
902 4405 937 4451 se
957 4389 990 4450 et
1005 4383 1167 4474 supplent
1181 4389 1214 4450 et
1229 4380 1411 4472 explicant.
1429 4382 1482 4449 Uti
1498 4381 1729 4466 mandetur

398 4494 537 4554 loannes
558 4487 711 4556 alludere
731 4486 776 4555 ad
796 4488 992 4557 unctionem
1011 4496 1112 4558 antea
1130 4491 1200 4556 iam
1214 4488 1342 4556 saetam
1359 4490 1450 4578 (Lus.
1469 4495 1561 4568 7,3·l.
1585 4488 1660 4576 38),
1679 4487 1729 4555 ita

396 4593 551 4661 consulto
563 4596 772 4663 mentionem
784 4594 897 4662 faeere
911 4595 1047 4665 videtur
1059 4619 1197 4677 eorum,
1211 4617 1301 4685 quae
1316 4594 1353 4661 in
1364 4595 1474 4662 altera
1488 4594 1554 4661 hac
1569 4595 1731 4662 unctione

397 4699 486 4766 lacta
509 4710 589 4767 sunt
607 4701 733 4769 similia
752 4701 869 4792 priori.
893 4705 932 4768 Et
951 4724 1071 4770 revera
1093 4703 1122 4769 si
1142 4701 1262 4770 eadem
1284 4703 1409 4770 mulier
1428 4700 1480 4768 bis
1494 4700 1609 4783 unxit,
1629 4700 1730 4769 facile

398 4803 603 4893 intelligitur
631 4808 801 4898 quomodo
824 4808 860 4875 in
887 4807 996 4875 altera
1017 4832 1155 4899 quoque
1177 4810 1338 4876 unctione
1363 4810 1488 4875 iterum
1516 4806 1663 4875 voluerit
1685 4806 1729 4874 ad

401 4912 506 5000 pedes
530 4918 604 4980 lesu
627 4934 819 5000 recurrere,
842 4914 901 4982 ubi
921 4913 1042 4982 sedens
1062 4917 1163 4984 ctiam
1185 4914 1375 4984 docebatur
1396 4915 1486 5004 (Luc.
1516 4917 1646 5000 10‚39);
1669 4912 1731 4981 ad-
