4050 5648
240 649 362 720 corpus
380 639 502 721 nutrit,
519 639 567 703 ita
580 632 676 700 cibus
696 635 830 704 animae
850 659 991 703 manens
1010 639 1043 699 et
1062 632 1179 699 valens
1199 632 1236 698 in
1255 633 1360 702 vitam
1382 646 1556 704 aeternam

238 741 289 803 est
302 760 404 810 omne
416 744 452 810 id
464 764 533 832 quo
544 737 661 806 anima
676 740 827 821 iuratur,
847 744 1008 820 nutritur,
1025 739 1235 806 confortatur
1253 739 1299 804 ad
1318 743 1422 809 vitam
1440 765 1559 834 supcr-

238 850 438 917 naturalem.
460 844 604 912 Proinde
623 848 879 916 Christusidem
896 843 1085 933 dicitquod
1104 846 1188 913 alibi
1210 869 1217 912 :
1237 847 1393 934 quaerite
1412 872 1557 938 regnum

234 953 294 1020 nei
304 962 338 1022 et
352 953 512 1021 iustitiam
528 954 611 1020 eius.
624 956 884 1043 lteritoquoque
898 953 1025 1020 dieitur
1038 949 1155 1037 dabit,·
1169 973 1250 1019 nam
1268 958 1348 1018 tuuc
1364 957 1453 1023 lesus
1469 980 1557 1025 nou·

233 1058 316 1128 dum
323 1059 437 1125 omnia
447 1056 586 1128 dederat
595 1062 647 1128 vel
657 1060 984 1149 institueratquibus
993 1056 1037 1124 ad
1052 1058 1157 1125 vitam
1172 1065 1347 1126 aeternam
1359 1065 1555 1131 enutriendi

230 1166 348 1231 mmus.
367 1168 406 1230 Et
420 1186 459 1230 ex
478 1188 559 1234 voce
578 1166 674 1234 dudit
693 1188 760 1232 non
776 1167 931 1254 sequitur
945 1163 1051 1253 (quod
1073 1166 1162 1232 Cori.
1183 1164 1268 1251 vult)
1289 1165 1414 1232 deuna
1433 1170 1557 1236 eucha-

231 1268 450 1338 ristiacibum
468 1273 557 1341 hunc
577 1296 648 1340 esse
667 1270 946 1357 intelligendum.

274 1401 291 1434 o
317 1378 390 1443 Non
410 1380 474 1447 erit
496 1380 580 1447 mihi
603 1376 744 1445 difficile
764 1378 881 1445 cibum
901 1376 997 1443 vobis
1016 1377 1099 1445 dare
1120 1379 1179 1468 qui
1201 1379 1262 1444 alit
1279 1378 1314 1444 in
1330 1380 1434 1445 vitam
1450 1387 1560 1448 aeter·

227 1501 323 1564 nam,
340 1484 456 1552 cibum
471 1491 741 1575 permanentem
764 1486 823 1572 qui
850 1485 894 1551 ad
917 1485 1021 1549 vitam
1041 1492 1073 1549 et
1092 1485 1234 1551 delicias
1253 1486 1413 1553 conducit
1434 1489 1559 1577 sempi-

228 1592 354 1672 ternas;
372 1614 453 1659 nam
472 1593 533 1658 etsi
554 1596 733 1680 tamquam
756 1613 845 1658 unus
867 1596 1016 1656 vestrum
1037 1612 1241 1680 appaream,
1263 1591 1369 1659 homo
1385 1594 1457 1660 scil.
1478 1614 1558 1661 cum

227 1717 341 1779 carue,
355 1705 475 1765 unctus
491 1719 567 1764 sum
582 1705 699 1765 umen
716 1703 751 1763 et
764 1697 919 1784 signatus
932 1718 953 1762 a
967 1700 1036 1763 Deo
1050 1704 1148 1763 Patre
1164 1699 1199 1762 iu
1214 1699 1448 1766 omnimodam
1465 1700 1559 1767 simi·

225 1803 406 1872 litudiuem
430 1825 507 1870 cum
527 1806 601 1893 ipso
619 1833 636 1866 n
655 1805 783 1894 (ΟΜ
805 1803 896 1871 hunc
916 1803 1008 1869 enim
1032 1806 1134 1870 Pater
1147 1803 1298 1891 signarit
1318 1807 1403 1871 Deus
1416 1806 1441 1871 i.
1462 1829 1493 1873 e.
1510 1808 1557 1874 si·

225 1908 311 1997 gillo
324 1910 604 2001 impressoquasi
622 1911 774 1981 notavit:
791 1910 870 1976 aliis
886 1909 999 1976 verbis
1015 1933 1022 1977 :
1041 1910 1236 1976 testimonio
1253 1913 1360 1977 Patris
1374 1911 1558 1980 coufirma-

226 2022 283 2082 tus
294 2023 385 2085 estet
395 2017 561 2085 miracula
569 2024 650 2085 suut
658 2017 811 2105 sigillum
824 2018 889 2082 hoc
901 2039 969 2105 quo
981 2020 1079 2082 Pater
1089 2016 1122 2082 ei
1132 2017 1370 2083 auctoritatem
1381 2017 1554 2100 conciliat,

227 2143 249 2189 a
266 2126 333 2191 Deo
346 2122 540 2193 declaratus
559 2131 609 2191 est
631 2132 667 2191 ut
688 2125 765 2191 talis
781 2124 919 2212 qualem
934 2145 970 2189 se
986 2143 1057 2188 esse
1069 2121 1263 2211 profitetur.
1283 2128 1367 2190 Nota
1386 2146 1466 2191 cum
1481 2147 1556 2192 em-

226 2229 326 2319 phasi
340 2230 452 2299 efferri
471 2236 506 2298 el
528 2236 663 2299 Patrem
683 2239 716 2297 et
733 2236 841 2297 Deum
867 2229 1058 2296 declarasse
1073 2233 1107 2294 et
1124 2235 1286 2296 testatum
1305 2252 1394 2308 esse3
1410 2230 1454 2297 de
1472 2254 1555 2298 voce

225 2336 270 2404 ci.
287 2344 366 2421 3,33
377 2343 411 2404 et
425 2359 587 2428 compara
598 2337 768 2425 signaculi
781 2337 958 2403 notionem
966 2340 1062 2403 Rom.
1080 2341 1156 2417 5,ss
1174 2343 1207 2401 et
1222 2339 1425 2425 praesertim
1442 2344 1458 2404 1
1477 2342 1551 2404 Cor.

226 2445 522 2533 9,2:signaculum
532 2445 743 2535 apostolatus
758 2445 824 2510 mei
835 2465 894 2508 vos
902 2443 985 2509 estis
1000 2441 1035 2508 iu
1052 2442 1205 2509 Domino.
1221 2449 1407 2525 Quaerunt,
1424 2451 1463 2511 ut
1474 2446 1555 2513 edo·

224 2557 378 2635 ceantur,
391 2552 596 2641 quibusnam
609 2575 696 2641 opus
712 2552 755 2617 sit
769 2550 814 2617 ad
828 2549 943 2616 cibum
960 2549 1058 2616 illum
1076 2548 1328 2639 acquirendum
1343 2573 1376 2616 v.
1394 2557 1438 2618 28
1458 2551 1555 2619 diae-

223 2669 305 2724 remt
319 2679 397 2747 erqo
412 2658 461 2725 ad
471 2682 549 2725 eum
565 2658 679 2750 :quid
689 2658 858 2747 sociemus
875 2668 912 2722 ut
926 2678 1106 2746 operemur
1118 2677 1222 2745 opero
1237 2657 1323 2723 Dei?
1336 2679 1445 2747 opera
1464 2681 1553 2748 quae

224 2768 310 2831 Deus
328 2764 451 2850 exigil3
474 2786 553 2832 uam
581 2765 705 2831 assueti
730 2762 894 2853 operibus
909 2756 1021 2849 legis,
1038 2761 1175 2829 iudaioo
1197 2785 1292 2830 more
1319 2763 1362 2830 de
1384 2764 1552 2832 eiusmodi

225 2871 511 2961 praestationibus
533 2872 687 2958 cogitant
710 2888 798 2959 quae
822 2873 960 2958 praeter
979 2868 1039 2934 illa
1059 2874 1144 2934 Deus
1167 2869 1211 2935 ab
1238 2870 1306 2935 illis
1330 2871 1458 2937 assumi
1479 2871 1553 2938 vult

224 2978 328 3067 (lons.
346 2976 483 3065 Metel),
500 2984 535 3045 ut
554 2978 670 3045 cibum
694 2977 793 3042 illum
812 2981 1008 3041 manentem
1033 2974 1274 3064 adipiscantur.
1294 2979 1451 3053 Quaestio
1466 2977 1553 3045 haec

223 3106 286 3152 sua
300 3085 396 3174 quasi
411 3092 562 3175 spontee
577 3085 691 3152 verbis
706 3083 828 3150 Christi
846 3084 1029 3160 enascitur,
1046 3103 1158 3172 neque
1171 3081 1277 3149 verba
1290 3085 1460 3172 simplicia
1473 3107 1553 3174 pro·

196 3187 200 3193 ’
223 3188 311 3258 dunt
325 3192 556 3279 arrogantiam
573 3192 625 3258 vel
637 3190 772 3279 gulam,
790 3211 939 3278 quorum
952 3189 1113 3255 vitiorum
1127 3194 1258 3255 veteres
1270 3188 1479 3281 quandoque
1492 3214 1551 3259 eos

223 3297 281 3364 hic
295 3304 456 3366 accusant
470 3298 526 3387 (cf.
553 3297 628 3365 chr,
650 3301 729 3387 Cpr.
750 3296 884 3383 Euri).
902 3294 1048 3361 Advorte
1072 3297 1211 3384 insuper
1222 3318 1311 3363 eosa
1330 3295 1461 3363 Christo
1479 3320 1550 3364 non

222 3403 402 3492 redargui,
419 3405 478 3472 sed
494 3403 647 3482 edoceri;
665 3425 748 3490 ergo
764 3425 835 3469 non
848 3403 1105 3488 interrogarunt
1120 3408 1233 3468 mente
1250 3423 1423 3491 perversa.

267 3512 370 3588 Quale
385 3511 427 3578 sit
445 3533 531 3600 opus
546 3510 635 3578 illud
654 3509 747 3600 quod
763 3514 849 3575 Deus
863 3507 906 3575 ab
917 3509 966 3574 eis
978 3509 1093 3594 exigat
1109 3506 1152 3573 ad
1168 3508 1416 3597 acquirendum
1431 3510 1548 3577 cibum

221 3623 478 3706 permanentem
501 3618 568 3683 iam
592 3616 691 3683 docet
715 3616 866 3682 Christus
880 3638 912 3679 v.
938 3620 979 3680 29
1006 3611 1180 3704 respondit
1199 3617 1289 3681 Iesus
1312 3628 1345 3681 et
1367 3614 1457 3682 diei!
1476 3617 1550 3684 eis:

221 3721 283 3791 boc
297 3735 348 3791 est
361 3746 445 3815 opas
464 3724 545 3807 Dei,
569 3737 605 3789 ut
623 3722 770 3789 credatis
795 3721 832 3787 in
854 3743 932 3787 eum
947 3743 1047 3810 quem
1063 3720 1157 3786 misit
1172 3721 1249 3804 ille,
1267 3743 1326 3799 eu,
1346 3744 1417 3789 non
1442 3746 1547 3812 opera

220 3830 280 3897 illa
297 3830 468 3918 legalibus
488 3830 613 3898 similia
630 3829 683 3896 vel
694 3826 919 3917 superaddita
937 3827 1099 3916 postulae
1114 3849 1220 3894 unum
1246 3828 1368 3915 exigit,
1390 3835 1427 3895 ut
1443 3829 1545 3897 fidem

220 3935 410 4004 adhibeatis
428 3937 542 4024 legato
559 3958 639 4015 suc,
660 3934 807 4023 proinde
822 3956 863 3999 ea
877 3956 1014 4023 quoque
1034 3932 1164 4000 faciatis
1176 3956 1263 4025 quae
1278 3923 1337 4000 illi
1353 3936 1543 4002 mandabit.

222 4047 260 4109 ut
276 4043 383 4131 probe
408 4043 547 4132 quidem
570 4041 769 4127 intelligunt
789 4045 897 4106 lesum
924 4039 967 4106 de
991 4063 1026 4106 se
1049 4040 1158 4130 loqui,
1176 4064 1211 4107 se
1234 4063 1305 4108 esse
1325 4063 1429 4130 quem
1450 4046 1548 4109 Pater

220 4149 406 4238 signaverit
432 4155 532 4232 Deus,
554 4169 658 4239 quem
674 4147 821 4223 miserit,
840 4154 875 4212 at
893 4146 996 4212 simul
1012 4146 1194 4215 ostendunt
1209 4170 1315 4237 quam
1331 4168 1409 4214 vere
1424 4147 1548 4216 dixerit

220 4261 310 4325 lesus
327 4256 510 4347 :quaeritis
533 4278 604 4337 me;
628 4276 697 4321 non
719 4255 800 4343 quia
828 4252 961 4319 vidistis
974 4255 1088 4340 signa,
1112 4253 1330 4343 nequeenim
1352 4255 1548 4343 percipiunt
1605 4294 1607 4297 ·

219 4363 303 4456 quid
325 4365 432 4453 signis
451 4363 518 4430 illis
540 4363 631 4429 clare
652 4361 839 4438 indicatum
867 4358 956 4426 unde
981 4381 1012 4426 v,
1036 4367 1077 4427 30
1101 4359 1265 4427 dixerunt
1287 4384 1368 4450 erqo
1384 4362 1417 4429 ei
1427 4385 1440 4428 :
1453 4363 1547 4453 quod

220 4492 303 4560 erqo
327 4483 363 4537 tu
378 4471 468 4559 sacis
491 4471 646 4559 siqnum,
675 4482 710 4533 ut
731 4468 907 4534 videantur
928 4479 960 4533 et
984 4465 1161 4533 credamus
1184 4468 1272 4534 tibi?
1297 4491 1365 4535 non
1387 4470 1543 4538 sulficere

220 4577 317 4644 aiunt
335 4601 422 4668 quae
442 4600 589 4667 eousque
618 4573 783 4654 viderint;
815 4575 856 4641 iis
883 4597 952 4640 non
979 4573 1083 4654 ellici,
1107 4581 1143 4641 ut
1165 4582 1372 4663 agnoscatur
1399 4577 1541 4644 Messias.

220 4687 305 4750 Nam
326 4684 363 4750 id
387 4684 497 4751 noluit
516 4687 625 4751 lacere
643 4681 734 4771 quod
759 4681 947 4749 secundum
972 4703 1090 4748 eorum
1114 4683 1312 4773 opinionem
1331 4705 1410 4750 eum
1429 4681 1542 4751 decla-

222 4795 327 4857 rasset
339 4793 507 4870 llessiam,
525 4791 597 4858 scil.
615 4811 649 4858 se
669 4810 786 4875 regem
802 4790 1004 4857 constituere
1028 4787 1208 4881 hostesque
1230 4789 1402 4879 expellere·
1423 4789 1467 4878 (v.
1488 4797 1540 4860 lt.

226 4896 296 4984 15);
314 4917 392 4965 cum
412 4901 528 4988 itaque
542 4905 655 4964 tamen
672 4896 751 4962 velit
770 4894 1031 4963 haberillessias
1045 4898 1240 4986 etpostulet
1254 4896 1368 4989 nisibi
1383 4895 1488 4986 plane
1506 4900 1541 4966 in
