4050 5648
194 620 216 703 ’.ς
270 640 273 644 ’
356 634 465 703 lectus
489 636 625 705 unionis
648 633 777 697 tructus
796 630 941 717 multus;
961 635 1052 703 unde
1069 630 1175 721 ipsius
1188 629 1318 697 fructus
1336 631 1493 703 ubertate
1515 630 1560 701 ad
1578 651 1678 699 man-

354 743 485 811 sionem
511 744 607 812 illam
628 735 831 820 excitamur3
855 763 915 832 eqo
936 742 975 808 in
995 764 1033 809 eo
1050 737 1151 805 etiam
1171 736 1250 804 ideo
1271 735 1421 820 additur,
1447 747 1485 809 ut
1505 737 1680 826 intelliga—
1723 810 1726 815 ,

353 855 422 935 tur,
440 852 533 919 unde
553 843 741 912 habeamus
760 840 854 937 quod
880 849 1030 916 feramus
1052 845 1203 911 fructum
1222 842 1386 925 multum,
1416 845 1586 916 Christum
1604 842 1676 914 scil.

354 980 426 1026 esse
435 958 508 1024 eius
523 955 695 1018 auctorem
706 951 836 1020 influxu
851 976 932 1021 suae
948 951 1092 1041 gratiae.
1110 952 1149 1016 Et
1158 974 1262 1041 quam
1275 950 1485 1019 necessarius
1496 953 1542 1020 sit
1552 954 1614 1022 iste
1628 951 1680 1020 in·

356 1064 466 1130 fluxus
485 1056 610 1125 Christi
624 1059 745 1150 eapitis
764 1059 801 1126 in
821 1058 988 1140 membra,
1011 1079 1069 1123 seu
1094 1056 1171 1125 vitis
1191 1080 1292 1126 verae
1311 1059 1348 1125 in
1366 1057 1543 1147 palmites,
1564 1059 1680 1127 claris·

354 1171 439 1236 simo
454 1164 557 1231 simul
579 1170 612 1232 et
626 1165 826 1253 gravissime
842 1164 983 1231 docetur
1001 1186 1009 1228 :
1025 1162 1111 1253 quia
1128 1164 1203 1232 sine
1223 1187 1277 1233 me
1291 1162 1381 1231 niti!
1387 1163 1532 1254 potestis
1547 1164 1676 1250 facere,

353 1295 394 1341 eo
412 1270 487 1337 scil.
510 1273 546 1339 in
566 1272 688 1340 ordine
703 1272 763 1361 qui
782 1271 818 1336 in
833 1268 967 1336 Christo
982 1271 1052 1338 vite
1068 1293 1148 1339 vera
1158 1294 1222 1362 pro
1237 1271 1336 1339 nobis
1350 1270 1492 1353 exsistit,
1508 1270 1545 1338 in
1559 1270 1679 1339 ordine

200 1364 228 1457 J
254 1388 257 1393 '
358 1379 613 1467 supernaturali
636 1376 767 1446 salutis.
787 1375 890 1442 Proin
910 1373 997 1444 sicut
1018 1376 1148 1466 palmes
1169 1378 1244 1445 sine
1264 1378 1412 1460 influxu,
1436 1378 1571 1466 vigore,
1596 1397 1679 1444 suco

225 1496 230 1503 '
352 1484 432 1552 vitis
451 1486 540 1553 nihil
558 1482 707 1561 frondis,
722 1482 831 1562 floriS,
848 1482 977 1550 fructus
993 1484 1147 1574 prolerre
1161 1489 1294 1573 potest,
1311 1482 1360 1550 iu
1378 1505 1442 1551 nos
1456 1483 1547 1552 nihil
1563 1481 1609 1551 ad
1623 1504 1680 1551 sa·

209 1676 213 1683 ,
352 1592 460 1660 lutcm
483 1592 660 1683 pertinens
685 1589 757 1656 sine
780 1589 893 1677 gratia
918 1589 1042 1657 Christi
1061 1589 1199 1656 interna
1221 1585 1426 1670 efficiemus,
1443 1595 1560 1680 quaet
1584 1578 1680 1657 mens

201 1716 218 1743 -’
243 1761 246 1765 .
290 1700 292 1704 ’
353 1699 545 1768 illustretur
565 1703 598 1764 et
620 1695 781 1763 voluntas
792 1694 998 1763 ‘salutariter
1023 1704 1211 1763 moveatur.
1236 1699 1276 1763 Et
1296 1716 1337 1762 eo
1360 1717 1463 1763 sensu
1484 1695 1554 1763 dici
1575 1695 1680 1764 debet

352 1828 430 1874 cum
455 1807 547 1892 Aup.
567 1823 580 1867 .·
601 1802 847 1891 nequisquam
868 1805 1007 1891 putaret
1034 1801 1157 1869 saltem
1185 1800 1331 1892 parvum
1359 1799 1510 1893 aliquem
1529 1803 1679 1870 fructum

353 1933 450 2003 posse
474 1932 495 1977 a
520 1906 702 1998 semetipso
724 1906 903 1998 palmitem
922 1908 1029 1991 ferre,
1048 1929 1118 1974 non
1133 1907 1204 1974 ait:
1223 1907 1388 1998 quiasine
1403 1929 1458 1975 me
1477 1930 1600 1997 parum
1615 1930 1678 1999 po-

212 2102 214 2107 .
351 2017 446 2085 testis
471 2016 603 2094 facere,
624 2014 686 2083 sed
704 2013 792 2081 nihil
817 2014 855 2103 (B
874 2019 941 2082 οὐδὲ
965 2021 996 2082 ἓν
1022 2035 1065 2082 ne
1085 2035 1192 2081 unum
1213 2013 1368 2104 quidem)
1390 2015 1531 2104 potestis
1545 2016 1676 2098 lacere3

248 2162 249 2167 ν
350 2124 420 2191 sive
442 2144 527 2210 ergo
556 2141 695 2212 parum,
718 2121 790 2188 sive
814 2118 979 2201 multum,
1005 2121 1080 2188 sine
1101 2121 1161 2188 illo
1182 2119 1347 2189 horinon
1369 2127 1494 2211 potest,
1515 2121 1588 2190 sine
1610 2142 1679 2213 qno

222 2212 226 2219 ¹
350 2230 438 2297 nihil
464 2228 538 2296 lieri
561 2234 681 2320 potest.
703 2265 748 2278 —
769 2231 870 2296 Notat
890 2225 1004 2293 Thom.
1027 2250 1096 2318 qua
1113 2226 1246 2295 ratione
1266 2226 1353 2294 illud
1374 2227 1448 2295 sine
1465 2250 1518 2296 mc
1537 2227 1678 2318 amplis-

352 2339 442 2405 simo
473 2357 574 2402 sensu
599 2333 766 2425 applicari
794 2334 900 2424 possit
923 2357 931 2402 :
955 2333 1211 2424 «operaenim
1231 2340 1348 2401 nostra
1371 2339 1450 2401 sunt
1468 2340 1528 2403 aut
1554 2336 1679 2402 virtute

353 2448 500 2518 naturae
526 2447 586 2508 aut
611 2463 652 2508 ex
681 2439 796 2528 gratia
821 2440 954 2522 divina3
979 2440 1008 2508 si
1033 2441 1157 2508 virtute
1180 2445 1340 2522 naturae,
1364 2464 1441 2509 cum
1465 2463 1584 2510 omnes
1602 2462 1679 2510 mo·

351 2556 406 2617 tus
420 2555 565 2616 naturae
580 2548 647 2616 sint
660 2548 705 2615 ab
718 2547 793 2638 ipso
809 2548 917 2615 Verbo
934 2547 1008 2630 Dei,
1027 2547 1123 2614 nulla
1136 2552 1262 2616 natura
1275 2548 1320 2616 ad
1334 2547 1467 2639 aliquid
1482 2547 1679 2635 laciendum

351 2655 482 2724 moveri
504 2661 614 2745 potest
632 2655 703 2722 sine
729 2656 820 2745 ips03
840 2654 868 2721 si
888 2676 969 2722 vero
992 2656 1117 2721 virtute
1140 2657 1288 2742 gratiae,
1303 2678 1381 2722 cum
1403 2655 1475 2746 ipse
1496 2656 1539 2723 sit
1559 2659 1679 2723 auctor

350 2763 499 2851 gratiae,
518 2763 735 2830 manifestum
749 2765 799 2828 est
820 2760 914 2852 qnod
933 2760 1069 2829 nullum
1086 2783 1173 2852 opus
1191 2760 1406 2829 meritorium
1426 2761 1500 2830 sinc
1518 2761 1590 2853 ipsc
1604 2759 1678 2829 fieri

349 2875 493 2961 potest»
513 2869 569 2958 (cl.
587 2874 608 2934 2
624 2872 698 2936 Cor.
717 2867 800 2956 3,5).
1453 2861 1458 2878 ”

393 2976 469 3044 Alia
487 2976 690 3063 adiungitur
711 2974 797 3042 ratio
823 2974 870 3041 ad
893 2974 1104 3043 manendum
1129 2977 1165 3043 in
1184 2976 1333 3059 Christo,
1356 2999 1466 3066 eaque
1489 3000 1510 3044 a
1532 2976 1679 3045 maximo

348 3082 477 3151 damno
496 3090 529 3149 et
548 3081 689 3149 interitu
711 3081 817 3171 petita
835 3103 955 3149 eorum
974 3083 1033 3171 qui
1048 3105 1069 3148 a
1085 3083 1218 3151 Christo
1239 3105 1274 3151 sc
1298 3089 1459 3172 separant
1471 3107 1502 3152 v.
1521 3082 1588 3152 (tsi
1601 3082 1678 3174 quis

350 3191 388 3257 in
402 3212 456 3256 me
471 3212 542 3257 non
554 3189 719 3256 meruerit
727 3242 738 3274 ,
754 3189 911 3255 mittetur
922 3191 1020 3278 [oras
1032 3189 1121 3255 st'cut
1128 3181 1265 3278 palmes
1278 3201 1312 3256 et
1325 3202 1452 3257 arescet
1467 3203 1499 3257 et
1513 3189 1678 3280 colliqent

349 3318 426 3365 eum
447 3299 532 3386 (eoa,
558 3298 627 3363 iam
637 3294 691 3362 ‘ab
718 3295 887 3382 allegoria
907 3295 950 3361 ad
975 3317 1049 3361 rem
1071 3297 1244 3382 signatam
1262 3296 1537 3364 contineturferc
1555 3295 1677 3365 transi-

347 3409 417 3482 tus;
440 3404 482 3470 cl.
512 3401 626 3469 llatth.
655 3400 820 3489 13,t1>et
840 3401 878 3467 in
899 3401 1016 3490 iqnem
1045 3401 1183 3468 mittent
1203 3414 1236 3469 et
1254 3401 1353 3469 ardet
1372 3403 1540 3492 (ardent),
1564 3412 1675 3488 ἐάλήθη

350 3516 399 3578 καὶ
411 3514 559 3598 ἐξηράνθη
578 3511 600 3576 i.
618 3531 648 3575 c.
669 3530 709 3574 eo
719 3509 795 3597 ipso
815 3507 910 3597 quod
923 3528 994 3574 non
1011 3509 1135 3574 mansit
1151 3508 1186 3575 in
1205 3508 1353 3593 Christo,
1374 3509 1444 3577 iam
1463 3512 1608 3594 eiectus,
1624 3533 1676 3578 se-

350 3623 489 3707 paratus
512 3624 576 3697 est,
594 3616 663 3682 iam
677 3613 824 3695 exaruit,
841 3620 960 3705 utpote
978 3614 1144 3682 abscissus
1158 3637 1179 3682 a
1193 3637 1290 3697 suco;
1306 3622 1497 3704 συνάγουσιν,
1514 3623 1676 3698 βάλλουσιν

351 3726 425 3792 αὐτὰ
440 3729 594 3812 tempore
611 3722 782 3812 praesenti
798 3720 834 3788 id
848 3720 1046 3788 enuntiatur
1060 3720 1154 3811 quod
1172 3744 1212 3788 ex
1224 3721 1358 3789 aoristis
1369 3722 1437 3789 illis
1456 3723 1678 3814 consequitur

350 3829 553 3909 certissime,
569 3828 598 3894 si
613 3827 771 3918 palmites
786 3827 836 3893 illi
856 3850 895 3894 ea
914 3827 951 3894 in
975 3827 1171 3894 conditione
1188 3834 1343 3918 tempore
1358 3828 1478 3897 iudicii
1497 3830 1677 3920 reperiun-

349 3941 421 4015 tur,
444 3934 568 4002 modus
598 3935 646 4001 ita
673 3933 838 4023 loquendi
867 3935 972 4000 refert
997 3933 1296 4017 consuetudinem,
1327 3958 1394 4025 qua
1421 3935 1492 4003 scil.
1522 3936 1679 4027 palmites

350 4041 491 4110 abscissi
513 4041 630 4129 colligi
651 4047 685 4107 et
707 4039 744 4105 in
765 4040 883 4126 ignem
908 4039 998 4106 mitti
1025 4041 1135 4107 solent
1160 4041 1349 4108 secundum
1367 4041 1456 4109 illud
1480 4048 1534 4114 Ec.
1563 4050 1678 4128 tus-5

350 4148 447 4240 (Cyr.
465 4153 556 4238 Auq.
579 4146 661 4214 Bed.
679 4146 904 4237 Hopleus).
927 4144 1070 4214 Palmite
1085 4148 1231 4215 abscisso
1249 4154 1283 4215 et
1302 4155 1474 4217 arescente
1496 4157 1530 4217 et
1547 4150 1617 4218 iam
1634 4150 1679 4219 ad

350 4255 440 4322 nihil
462 4255 539 4324 utili
558 4254 623 4322 nisi
641 4254 685 4321 ad
704 4252 976 4321 comburendum
997 4253 1196 4341 gravissime
1216 4254 1418 4344 depingitur
1436 4255 1587 4324 conditio
1606 4256 1678 4325 eius

350 4363 411 4452 qni
425 4385 496 4430 sese
511 4361 555 4429 ab
568 4362 694 4429 unione
706 4381 784 4428 cum
800 4360 933 4428 Christo
949 4360 1109 4445 resecuit,
1126 4362 1184 4450 qui
1200 4360 1325 4428 tollens
1343 4362 1537 4430 membrum
1554 4363 1679 4431 Christi

349 4469 432 4537 lacit
447 4468 640 4536 membrum
656 4466 842 4536 meretricis
862 4469 888 4552 (1
913 4471 988 4534 Cor.
1004 4469 1116 4555 5‚15),
1137 4468 1196 4557 qui
1214 4473 1353 4557 peccato
1367 4492 1402 4536 se
1417 4470 1592 4538 constituit
1605 4493 1678 4540 ser·

351 4597 432 4643 vum
447 4575 576 4643 diaboli
593 4576 627 4664 (2
646 4579 732 4642 Petr.
758 4574 863 4661 219).
882 4578 921 4641 Ut
941 4574 1070 4662 palmes
1087 4574 1271 4655 abscissus,
1288 4576 1428 4660 arescit,
1446 4578 1559 4668 perdit
1574 4600 1677 4668 quem

351 4682 504 4750 habebat
524 4706 564 4750 ex
586 4681 699 4749 radice
723 4682 854 4769 gratiae
872 4681 1052 4748 humorem
1075 4680 1226 4769 (Euctp
1245 4683 1309 4750 bac
1329 4685 1535 4751 arefactione
1549 4685 1677 4774 optime

352 4789 558 4857 describitur
574 4788 724 4856 conditio
738 4808 856 4856 eorum
875 4788 936 4876 qui
954 4787 1106 4874 graviter
1123 4810 1263 4878 peccare
1283 4791 1393 4857 solent
1412 4797 1446 4856 et
1470 4792 1505 4857 in
1519 4790 1677 4859 sordibus

352 4903 570 4986 peccatorum
587 4918 741 4976 manere;
759 4895 795 4962 in
817 4894 888 4962 dies
913 4895 1024 4981 magis
1045 4894 1238 4963 alienantur
1256 4920 1277 4964 a
1296 4897 1397 4964 rebus
1417 4897 1558 4980 divinis,
1581 4920 1676 4965 mens
