4050 5648
692 429 710 437 *l
793 457 796 463 ’
830 432 924 530 Μ.
949 427 1085 546 him

295 619 395 685 illum
416 624 621 713 promissum
643 617 791 706 reperiri
803 618 852 687 ait
866 617 903 705 in
919 623 1011 707 lesu,
1025 639 1128 711 quern
1143 617 1252 714 hlium
1271 623 1390 712 loseph
1410 626 1510 690 vocat
1524 621 1623 708 iguo-

296 747 376 795 rans
393 731 596 818 mysterium
615 724 952 817 iucarnationiseta
972 731 1065 809 loco,
1081 725 1142 793 ubi
1166 726 1332 796 enutritus
1351 736 1426 796 erat
1451 729 1619 816 designat.

295 837 511 926 Evangelista
531 853 604 899 rem
622 830 814 900 referttide
833 830 883 899 rei
901 843 1017 922 gestae
1034 838 1192 902 accurate
1211 841 1360 907 servata.
1378 833 1524 902 Ridiculi
1545 841 1624 903 sunt

294 941 403 1033 aliqui
412 944 582 1032 (stratas,
604 936 775 1029 Vollmer)
785 938 847 1029 qui
856 941 1100 1032 evangelistam
1114 939 1180 1007 hac
1193 941 1392 1008 narratione
1404 944 1556 1009 evertere
1570 941 1621 1008 di·

294 1054 376 1116 cunt
390 1069 430 1115 ac
445 1045 620 1113 destruere
634 1067 777 1137 eaquae
792 1044 979 1116 Matthaeus
993 1051 1027 1114 ct
1045 1050 1150 1113 Lucas
1167 1047 1210 1115 de
1220 1052 1386 1136 conceptu
1395 1053 1429 1114 et
1443 1046 1623 1115 nativitate

295 1162 369 1223 lesu
379 1149 532 1219 tradunt.
548 1156 665 1221 Nonne
673 1158 883 1241 eo'tempore
898 1176 967 1245 quo
975 1155 1041 1221 hoc
1049 1153 1266 1241 evangelium
1277 1153 1442 1242 scriptum
1459 1159 1521 1235 est,
1536 1152 1622 1223 alio-
1713 1229 1715 1233 ¹

295 1280 372 1327 rum
384 1256 467 1324 libri
482 1256 553 1326 iam
562 1260 699 1351 ubique
713 1257 824 1349 sparsi
837 1280 878 1327 ae
887 1261 961 1329 noti
974 1260 1091 1327 erant?
1101 1264 1192 1327 lesus
1206 1281 1366 1328 veronen
1380 1260 1495 1327 statim
1505 1261 1549 1327 ab
1558 1259 1624 1331 ini-

100 1362 104 1369 .
125 1325 129 1335 ·
206 1369 211 1377 .
293 1365 342 1430 tio
352 1362 491 1453 singula
504 1366 686 1456 explicavit
698 1365 877 1453 mysteriaq
888 1364 1060 1458 quomodo
1071 1368 1263 1457 potuissent
1275 1367 1490 1457 portaretcf.
1508 1373 1620 1446 tata.

338 1471 547 1555 Nathanael‚
564 1494 585 1539 a
601 1477 693 1540 Cana
707 1469 876 1540 Galilaeae
900 1472 1026 1565 (2132),
1046 1474 1212 1541 Nazareth
1231 1472 1374 1540 minoris
1388 1471 1510 1562 oppidi
1522 1473 1622 1560 igno-

293 1578 465 1647 bilitatem
479 1585 519 1647 et
542 1577 883 1647 malam-incolarum
906 1579 998 1671 apud
1022 1579 1108 1647 alios
1130 1580 1259 1648 famam
1280 1585 1314 1647 et
1336 1579 1622 1647 existimationem

293 1684 411 1753 obiicit
431 1709 465 1752 v.
487 1690 579 1751 teet
603 1683 747 1753 discit-‘ct‘
765 1683 967 1754 Nathanael
983 1705 997 1750 .·
1016 1708 1038 1753 a
1058 1684 1232 1755 Nazareth
1249 1698 1364 1776 potest
1382 1685 1524 1776 aliquid
1541 1686 1623 1752 boni

293 1795 385 1859 esse?
398 1797 504 1882 atque
524 1812 582 1857 eos
609 1790 779 1860 eiusmodi
798 1792 897 1882 apud
908 1791 1043 1860 vicinos
1055 1792 1185 1861 ¹famam
1208 1814 1279 1860 non
1298 1793 1471 1860 immerito
1486 1792 1619 1876 tulisse,

294 1897 371 1964 vide
388 1898 504 1965 Natth.
525 1904 637 1981 latr.
656 1901 827 1967 58.‘Narc.
843 1904 913 1982 aa.
934 1904 1013 1967 Luc.
1031 1903 1122 1984 latit,
1143 1898 1203 1967 ubi
1217 1898 1443 1966 Nazarethani
1456 1905 1624 1990 apparent
1670 1907 1672 1911 ’

293 2002 394 2085 duri,
415 2003 603 2083 increduli,
624 2003 760 2094 ingrati·
777 2004 920 2096 (Corl.);
947 2004 1115 2097 oppidum
1140 2011 1214 2072 erat
1238 2004 1409 2094 ignobile,
1433 2005 1622 2073 barbarum

232 2159 234 2164 ·
294 2109 450 2201 (Mala),
472 2110 509 2177 in
529 2109 625 2177 libris
640 2117 708 2179 vet.
726 2116 801 2180 test.
822 2133 1001 2203 nunquam
1015 2111 1239 2180 nominatum.
1258 2113 1446 2180 Nathanael
1467 2111 1575 2180 libere
1589 2118 1623 2179 et

292 2221 412 2307 aperte
431 2216 654 2307 proloquitur
665 2217 740 2286 sine
754 2216 828 2286 ulla
845 2216 1117 2286 dissimulatione
1131 2219 1188 2286 vel
1201 2218 1417 2306 mitigatione
1437 2218 1530 2308 quod
1548 2241 1623 2285 sen-

291 2323 349 2402 tit;
367 2320 525 2392 animum
544 2323 666 2416 pandit
681 2325 867 2394 sincemm.
886 2324 1062 2415 Philippus
1077 2348 1148 2392 non
1160 2325 1310 2416 disputat
1321 2324 1382 2392 sed
1393 2325 1477 2391 dicit
1491 2326 1524 2391 ei
1539 2324 1622 2391 Plui-

293 2430 405 2522 lippars
418 2453 432 2498 .·
443 2430 524 2499 veni
538 2443 571 2498 ct
583 2430 681 2498 vide!
695 2431 878 2522 Philippus
891 2424 1079 2500 admodum
1098 2432 1248 2522 prudens
1262 2438 1336 2499 erat
1351 2431 1481 2521 (Chr.);
1500 2432 1623 2523 arripit

291 2538 383 2605 enim
398 2561 440 2605 ex
455 2538 531 2606 eius
549 2536 766 2606 dubitatione
783 2538 1014 2628 occasionem,
1027 2545 1065 2607 ut
1083 2539 1115 2606 ei
1133 2538 1224 2607 dicat
1241 2560 1249 2608 ε
1272 2540 1348 2606 veni
1364 2546 1399 2606 et
1413 2543 1527 2607 utrum
1543 2562 1623 2607 vere

291 2643 437 2712 dixerim
476 2666 603 2723 necne,
631 2645 704 2738 ipse
731 2645 888 2734 experire
917 2644 1076 2736 (Matag
1108 2646 1244 2714 eienim
1273 2667 1473 2736 persuasum
1502 2653 1567 2727 est,
1594 2647 1622 2711 si

290 2752 497 2839 spectaverit
511 2755 547 2818 et
568 2750 865 2835 audieritle'sum,
886 2752 961 2819 sore
980 2756 1019 2820 ut
1045 2752 1148 2844 plane
1166 2752 1370 2842 acquiescat.
1396 2782 1410 2813 «
1435 2756 1517 2819 Cum
1530 2752 1622 2819 enim

292 2856 379 2923 mihi
402 2857 582 2946 antiquam
600 2856 744 2925 obiicias
767 2857 983 2947 opinionem,
1002 2857 1151 2946 egotibi
1175 2881 1226 2926 res
1239 2859 1330 2948 ipsas
1340 2858 1519 2925 ostendere
1530 2858 1625 2924 insti-

291 2969 351 3031 tuo
373 2991 389 3026 »
412 2962 423 3054 (
429 2962 545 3031 Tlteod
556 2965 596 3030 Μ
597 2963 635 3053 .).
652 2969 691 3031 Et
703 2955 896 3032 Nathanael
915 2965 1070 3032 animum
1085 2963 1447 3055 minimefobstinatum
1465 2987 1528 3031 nec
1543 2988 1623 3032 suae

71 3076 110 3185 a
189 3079 191 3082 ‘
290 3070 447 3159 opinioni
471 3069 577 3137 nimis
596 3059 836 3139 inhaerentem
860 3091 984 3159 gerens
1008 3070 1163 3162 sequitur
1187 3076 1282 3139 tanta
1304 3071 1567 3139 annuntiatione
1591 3080 1624 3139 et

290 3175 442 3243 novitate
457 3177 507 3243 rei
519 3175 674 3246 allectus.
696 3176 875 3268 Philippus
889 3199 961 3243 non
976 3176 1091 3265 arguit
1105 3200 1184 3245 cum
1198 3177 1276 3268 ipso*
1288 3177 1348 3245 sed
1367 3177 1464 3246 ducit
1481 3200 1559 3244 eum
1580 3176 1624 3244 ad

291 3289 421 3363 lesum;
439 3282 573 3352 bonum
587 3283 786 3373 exemplum
803 3282 846 3352 iis
870 3282 1085 3374 sequendum
1112 3285 1171 3374 qui
1192 3307 1269 3351 eum
1290 3285 1400 3352 bonae
1420 3283 1500 3350 fidei
1514 3284 1625 3350 incre-

291 3390 508 3478 dulisagunt
527 3389 673 3479 (Cori.).-
782 3439 784 3446 -
815 3433 828 3449 =.

335 3611 425 3674 Unde
445 3610 506 3673 hoc
524 3611 729 3690 proverbium
748 3615 855 3673 ortum
877 3613 919 3673 sit
941 3613 1115 3686 nescimus,
1132 3626 1235 3690 neque
1259 3612 1346 3696 aliud
1374 3630 1410 3673 ex
1435 3613 1624 3690 antiquitate

291 3713 395 3770 exstat
416 3709 639 3770 testimonium
666 3726 737 3772 eam
763 3709 803 3770 de
824 3707 980 3772 Nazareth
1004 3709 1121 3772 tamam
1144 3710 1242 3772 tuisse
1266 3710 1491 3788 pervulgatam.
1515 3712 1624 3788 Neque

291 3805 351 3868 hoe
369 3806 489 3867 mirum
504 3805 605 3869 videri
623 3810 746 3884 potest;
763 3807 867 3887 agitur
881 3807 921 3869 de
935 3808 1054 3888 oppido
1074 3808 1151 3870 satis
1170 3808 1289 3887 ignoto.
1306 3807 1407 3879 Quare
1426 3807 1520 3885 plane
1539 3808 1624 3868 arbi·

292 3904 428 3965 tranium
443 3907 492 3966 est
506 3920 621 3983 negare
632 3903 669 3964 id
685 3904 774 3982 quod
790 3904 823 3965 in
843 3909 932 3967 textu
949 3905 1101 3967 asseritur
1117 3903 1196 3984 (scil.
1214 3904 1385 3966 Nathanael
1402 3904 1434 3965 id
1450 3904 1578 3983 dixisse)
1593 3914 1626 3966 et

292 4020 309 4063 e
337 4006 446 4064 eontra
466 4000 777 4084 asserere,*haberi„
793 4001 838 4082 ibi
864 4002 1163 4076 anachronismum
1188 4001 1254 4064 soil.
1279 4003 1319 4064 ob
1350 4008 1500 4063 eventum
1533 4002 1624 4064 illum

292 4099 399 4163 Matth.
417 4101 508 4172 taes
521 4104 554 4160 et
567 4100 662 4186 Nare.
678 4088 729 4173 6,t
746 4103 779 4160 et
793 4100 870 4161 Luc.
886 4100 958 4172 att
978 4099 1134 4179 oppidum
1144 4101 1299 4178 ,Nazareth
1317 4099 1401 4179 apud
1418 4100 1622 4177 Christianos,

291 4199 376 4278 apud
393 4197 526 4259 ludaeos
541 4196 649 4276 ipsum
663 4196 771 4260 lesum
789 4203 920 4277 propter
933 4198 1033 4258 vitam
1055 4199 1099 4260 ibi
1115 4198 1237 4260 tamdiu
1253 4203 1355 4260 actam
1374 4197 1473 4257 luisse
1492 4197 1625 4276 despec-

292 4301 417 4360 tumet
441 4295 668 4375 evangelistam
692 4295 725 4359 id
757 4295 790 4356 in
812 4288 911 4357 vitam
933 4297 1004 4358 lesu
1024 4297 1223 4358 transtulisse
1244 4296 1327 4378 quod
1351 4299 1460 4374 postea
1480 4296 1512 4354 in
1531 4301 1623 4357 coetu

292 4393 548 4455 Christianorum
572 4393 696 4453 dictum
718 4392 816 4456 tuerit
833 4398 864 4456 et
887 4394 1115 4456 existimatum.
1141 4429 1180 4440 —
1199 4396 1230 4456 si
1255 4394 1361 4455 omnia
1384 4393 1438 4453 illa
1457 4412 1538 4472 quae
1562 4412 1623 4454 non

294 4492 408 4552 saltem
424 4491 549 4553 duobus
566 4489 760 4551 testimoniis
771 4493 951 4552 confirmari
968 4497 1115 4571 possent,
1128 4496 1274 4554 carerent
1287 4490 1349 4551 tide
1364 4491 1533 4561 historiae,
1547 4496 1624 4570 quot

294 4604 345 4648 res
371 4582 477 4652 essent
498 4587 815 4670 negandaetllerum
837 4607 932 4650 nemo
953 4589 985 4649 in
1007 4591 1195 4669 scriptorem
1221 4589 1389 4668 profanum
1412 4589 1491 4650 adeo
1515 4590 1621 4667 inique
1704 4583 1705 4586 ’

294 4685 375 4764 agit,
394 4689 441 4748 uti
464 4687 561 4766 aliqui
581 4686 615 4746 in
639 4685 809 4764 scriptores
831 4705 948 4749 sacrm.
961 4720 1004 4765 ¹-
1028 4690 1136 4766 Neque
1156 4688 1220 4749 ullo
1241 4686 1337 4747 modo
1358 4688 1512 4764 sequitur,
1537 4688 1620 4763 quod

295 4800 370 4845 cum
392 4783 545 4847 Scholten
566 4783 664 4846 etiam
683 4780 876 4844 Holtzmann
896 4784 964 4847 vult
987 4784 1169 4864 (Handeom.
1187 4802 1217 4862 p.
1236 4783 1285 4864 55)
1305 4784 1363 4845 hae
1384 4785 1486 4864 prima
1508 4784 1620 4844 invitu-

298 4881 384 4942 tione
405 4882 635 4963 discipulorum
658 4880 882 4961 evangelistam
898 4883 1025 4945 abolere
1040 4889 1072 4945 et
1086 4881 1251 4944 excludere
1267 4882 1298 4943 id
1319 4883 1402 4962 quod
1424 4881 1531 4943 Natth.
1551 4885 1621 4954 -tffl
