4050 5648
787 345 869 389 roas.
893 327 1053 391 ‘tim-24.

253 497 330 543 nem
355 485 515 544 loannem
539 501 607 546 uon
627 503 698 546 esse
720 481 937 546 moriturum.
956 484 1062 556 Quare
1079 496 1296 561 magnacum
1312 475 1467 562 emphasi
1486 483 1581 545 loan-

254 607 313 651 nes
333 586 366 649 in
394 587 594 651 memoriam
617 593 753 651 revocat
764 586 848 675 quid
865 583 1016 650 Christus
1031 581 1153 647 dixerit
1168 605 1198 646 v.
1218 589 1259 646 23
1275 581 1360 647 exiit
1375 603 1455 669 erqo
1472 606 1580 651 serino

254 693 315 756 aa»
329 691 418 755 iuter
430 693 576 775 fratres,
596 691 816 770 christianes,
831 691 914 781 quia
928 687 1119 778 discipulus
1129 687 1187 752 ille
1201 710 1269 752 uon
1285 689 1450 773 moratum·
1465 702 1496 754 el
1512 712 1581 756 noer

254 797 343 862 (licit
368 794 400 858 ei
419 800 510 863 lesus
529 819 540 861 .·
563 819 629 860 mm
647 800 805 874 irroretur,
824 797 884 863 sed
901 817 912 859 .·
932 797 979 861 sir
1001 797 1075 881 lege
1091 795 1118 860 si
1141 817 1217 860 eum
1231 793 1305 859 uelo
1323 817 1461 862 creauere
1474 794 1580 862 (leuce

255 903 400 982 emtam,
418 902 505 992 quid
523 901 571 966 ud
590 906 644 968 te?
659 914 738 971 sunt
753 905 814 994 qui·
835 903 920 970 illud
938 903 1044 967 doure
1069 903 1197 966 eem'um
1218 900 1262 966 ad
1278 900 1444 966 iudicium
1466 904 1500 967 in
1522 924 1578 969 ur-

253 1009 331 1075 bem
348 1008 532 1076 Ierusalem
557 1009 721 1091 reserant3
742 1012 839 1076 euius
862 1010 1050 1075 sententiae
1067 1008 1134 1074 iam
1151 1009 1308 1074 meminit
1325 1006 1484 1097 Theopb„
1502 1030 1577 1076 eam

252 1118 406 1205 sequitur
427 1115 493 1178 l'ol.
517 1122 548 1181 et
574 1117 642 1183 lere
656 1117 828 1206 approbat
846 1116 966 1191 s‘cu:.‚·
983 1115 1051 1180 alia
1066 1136 1203 1202 quoque
1218 1114 1398 1202 explicatio
1416 1118 1580 1203 proponi-

255 1232 329 1299 tur3
349 1220 495 1306 legimus
511 1223 601 1289 enim
625 1224 738 1289 llatth.
768 1229 867 1302 1628
894 1245 901 1288 :
926 1229 1045 1287 sunt...
1071 1220 1129 1310 qui
1149 1242 1218 1286 non
1232 1219 1420 1307 gustabunt
1437 1229 1578 1287 mortem

253 1329 362 1394 donee
385 1327 523 1394 videant
547 1328 666 1394 Filium
689 1329 837 1395 hominis
862 1329 1054 1394 venientem
1082 1327 1115 1393 in
1141 1349 1248 1413 regno
1273 1350 1350 1403 suo,
1371 1350 1459 1416 quae
1477 1328 1579 1394 verba

254 1440 350 1500 Marc.
374 1441 453 1514 839
474 1435 521 1500 ita
545 1435 735 1502 ell'eruntur
757 1459 763 1502 :
789 1436 897 1502 donec
920 1436 1058 1500 videant
1078 1456 1220 1520 regnum
1238 1434 1294 1499 [lei
1314 1435 1452 1500 veniens
1465 1434 1499 1500 in
1515 1436 1582 1500 vir-

255 1548 340 1619 tute,
356 1548 390 1606 et
405 1541 564 1608 similiter
580 1547 657 1608 Luc.
685 1548 765 1623 tiffl
787 1542 897 1608 donee
919 1542 1058 1607 videant
1077 1562 1221 1628 regnum
1247 1541 1316 1606 nei.
1342 1541 1434 1606 Unde
1461 1541 1579 1608 inlerri

255 1654 364 1737 potest
383 1670 389 1714 :
409 1648 577 1714 Christum
603 1648 721 1714 venire
734 1649 836 1714 etiam
855 1648 1048 1734 significare
1062 1669 1207 1734 regnum
1223 1648 1294 1713 eius
1306 1647 1328 1713 i.
1346 1669 1375 1712 c.
1399 1648 1576 1714 Ecclesiam

254 1777 323 1820 esse
347 1756 382 1819 in
407 1755 532 1820 virtute
560 1755 793 1822 constitutam.
824 1759 944 1821 Verum
979 1755 1173 1844 praeplacet
1194 1752 1280 1820 illud
1305 1753 1411 1819 donee
1441 1754 1576 1820 renium

255 1884 293 1927 es
317 1862 388 1949 ipse
411 1862 590 1948 cvangelio
607 1862 670 1927 hoc
688 1868 766 1940 1a‚3
787 1862 972 1950 explicare:
989 1884 1068 1928 nam
1085 1861 1269 1929 dictionem
1285 1883 1379 1951 posse
1395 1861 1505 1928 solum
1520 1859 1579 1927 ad·

255 1975 394 2034 ventum
411 1968 600 2033 seeundum
621 1968 744 2034 Christi
764 1968 974 2055 significare,
993 1992 1033 2034 eo
1051 1970 1122 2057 ipso
1138 1968 1211 2034 loeo
1226 1968 1429 2035 excluditur.

300 2075 461 2162 Euplieile
471 2096 554 2160 ergo
564 2084 678 2142 monet
688 2080 906 2142 loannesnon
914 2076 1034 2143 dixisse
1045 2080 1150 2141 lesum
1160 2076 1266 2140 sihise
1283 2097 1349 2140 non
1362 2077 1578 2152 moriturum,

256 2203 297 2247 ne
319 2182 391 2248 scil.
414 2183 519 2247 animi
536 2182 705 2272 simplices
727 2183 907 2249 turbentur
928 2181 1017 2247 etde
1038 2181 1261 2270 promissione
1281 2181 1405 2248 Christi
1428 2181 1512 2248 lalse
1527 2182 1581 2248 iu-

256 2287 385 2365 dicent,
403 2289 431 2352 si
451 2296 604 2354 mortuus
624 2289 739 2356 luerit.
759 2289 822 2356 Sed
842 2290 1080 2355 nonobstante
1098 2289 1161 2354 hae
1175 2288 1247 2355 eius
1261 2289 1447 2354 monitione
1464 2309 1581 2354 rumor

257 2394 312 2460 ille
328 2404 361 2460 et
376 2395 494 2482 opinio
511 2403 625 2462 tanren
640 2396 765 2463 animis
785 2395 1033 2464 nonnullorum
1047 2396 1113 2461 alte
1127 2395 1283 2461 inhaesit.
1310 2399 1363 2460 Est
1377 2395 1468 2460 enim
1495 2394 1583 2461 mul-

257 2510 369 2568 torum
391 2501 524 2567 indoles
545 2525 659 2569 rerum
681 2506 846 2570 mirarum
861 2526 901 2568 ae
915 2509 1190 2592 portentosarum
1206 2509 1369 2590 appetens
1381 2522 1579 2590 atnransque.

257 2613 300 2673 lle
318 2615 423 2673 morte
440 2609 716 2698 loannisaliques
731 2610 905 2675 dubitasse
924 2615 1042 2675 narrat
1059 2608 1257 2674 Ambrosius
1269 2607 1317 2694 (in
1329 2612 1377 2673 rs.
1400 2614 1461 2674 118
1476 2629 1580 2674 serm.

258 2720 298 2778 20
321 2738 354 2780 n.
385 2722 445 2793 l·2;
467 2718 512 2780 ll.
539 2720 714 2802 l5‚1t87);
737 2716 822 2782 alies
841 2738 990 2781 asserere
1011 2737 1089 2781 eum
1109 2717 1220 2781 vivere
1240 2717 1323 2781 etin
1345 2716 1502 2804 sepulcro
1520 2737 1580 2781 suo

256 2822 348 2910 apud
367 2823 534 2910 Ephesum
550 2822 701 2889 dormire
716 2830 749 2888 et
762 2823 835 2888 eius
848 2822 1005 2889 anhelitu
1022 2829 1147 2888 terram
1160 2822 1283 2887 sensim
1297 2829 1425 2888 scatere
1436 2827 1469 2886 et
1481 2823 1578 2909 quasi

257 2929 402 2994 ebullire
416 2935 507 3014 Arm.
525 2929 640 3010 relert3
656 2930 845 2995 secundum
861 2929 957 3010 alios
978 2937 1013 2995 ut
1029 2928 1173 3017 l'lreoplt.
1189 2929 1317 3006 scribit,
1338 2928 1433 2994 vivus
1448 2929 1579 3014 ingrcs-

257 3058 311 3101 sus
332 3042 380 3100 est
408 3037 442 3099 in
466 3037 659 3123 sepulerum
682 3045 715 3103 et
735 3036 860 3102 deinde
882 3037 1082 3116 translatus
1101 3036 1187 3101 sieut
1214 3036 1349 3101 lienoeh
1370 3043 1403 3100 et
1423 3036 1528 3111 ntiae,
1548 3043 1580 3101 et

259 3144 394 3208 tandem
416 3143 591 3209 occidetur
612 3144 656 3209 ab
674 3144 872 3209 antichristo
894 3166 970 3209 cum
989 3143 1059 3209 Elia
1077 3143 1273 3231 praedicans
1298 3144 1478 3209 Christum.
1499 3146 1584 3207 lan-

258 3250 337 3314 dem
359 3248 565 3336 h'icepherus
580 3250 626 3314 ita
647 3250 752 3315 verba
769 3252 1038 3337 interpretatur:
1058 3279 1072 3308 «
1094 3272 1160 3314 non
1179 3249 1261 3314 dixit
1284 3251 1330 3327 ei,
1350 3248 1476 3336 inquit,
1495 3253 1582 3314 lesus

257 3356 349 3444 quod
383 3358 568 3421 moriturus
594 3378 660 3421 non
688 3358 745 3425 sit:
774 3358 961 3422 moriturus
983 3365 1032 3421 est
1053 3358 1144 3421 enim
1179 3380 1217 3421 eo
1240 3379 1308 3445 quo
1345 3355 1581 3422 miseratrix

260 3461 377 3542 modu;
396 3463 573 3527 eonlestim
588 3485 666 3529 vero
683 3463 859 3528 reviviscet
874 3486 913 3528 ac
928 3469 1084 3548 resurget
1099 3462 1354 3551 incorruptibili
1365 3463 1581 3528 seilicelcor-

258 3592 340 3657 pere
360 3567 504 3634 alterum
524 3570 676 3654 magistri
693 3577 945 3658 exspectaturus
964 3570 1148 3635 adventum
1167 3600 1181 3628 υ
1198 3571 1292 3656 (ecel.
1314 3569 1391 3635 hist.
1415 3575 1507 3649 l‚35;
1526 3570 1578 3635 M.

261 3681 427 3757 resarta)¹

302 3783 518 3847 'l'estimeniis
533 3791 683 3849 veterum
705 3783 865 3849 asseritur
882 3789 1043 3848 loannem
1061 3791 1219 3869 rugatum
1235 3806 1254 3849 a
1272 3782 1499 3849 familiaribus
1512 3783 1581 3849 suis

261 3890 312 3954 vel
330 3890 373 3954 ab
391 3891 486 3955 ‚lsiae
502 3890 671 3979 episeopis
687 3889 904 3975 evangelium
925 3912 1024 3954 suum
1046 3891 1216 3977 scripsisse
1240 3889 1249 3976 l
1275 3891 1295 3955 l.
1323 3890 1474 3955 Clemens
1489 3888 1577 3956 aler.

259 3997 350 4085 aprul
380 3998 498 4063 Euseb.
526 3998 559 4063 h.
582 4020 609 4062 e.
630 4001 727 4073 c,1t;
754 3999 800 4061 ll.
830 4003 971 4076 susam
995 3996 1239 4083 Hieronymus,
1258 3996 1300 4061 de
1316 3997 1378 4062 vir.
1405 3995 1454 4061 ill.
1470 4002 1512 4072 .9;
1533 3998 1579 4064 Μ.

260 4109 396 4178 ‘raama
420 4106 470 4169 rel
496 4105 586 4170 utin
611 4105 804 4190 fragmento
832 4106 1065 4170 uiuratoriune
1085 4104 1233 4169 dieitur:
1260 4104 1581 4189 recognoscentibus

260 4211 388 4277 eunetis
401 4235 461 4275 suo
480 4212 616 4277 uomiue
629 4211 848 4300 descripsisse
867 4213 920 4293 (el.
942 4211 1099 4299 (bruell),
1122 4211 1248 4276 lntrod,
1268 4215 1318 4289 ut,
1336 4217 1366 4276 Ξ.
1383 4211 1435 4276 ed.
1457 4235 1489 4299 p.
1505 4214 1582 4276 218.

261 4326 351 4383 22⁰.
379 4320 481 4382 lluius
504 4321 549 4383 rei
577 4319 742 4384 indicium
767 4318 868 4384 etiam
895 4319 1047 4383 cernitur
1070 4321 1104 4384 in
1130 4342 1159 4381 v.
1184 4324 1223 4382 Ξῖ
1251 4318 1305 4382 lu'c
1325 4331 1373 4381 est
1399 4316 1587 4406 discipulus

263 4427 320 4487 ille
343 4427 403 4514 qui
429 4426 660 4491 touiurum'um
680 4425 836 4515 perbibet
861 4425 901 4490 de
919 4425 971 4488 liis
988 4439 1019 4487 rt
1044 4427 1178 4514 scripsit
1208 4425 1288 4489 liure
1306 4439 1337 4488 a!
1354 4425 1479 4489 salinus
1499 4424 1583 4512 quie

263 4555 375 4596 rmum
399 4546 445 4596 rs!
465 4532 695 4598 testimouium
720 4532 813 4615 rium
834 4531 924 4597 trude
951 4533 1063 4598 subito
1093 4533 1179 4597 illud
1203 4532 1351 4597 scimus?
1379 4554 1456 4596 uam
1487 4532 1585 4597 lectio

263 4641 326 4704 εέἒι
345 4652 395 4719 μὲν
413 4661 514 4727 <param
535 4637 682 4727 Tltroph.
698 4640 792 4728 sequi
812 4639 945 4704 videtur
961 4646 1009 4704 est
1024 4639 1125 4728 plane
1142 4640 1360 4726 negligenda.
1381 4638 1585 4705 Corrcborat

261 4768 359 4809 suum
377 4745 606 4812 testimouium
628 4748 729 4813 etiam
754 4746 894 4813 scientia
925 4747 1071 4812 aliorum
1088 4746 1330 4836 discipulorum
1355 4766 1361 4810 :
1386 4768 1451 4811 non
1474 4746 1581 4812 selum
