4116 5648
124 344 128 469 Ι
164 384 169 413 ;

125 476 128 541 t

855 365 938 412 roan.
962 350 1023 420 l,9.

278 502 372 572 modi
395 501 454 568 lux
476 526 594 593 perse
616 499 816 571 illuminans
837 497 1036 578 exsistebat;
1061 496 1220 566 laevem
1242 504 1292 565 cst
1312 495 1385 563 scil.
1410 497 1600 567 subiectum
1661 484 1664 491 ¹
1750 481 1776 575 ²²}

276 609 545 697 grammaticale.
567 616 608 678 Et
626 627 728 700 quam
749 608 888 697 proprie
908 606 940 673 ei
958 607 1138 672 conveniat
1153 627 1280 672 nomen
1295 625 1413 684 verae,
1432 607 1603 689 genuinae
1720 618 1724 626 '
1769 598 1776 617 ²

277 713 362 782 lucis
375 718 566 785 ostenditur
579 739 619 784 ex
631 716 701 782 eius
713 711 867 782 efficacia
879 735 886 781 :
900 733 991 800 quae
1011 711 1188 778 illuminat
1207 733 1341 778 omnem
1361 710 1533 777 bominem
1554 733 1606 774 ce-

275 819 424 888 nicntcm
436 824 473 891 in
485 823 602 912 (hunc)
613 817 801 907 mundum
813 822 858 888 cl.
871 842 903 883 v.
919 823 937 882 t
951 817 1007 884 lux
1021 817 1210 884 hominum.
1225 817 1454 902 Intelligenda
1468 816 1605 884 estillu-
1677 861 1678 866 κ
1726 796 1728 800 ’

277 929 393 996 stratio
402 925 671 1020 supernaturalis
686 929 908 1015 pergratiam
923 923 1046 1012 (Chen),
1061 923 1109 989 uti
1125 923 1193 988 iam
1207 944 1246 988 ex
1261 943 1291 986 v.
1307 927 1325 987 t
1341 926 1561 1011 consequitur
1573 928 1605 989 et

278 1032 379 1102 etiam
396 1037 552 1127 plerique
566 1040 764 1120 agnoscunt.
781 1037 864 1099 Nam
881 1030 1002 1098 lumen
1022 1027 1177 1096 naturale
1197 1027 1403 1115 cognitionis
1423 1028 1529 1117 (quod
1548 1029 1605 1095 hic

277 1140 385 1231 aliqui
410 1143 598 1234 explicant,
621 1139 765 1231 Theopla.
791 1137 864 1206 Coi.
888 1136 1003 1225 Sella.)
1025 1136 1173 1224 pertinet
1188 1134 1231 1201 ad
1251 1156 1291 1201 ee
1310 1157 1399 1224 quae
1415 1136 1604 1202 necessario

257 1295 259 1300 .
276 1246 386 1339 ipsam
398 1249 602 1320 creationem
616 1249 888 1336 consequuntur;
902 1265 1009 1334 quare
1022 1243 1124 1308 etiam
1141 1263 1209 1308 non
1225 1262 1302 1308 cum
1318 1241 1394 1307 aliis
1405 1242 1503 1330 (Cpr.
1518 1240 1600 1309 Bed.

279 1354 394 1423 Titum.
408 1352 508 1441 Not.)
524 1358 724 1444 utrumque,
739 1352 896 1420 naturale
911 1351 1041 1418 donum
1057 1371 1097 1416 ac
1111 1347 1388 1438 supernaturale,
1406 1348 1603 1436 intelligen-

277 1462 360 1529 dum
373 1468 432 1529 est.
449 1459 612 1527 Veniebat
626 1460 711 1528 haec
723 1460 795 1538 lux,
812 1465 850 1526 ut
864 1461 954 1548 Aup.
973 1458 1036 1537 ait,
1054 1456 1098 1522 ad
1114 1460 1243 1523 mentes
1258 1454 1425 1536 infirmas,
1443 1455 1486 1521 ad
1500 1455 1604 1522 corda

248 1643 253 1654 ,
276 1566 408 1650 saucia,
425 1565 470 1633 ad
488 1566 597 1634 aciem
615 1568 749 1634 animae
768 1565 963 1655 lippientis;
988 1571 1021 1629 et
1048 1567 1134 1653 Rop.
1157 1584 1231 1629 eam
1251 1560 1335 1627 dicit
1355 1561 1503 1648 intelligi
1523 1560 1604 1627 illu·

277 1675 477 1741 strationem
497 1695 602 1762 quam
618 1672 656 1740 in
673 1672 779 1740 Adam
801 1694 923 1739 omnes
940 1671 1184 1760 perdiderunt,
1202 1696 1218 1729 «
1235 1668 1386 1758 quadam
1401 1667 1495 1736 enim
1510 1668 1602 1750 luce,

276 1779 349 1848 scil.
366 1779 442 1847 luce
456 1779 597 1846 rationis
608 1802 713 1869 quam
725 1777 856 1845 habent
871 1801 911 1844 ex
923 1801 964 1844 eo
977 1778 1070 1866 quod
1083 1777 1127 1843 ad
1140 1776 1326 1863 imaginem
1343 1775 1399 1842 Dei
1415 1775 1497 1843 lacti
1508 1782 1602 1856 sunt,
1708 1805 1719 1812 -

277 1908 397 1955 omnes
407 1886 563 1954 homines
573 1884 760 1953 illuminati
774 1879 935 1966 veniunt,
951 1884 1102 1974 quadam
1114 1888 1228 1951 autem
1242 1883 1469 1949 illustratione
1481 1881 1605 1972 privati
1708 1931 1710 1935 v
1752 1879 1776 1999 3'

276 1999 465 2061 nascuntur
476 1993 513 2060 in
526 1993 618 2060 hunc
633 1992 799 2058 mundum
818 2015 853 2074 »3
874 1991 917 2057 de
929 2014 998 2081 qua
1014 1991 1242 2056 illustratione
1256 2010 1317 2077 per
1332 1989 1480 2075 gratiam
1498 1987 1607 2076 expli-

278 2105 358 2185 cant
374 2101 451 2169 cnr.
469 2104 554 2168 Bon.
572 2103 651 2166 Bar.
667 2099 776 2166 Salen.
798 2097 868 2164 Tol.
888 2101 972 2188 Lep.
992 2095 1123 2181 Malo,
1141 2097 1184 2163 cl.
1206 2101 1317 2166 1837.

323 2207 527 2276 Enuntiatur
540 2206 656 2296 itaque
671 2207 843 2272 neminem
863 2228 886 2272 a
902 2206 1016 2291 gratia
1035 2203 1186 2285 excludi,
1202 2201 1363 2270 omnibus
1381 2203 1492 2268 lucem
1508 2203 1603 2268 illam

277 2336 409 2396 veram,
426 2335 514 2403 quae
534 2317 584 2380 est
601 2314 658 2379 lux
674 2313 855 2379 hominum
875 2335 906 2378 v.
931 2317 962 2391 t,
989 2310 1105 2378 offerri
1123 2332 1235 2400 neque
1256 2331 1408 2398 unquam
1429 2308 1542 2375 lucem
1563 2308 1605 2374 il·

278 2422 347 2489 lam
362 2418 557 2487 hominibus
571 2418 716 2486 defuisse
734 2441 742 2484 :
765 2419 823 2485 lux
843 2419 880 2484 in
899 2417 1052 2483 tenebris
1067 2416 1168 2482 lucet.
1193 2420 1234 2481 nt
1248 2436 1317 2480 non
1338 2435 1459 2480 omnes
1475 2414 1604 2480 illumi-

278 2530 420 2596 nanturl
442 2525 561 2615 utique
581 2525 719 2593 ellectus
737 2530 827 2591 totus
846 2530 880 2590 et
899 2523 1034 2609 integer
1056 2545 1126 2589 non
1148 2543 1283 2610 semper
1299 2519 1463 2603 habetur;
1481 2527 1514 2586 at
1530 2523 1605 2610 quis

278 2656 405 2722 negare
416 2632 559 2701 audebit
573 2637 678 2699 Deum
690 2654 807 2699 revera
819 2633 951 2697 animos
966 2629 1120 2696 omnium
1136 2627 1247 2717 gratia
1259 2649 1319 2695 sua
1334 2635 1477 2714 tangere
1492 2649 1604 2716 neque

280 2741 386 2809 semel
402 2748 550 2822 tantum,
571 2761 689 2807 verum
710 2738 847 2828 saepius
869 2738 923 2803 vel
945 2744 1072 2803 remote
1093 2742 1126 2803 et
1145 2735 1310 2801 indirecte
1330 2734 1383 2800 vel
1402 2734 1554 2823 proxime
1574 2739 1607 2800 et

200 2869 202 2873 ’
281 2846 429 2915 directe?
442 2849 561 2936 ltaque
580 2868 619 2912 ex
635 2867 697 2912 sua
708 2851 808 2934 parte
829 2866 947 2911 revcra
969 2842 1144 2910 illuminat
1157 2843 1231 2909 luce
1246 2844 1385 2927 gratiae
1403 2841 1533 2929 (Che),
1551 2840 1608 2905 lux

280 2959 430 3043 exparte
448 2974 511 3020 sua
529 2952 615 3018 nulli
636 2951 730 3017 deest
755 2950 922 3039 (Thone),
948 2950 983 3016 id
1005 2949 1095 3014 enim
1114 2950 1182 3014 iam
1205 2949 1427 3036 consequitur
1451 2970 1491 3013 eo
1516 2946 1609 3036 quod

283 3065 367 3128 Deus
378 3080 496 3126 omnes
514 3057 669 3126 homines
690 3057 761 3123 vult
779 3056 891 3123 salvos
913 3056 998 3122 sieri.
1019 3060 1125 3121 Homo
1141 3056 1260 3142 utique
1284 3060 1391 3144 potest
1406 3076 1439 3121 se
1455 3059 1608 3120 avertere

282 3189 303 3234 a
317 3168 393 3233 luce
403 3163 635 3246 illuminante,
652 3163 701 3229 illi
714 3185 888 3253 opponere
902 3162 1062 3229 tenebras
1076 3167 1296 3251 peccatorum
1312 3161 1403 3227 etita
1414 3183 1475 3250 pro
1488 3182 1523 3227 se
1535 3159 1608 3225 eius

282 3272 469 3341 ellicaciam
492 3270 624 3338 tollere.
648 3270 736 3337 lllud
756 3277 919 3358 ἐρχὲμενον
946 3267 1069 3335 Theod.
1092 3271 1138 3334 M.
1163 3267 1278 3334 retulit
1299 3267 1343 3333 ad
1362 3279 1394 3335 τὸ
1410 3278 1486 3354 φῶς,
1504 3285 1605 3356 quam

283 3377 556 3446 coniunctionem
572 3376 675 3444 etiam
691 3375 759 3442 Tol.
779 3376 886 3444 Calvia.
905 3376 1104 3466 praeierunt
1116 3381 1149 3440 et
1170 3373 1277 3442 Weiss
1293 3373 1368 3464 (qui
1384 3374 1530 3462 explieat
1546 3394 1554 3439 :
1571 3373 1608 3437 in

283 3508 328 3552 eo
339 3491 459 3552 eratut
474 3483 634 3573 veniret);
648 3505 725 3550 eam
740 3489 1011 3550 commemorant
1025 3484 1116 3570 Arcp.
1134 3481 1190 3570 (de
1207 3489 1336 3572 peccat.
1356 3502 1440 3546 mer.
1457 3478 1607 3567 1,25,38)

207 3674 213 3686 ι
283 3590 392 3658 Sclm.
410 3594 490 3659 Bar.
515 3589 621 3658 Macci.
644 3593 729 3679 Lep.
748 3593 828 3656 Nat.
847 3595 913 3656 etc.
935 3611 1046 3678 neque
1069 3595 1182 3655 tamen
1200 3587 1394 3677 approbant
1414 3593 1516 3675 atque
1536 3606 1609 3651 me-

285 3698 351 3765 rito
365 3704 483 3765 contra
507 3719 583 3764 eam
602 3698 669 3764 iam
689 3698 821 3784 excepit
844 3698 924 3783 Cpr.
950 3696 1142 3762 necessario
1169 3695 1280 3784 ipsum
1307 3700 1467 3760 loannem
1489 3712 1609 3759 verum

285 3826 454 3895 exponere
467 3810 500 3870 et
512 3826 650 3871 suorum
670 3802 853 3868 verborum
877 3804 944 3867 vim
959 3808 993 3867 et
1007 3824 1144 3869 sensum
1162 3801 1404 3891 interpretari,
1423 3800 1505 3888 quin
1518 3797 1610 3865 illico

286 3912 328 3979 de
343 3911 417 3978 luce
440 3909 566 3977 subdat
589 3929 597 3975 t
624 3911 658 3976 in
680 3910 809 3976 mundo
830 3915 919 3988 erat,
945 3916 982 3974 ut
1002 3907 1088 3974 illud
1110 3915 1272 3995 ὲρχὲμενιν
1293 3906 1473 3992 intelligas
1487 3905 1531 3971 de
1550 3905 1611 3970 bo·

287 4019 390 4085 mine.
406 4021 512 4094 Quam
525 4018 767 4083 connexionem
783 4021 816 4081 et
831 4014 1003 4081 versiones
1016 4021 1049 4081 et
1065 4015 1221 4103 plerique
1237 4013 1437 4101 interpretes
1451 4011 1608 4077 retinent.

286 4129 413 4191 Etcum
428 4123 464 4190 in
476 4146 508 4188 v.
526 4129 546 4188 9
567 4125 676 4208 magis
688 4123 876 4212 explicetur
891 4123 925 4189 id
946 4121 1039 4209 quod
1055 4121 1089 4186 in
1106 4145 1138 4185 v.
1158 4128 1188 4187 t.
1207 4129 1226 4187 5
1243 4118 1372 4185 dictum
1392 4126 1460 4199 est,
1483 4117 1611 4183 iunctio

286 4232 369 4299 illa:
388 4238 461 4298 erat
474 4231 530 4296 lux
551 4230 702 4311 veniens,
721 4229 774 4296 vel
790 4231 826 4294 in
844 4251 884 4294 eo
900 4235 938 4295 ut
952 4230 1101 4306 veniret,
1122 4227 1323 4315 neutiquam
1334 4225 1472 4292 admitti
1489 4229 1607 4314 potest.

287 4337 395 4406 Dictio
420 4337 558 4426 quidem
581 4334 717 4402 videtur
740 4335 937 4415 abundans,
964 4335 992 4400 si
1013 4335 1057 4400 ad
1081 4334 1256 4400 hominem
1279 4333 1436 4399 refertur.
1454 4335 1610 4396 Attamen

288 4446 374 4511 haec
392 4442 490 4531 copia
505 4441 608 4510 babet
623 4441 753 4528 aliquid
768 4442 1008 4510 sollemnitatis
1021 4450 1055 4508 ct
1073 4441 1267 4527 gravitatis,
1290 4439 1370 4528 quia
1392 4459 1529 4504 omnem
1550 4438 1610 4503 ho·

290 4552 416 4618 minem
432 4548 492 4638 qui
506 4554 664 4616 nascatur
679 4546 910 4616 illuminatum
926 4549 968 4614 iri
984 4549 1141 4615 edicitur.
1159 4553 1227 4613 lam
1244 4544 1351 4612 rtlald.
1366 4551 1480 4610 monet
1495 4545 1536 4610 de
1552 4543 1610 4609 illo

290 4655 469 4724 rabbinico
490 4642 585 4723 ubist:
602 4672 657 4719 xrs
674 4655 789 4721 venire
812 4656 848 4724 in
868 4655 1037 4722 mundum
1063 4655 1085 4722 i.
1113 4679 1143 4722 c.
1170 4653 1278 4732 nasci;
1303 4651 1395 4717 venit
1417 4651 1499 4740 quia
1521 4656 1611 4716 totus

290 4764 393 4830 homo
412 4767 555 4853 apparet
573 4762 637 4843 ibi,
656 4762 715 4830 ubi
735 4784 804 4827 non
826 4770 915 4840 erat,
938 4770 1122 4849 aritequam
1140 4766 1337 4828 nasceretur
1357 4759 1483 4845 (Βαι·.);
1501 4756 1608 4834 venit,
