4116 5648
770 371 854 419 roan.
879 357 979 428 mat.
1479 354 1537 415 485
1597 385 1599 389 Α
1683 321 1688 354 ³

214 506 265 573 nd
289 513 400 574 totum
433 523 624 575 sermonem
651 512 728 594 post
754 507 894 576 odonam
928 505 1079 574 referunt
1105 507 1183 594 Cyr.
1209 507 1299 595 Αιιφ.
1336 502 1537 592 (sermonem

213 631 377 701 magnum
410 612 649 699 prolixumque
680 614 865 704 concludit)
900 610 973 679 Coi.
1003 615 1095 679 lons.
1130 609 1198 677 Tol.
1233 615 1312 677 fior.
1345 612 1440 677 Puer.
1472 611 1538 677 Fil.

212 718 480 810 (13,31-1o‚32);
502 717 546 785 ad
561 738 754 787 sermonem
773 728 849 803 1t,1
871 740 941 806 seq.
961 717 1131 803 Corl.;ad
1153 737 1346 784 sermonem
1371 724 1444 799 15,1
1467 737 1537 803 seq.

211 822 312 892 Schz.
322 842 336 904 ;
352 823 397 890 ad
418 825 531 892 solum
546 845 578 890 v.
597 830 640 890 32
653 825 782 915 Schq.;
796 827 841 893 ad
855 847 896 893 eu
914 847 1001 913 quae
1020 824 1174 892 Christus
1193 821 1235 888 de
1255 845 1290 888 se
1310 829 1344 889 et
1363 822 1406 889 de
1426 825 1540 889 lutura

212 927 334 996 muudi
358 931 396 998 in
419 929 589 1019 apostolos
615 931 849 1022 persecutione
882 929 1030 1013 dixerat,
1055 930 1268 1020 potissimum
1299 930 1403 994 refert
1431 927 1538 995 rtlold.

211 1034 263 1102 nd
281 1057 384 1124 quem
405 1036 507 1102 finem
529 1056 568 1104 ea
591 1037 748 1104 docuerit
771 1039 923 1106 Christus
945 1037 1028 1104 utile
1052 1042 1101 1102 est
1126 1037 1228 1113 scire,
1245 1056 1324 1101 nam
1349 1036 1398 1101 ita
1414 1035 1542 1100 indicat

211 1140 288 1230 quis
314 1143 445 1210 fructus
467 1163 587 1210 revera
609 1144 644 1209 iu
671 1141 828 1212 doctrina
853 1143 1071 1210 contineatur
1089 1149 1123 1208 et
1142 1162 1281 1231 quema
1311 1142 1383 1207 suis
1411 1141 1541 1229 percipi

212 1247 307 1316 velit.
328 1253 454 1315 Verum
474 1253 524 1315 est
548 1249 640 1315 enim
659 1249 755 1338 quod
777 1255 875 1318 notat
897 1247 1005 1317 Mald.
1027 1271 1091 1316 nos
1111 1270 1211 1338 saepe
1233 1270 1271 1314 ex
1297 1247 1355 1314 Dei
1385 1246 1541 1313 admoui·

189 1353 363 1435 tionibus
388 1353 459 1421 sive
486 1354 600 1421 verbis
625 1355 695 1422 sive
723 1356 825 1423 rebus
853 1355 1019 1423 adhibitis
1043 1354 1211 1422 minorem
1240 1376 1344 1444 quam
1369 1374 1542 1442 possemus
1635 1378 1640 1387 ¹

212 1458 484 1550 deberemusque
498 1462 647 1527 fructum
663 1463 860 1553 percipere,
878 1463 959 1552 quia
973 1461 1172 1549 ignoremus
1187 1482 1289 1550 quem
1305 1460 1340 1527 in
1356 1460 1458 1526 finem
1478 1459 1540 1526 ad-

211 1565 408 1634 hiheantur.

256 1677 302 1740 ux
322 1672 416 1740 hisce
440 1672 600 1740 omnibus
623 1673 714 1741 hanc
737 1674 786 1742 eis
804 1675 893 1742 vitae
912 1681 1075 1742 tesseram
1101 1672 1334 1754 commendat3
1355 1672 1393 1738 in
1412 1670 1540 1738 arundo

205 1800 405 1870 pressurum
420 1778 603 1864 babebitis,
621 1790 724 1868 ἔχετε,
740 1779 803 1849 sed
817 1779 997 1872 confidite,
1018 1804 1080 1871 eqo
1105 1780 1174 1846 vici
1189 1778 1376 1865 larundam
1388 1787 1539 1867 θαρσεῖτε,

211 1886 307 1968 forti,
326 1884 467 1965 audaci,
495 1908 616 1953 securo
641 1885 713 1954 sitis
738 1887 873 1970 anim03
896 1887 1012 1955 dicens
1038 1911 1045 1957 :
1068 1910 1132 1975 ego
1152 1887 1234 1970 vici,
1252 1885 1384 1976 duplici
1405 1887 1541 1952 nomine

211 2013 270 2059 eos
287 1993 474 2074 confortat;
492 2015 573 2060 nam
592 1991 686 2061 bona
704 2015 780 2084 spes
802 2001 853 2062 est
870 2000 1079 2085 prostratum
1096 2001 1129 2061 et
1145 1993 1316 2061 devictum
1334 1994 1463 2059 hostem
1485 1992 1543 2059 de-

211 2120 280 2165 nuo
302 2121 401 2188 posse
421 2098 519 2166 facile
540 2100 697 2189 superari
721 2123 908 2191 -parum
936 2101 1034 2168 vobis
1056 2105 1209 2189 superest
1231 2099 1357 2166 laboris
1379 2120 1386 2167 :
1416 2099 1541 2164 rictum

211 2200 364 2290 vincere,
381 2203 515 2294 lapsum
533 2227 696 2295 superare
716 2244 761 2256 —
780 2208 930 2275 Christus
942 2229 1018 2273 cum
1043 2209 1086 2273 sit
1105 2228 1244 2274 suorum
1262 2212 1364 2295 caput
1378 2227 1458 2271 suae
1473 2205 1542 2270 ric-

211 2309 319 2376 toriae
332 2310 488 2401 exemplo
503 2303 632 2401 suoque
648 2311 773 2381 auxilio
799 2335 878 2380 suos
890 2314 1011 2381 reddet
1030 2313 1311 2395 confidentiores;
1329 2342 1344 2371 «
1364 2335 1429 2377 non
1450 2312 1541 2377 enim

212 2415 349 2484 vicisset
373 2416 432 2491 ille
459 2418 647 2502 mundum,
677 2419 706 2486 si
735 2420 808 2488 eius
838 2421 994 2488 membra
1018 2421 1168 2488 vinceret
1191 2419 1337 2485 mundus
1361 2446 1376 2477 u
1407 2418 1539 2506 (stup).

215 2522 322 2589 Vincit
347 2525 418 2614 ipse
443 2525 628 2607 mundum,
654 2525 737 2593 dum
766 2526 957 2617 principem
984 2527 1106 2594 mundi
1133 2526 1238 2592 vincit
1266 2525 1397 2613 (12‚31;
1428 2531 1538 2603 tuso.

212 2629 280 2696 Col.
299 2631 406 2720 215).
425 2632 584 2700 Mundum
611 2633 762 2722 appellat
787 2638 894 2699 totum
911 2633 944 2699 id
964 2632 1057 2722 quod
1076 2633 1135 2699 Dei
1155 2631 1321 2698 voluntati
1342 2631 1539 2720 opponitur,

212 2735 305 2825 quod
329 2737 505 2804 hominem
531 2760 552 2804 a
574 2743 640 2805 Deo
661 2744 813 2806 avertere
835 2744 961 2820 tentat,
984 2740 1056 2806 sive
1083 2740 1285 2806 tentationes
1308 2743 1342 2803 et
1361 2736 1541 2803 illecebrae

212 2842 443 2933 voluptatum,
468 2844 646 2935 superbia,
666 2845 905 2913 insectationes
928 2845 1108 2913 hominum
1129 2844 1182 2912 vel
1202 2844 1407 2911 daemonum
1425 2843 1541 2932 -qui

211 2949 248 3015 in
263 2950 395 3017 Christo
418 2973 480 3039 per
507 2952 654 3038 gratiam
674 2958 806 3036 manet,
826 2951 879 3019 bis
902 2953 1062 3020 omnibus
1080 2951 1233 3041 superior
1246 2950 1322 3017 erit.
1342 2952 1459 3017 Unde:
1479 2956 1543 3016 beo

212 3062 326 3123 autem
345 3058 475 3144 gratias
489 3059 548 3147 qui
562 3057 659 3125 dedit
676 3059 778 3126 nohis
796 3058 974 3127 victoria-m
993 3081 1057 3148 per
1073 3058 1250 3125 Dominum
1261 3065 1412 3124 nostrum
1436 3062 1542 3123 lesum

214 3163 385 3230 Christum
404 3165 436 3252 (1
461 3167 535 3231 Cor.
569 3167 683 3254 15‚57)
717 3171 750 3231 et
774 3167 899 3233 vicistis
920 3187 1000 3232 eum
1016 3165 1232 3254 (mundum),
1250 3165 1413 3253 quoniam
1434 3165 1543 3228 maior

214 3273 264 3337 est
282 3271 342 3358 qui
366 3269 402 3336 in
422 3270 516 3336 vobis
538 3278 612 3351 est,
634 3293 739 3361 quam
756 3272 816 3362 qui
829 3271 867 3338 in
885 3273 1014 3339 mundo
1032 3271 1064 3360 (1
1089 3277 1180 3338 loon.
1198 3273 1284 3359 ut),
1305 3270 1388 3336 haec
1408 3278 1455 3336 est
1472 3271 1540 3334 vic-

212 3376 299 3442 toria
320 3397 409 3465 quae
428 3376 535 3443 vincit
556 3377 741 3462 mundum,
758 3377 843 3446 fides
857 3385 974 3445 nostra
989 3381 1018 3465 (1
1042 3384 1134 3445 ioan.
1156 3379 1227 3465 at)
1253 3384 1287 3443 et
1310 3376 1374 3467 ipsi
1391 3376 1542 3442 vicerunt

212 3503 291 3548 eum
312 3482 517 3570 (diabolum)
537 3490 680 3574 propter
699 3484 905 3573 sanguinem
924 3486 1014 3572 Agni
1032 3485 1149 3575 (Apoc.
1177 3491 1294 3566 12,11;
1312 3482 1386 3549 Mol
1396 3483 1445 3564 t).
1464 3486 1542 3549 Om-

212 3586 313 3654 nibus
331 3588 608 3658 inlestationibus
621 3591 735 3677 gratia
755 3591 881 3658 Christi
895 3592 1061 3682 superatis
1077 3592 1157 3659 socii
1170 3591 1275 3671 eritis,
1293 3591 1343 3656 uti
1360 3590 1539 3667 victoriae,

213 3695 261 3762 ita
281 3705 454 3763 consortes
481 3697 598 3783 regni,
625 3698 808 3788 participes
836 3698 969 3787 gloriae
994 3698 1125 3788 (unp).
1150 3703 1255 3776 Quam
1275 3698 1464 3785 gloriosum
1494 3705 1542 3763 est

213 3823 372 3889 regnum,
390 3804 425 3868 in
441 3824 511 3892 quo
526 3825 605 3870 cum
618 3804 750 3872 Christo
768 3804 887 3872 vivunt
902 3827 1020 3873 omnes
1033 3805 1089 3872 isti
1104 3807 1258 3887 victores,
1277 3806 1337 3895 qui
1350 3824 1540 3894 pressuram

214 3907 389 3975 habebant
408 3909 444 3976 in
464 3908 609 3992 mundo,
631 3910 691 3977 sed
706 3911 766 4000 qui
780 3911 861 3978 forti
876 3910 992 3978 animo
1006 3911 1209 4003 uspicientes
1227 3913 1263 3979 in
1274 3918 1447 3979 auctorem
1463 3909 1542 3976 fidei

214 4020 248 4081 ct
270 4024 577 4084 consummatorem
593 4021 701 4084 lesum
716 4016 830 4106 (Hebr.
847 4020 1030 4109 12,2)cum
1045 4020 1118 4108 ipso
1132 4019 1308 4086 victoriam
1324 4025 1542 4107 reportarunt

214 4143 255 4188 ea
274 4121 341 4188 fide
356 4125 499 4190 animati
515 4145 522 4191 :
541 4144 606 4210 ego
621 4125 686 4189 vici
701 4123 886 4192 mundum!

474 4400 499 4467 t)
519 4403 675 4455 christus
694 4403 849 4468 pontifex
868 4406 945 4457 orat
965 4418 1026 4471 pro
1046 4404 1120 4458 suls
1141 4405 1284 4470 izi-26.

255 4607 325 4667 lm.
344 4608 542 4659 Haeclocutus
555 4611 599 4659 cst
613 4608 706 4671 Iesus3
721 4613 750 4661 et
764 4611 854 4662 suble·
945 4612 987 4676 17,
1011 4613 1034 4663 l.
1055 4611 1141 4664 Ταῦτα
1161 4606 1282 4673 ἐλάλησεν
1305 4606 1414 4672 Ἰησοῦς.
1430 4607 1471 4657 καὶ
1487 4606 1542 4658 ἐπά-

216 4696 289 4746 vatis
303 4697 393 4746 oculis
406 4699 435 4746 tn
450 4698 574 4759 coelum,
590 4698 660 4749 dixit
676 4712 682 4747 :
700 4699 792 4761 Pater,
810 4714 855 4752 ve·
907 4716 948 4767 ρας
967 4699 1022 4759 τοὺς
1047 4697 1187 4767 ὀφθαλμοὺς
1218 4696 1290 4749 αὑτοῦ
1322 4694 1354 4756 εἰς
1380 4696 1421 4746 :tv
1440 4694 1542 4762 otperht

218 4787 258 4835 ntt
273 4785 355 4845 hora,
375 4785 497 4836 clarifica
516 4785 605 4838 filium
623 4791 717 4848 tuum,
733 4794 765 4840 ut
781 4787 856 4841 filius
907 4784 989 4856 εἶπεν,
1011 4786 1103 4857 Πάτερ,
1124 4786 1241 4853 ἐλήλυθεν
1260 4785 1275 4850 ᾖ
1294 4787 1355 4854 ὤρι-
1377 4785 1479 4844 &tisri-e
1499 4802 1541 4836 coo
