4116 5648
137 40 260 91 fflt’tfhi
272 39 473 89 ·-‚·-.s·:'÷?11*t²—t·a³·rj:t
483 40 580 90 ‘’a.⁴..‹,'·.2
593 40 598 75 Γ
625 40 737 84 '‘ai-,2³
778 43 842 87 :rr-⁷5
919 51 921 54 ·
960 43 963 46 ’
1067 48 1077 61 -·
1095 58 1099 70 ι
1119 44 1130 67 ·-
1220 49 1224 57 ·

158 86 188 109 'W
242 95 244 98 ’
319 83 334 104 ⁸.-
355 91 392 107 ,m'
413 86 478 103 ·'r¹·
516 78 533 105 i.
564 90 567 95 ¹
706 97 708 100 ,
774 76 810 105 “5
932 84 935 88 '

137 98 296 147 'jit'1;·.'·r¹:*⁴2-'··'
310 116 340 135 ·'.·
356 118 359 122 ,
414 121 431 140 7‘.
450 109 464 126 ,η
479 106 480 109 =
502 109 509 117 a
693 119 695 124 ,
1161 98 1166 113 ι

832 378 915 424 roau.
940 365 1057 437 ild-2.
1552 362 1610 423 489

281 518 386 582 Pater
403 510 498 578 venit
512 512 612 601 bora,
630 510 780 599 clanstro
799 513 928 582 Filium
947 525 1056 599 tuum,
1081 529 1119 582 ut
1144 514 1252 582 Filius
1272 525 1351 580 tuus
1374 511 1538 599 clarificet
1560 527 1611 598 te,·

283 621 333 688 uti
350 639 413 686 nos
426 617 542 689 docuit
556 616 721 710 precandi
733 618 868 689 initium
885 624 997 689 faeere
1013 645 1032 687 a
1049 621 1160 689 Patris
1179 620 1292 707 gloria
1315 645 1322 689 :
1345 650 1360 681 «
1384 618 1612 687 sanctificetur

279 745 405 795 nornen
419 731 517 795 tuum
541 756 577 807 a,
595 725 643 791 ita
658 724 730 815 ipse
746 749 884 818 quoque
899 749 995 794 suam
1012 730 1183 815 efflagitat
1198 726 1363 815 gloriam,
1382 748 1451 817 qua
1464 725 1610 812 gloriam

279 829 386 898 Patris
397 835 490 923 apud
506 853 623 900 omnes
636 840 839 920 promoveat
857 836 945 924 (sim.
966 835 1073 923 Gya).
1096 835 1176 901 Eius
1194 837 1308 898 autem
1325 833 1530 919 glorificatio
1544 831 1610 897 iam

277 936 399 1027 incipit
414 939 450 1007 in
466 940 540 1030 ipsa
554 938 727 1027 passionc;
747 942 899 1008 cernitur
919 940 955 1006 in
970 963 1105 1008 summa
1122 941 1181 1005 illa
1199 944 1448 1004 tormentorum
1467 940 1613 1005 toleran-

277 1043 341 1128 tia,
357 1045 395 1114 in
409 1043 577 1137 prodigiis
592 1044 636 1111 ad
653 1044 724 1111 eius
745 1052 888 1114 mortem
906 1047 1017 1130 factis,
1039 1049 1075 1115 in
1097 1046 1311 1113 confessione
1330 1047 1556 1122 centurionis,
1573 1046 1609 1111 in

279 1151 553 1221 consternatione
571 1151 777 1235 multorum,
799 1155 834 1220 in
852 1153 981 1219 honore
1001 1155 1199 1243 sepulturae
1215 1152 1309 1240 (Luc.
1328 1152 1523 1238 23,t5-56);
1539 1174 1612 1218 cer-

279 1259 375 1329 nitur
392 1260 496 1326 etiam
521 1257 797 1346 magnificentius
816 1260 852 1325 in
875 1261 1142 1338 resurreetione,
1170 1260 1383 1335 ascensione,
1412 1258 1611 1323 insessione

278 1365 324 1434 ad
336 1366 511 1433 dexteram
530 1365 655 1444 Patris,
672 1365 715 1432 cf.
735 1389 767 1431 v.
784 1372 815 1432 5.
832 1369 917 1432 llaec
932 1368 1048 1433 omnia
1063 1365 1150 1456 petit
1162 1389 1183 1432 a
1199 1368 1313 1445 Patre,
1329 1365 1410 1454 quia
1424 1362 1609 1429 secundum

278 1471 436 1541 divinum
455 1470 500 1539 de
513 1492 617 1563 opere
632 1473 798 1540 messiano
813 1480 846 1539 et
861 1472 1098 1563 redemptione
1114 1471 1297 1539 consilium
1313 1471 1502 1537 necessaria
1518 1477 1607 1550 sunt,

278 1576 404 1669 quibus
426 1577 540 1667 gloria
561 1577 635 1660 nei,
665 1580 719 1645 cui
743 1601 806 1667 per
824 1586 964 1668 peccata
985 1579 1115 1647 iniuria
1140 1584 1214 1646 erat
1237 1577 1350 1657 illata,
1377 1584 1557 1665 reparetur
1578 1582 1611 1642 et

277 1684 370 1776 apud
384 1684 544 1752 homines
560 1684 764 1763 innotescat;
781 1711 798 1746 «
814 1688 848 1751 in
861 1686 972 1775 seipsa
987 1687 1127 1754 claritas
1141 1684 1247 1752 Patris
1261 1706 1325 1750 nec
1341 1683 1450 1749 minui
1466 1706 1527 1749 nee
1548 1705 1611 1749 au-

278 1790 355 1879 geri
377 1797 505 1882 potest;
529 1790 624 1882 apud
649 1791 804 1858 homines
823 1799 938 1860 autem
963 1793 1083 1883 procul
1102 1793 1212 1862 dubio
1233 1792 1346 1858 minor
1367 1799 1451 1869 erat,
1474 1790 1611 1879 quando

277 1897 315 1965 in
332 1898 460 1966 ludaea
478 1903 613 1965 tanturn
629 1903 716 1965 Deus
733 1904 835 1967 notus
853 1906 940 1980 erat,
958 1900 1114 1967 nondum
1132 1923 1152 1966 a
1170 1898 1253 1965 solis
1272 1906 1347 1964 ortu
1368 1895 1536 1987 usquead
1555 1919 1611 1962 oc-

277 2024 392 2072 casum
405 2003 596 2072 laudabant
609 2004 708 2095 pueri
727 2027 854 2072 nomen
870 2007 1005 2074 Domini
1025 2037 1040 2068 »
1058 2006 1198 2095 (Aug).
1221 2011 1258 2070 ln
1273 2006 1355 2092 ipsis
1373 2005 1478 2069 Patris
1491 2009 1525 2068 et
1538 2002 1611 2068 Filii

168 2166 170 2172 s
277 2109 328 2178 tui
341 2110 482 2179 vocibus
490 2112 673 2179 sollemnes
687 2113 1082 2200 exprimunturrationes
1092 2111 1339 2179 exauditionis:
1353 2116 1430 2175 orat
1442 2116 1478 2174 ut
1496 2110 1609 2189 homo,

276 2223 312 2285 at
330 2217 483 2307 loquitur
497 2224 535 2285 ut
549 2223 634 2285 Deus
653 2216 769 2306 (Tot),
791 2223 834 2286 ef.
852 2227 949 2302 7,39;
968 2225 1086 2300 12,16;
1107 2225 1223 2300 13,31.

321 2324 442 2392 Statim
453 2323 571 2392 subdit
585 2325 750 2392 rationem
764 2325 936 2416 petitionis
949 2333 982 2393 et
995 2326 1138 2393 modum
1151 2326 1283 2411 gloriae
1301 2324 1412 2403 addit,
1429 2346 1498 2413 quo
1512 2330 1611 2413 paeto

278 2434 410 2498 Patrem
426 2430 469 2498 sit
489 2429 741 2520 glorificaturus
759 2432 852 2522 (Chr.
880 2435 961 2522 Cpr.
984 2435 1075 2499 lans.
1098 2431 1189 2499 Cor-l.
1209 2430 1307 2498 Scbz.
1335 2431 1400 2495 Fif.
1427 2433 1521 2518 h'ep.)
1541 2434 1611 2494 ut

276 2538 364 2605 sicut
373 2535 502 2605 dedisti
510 2538 545 2605 ei
548 2550 755 2629 potestatem
770 2540 881 2606 omnis
895 2540 1024 2622 carnis,
1043 2542 1162 2618 καθώς,
1179 2539 1201 2604 i.
1219 2561 1248 2604 e.
1271 2544 1340 2604 Ξιὲτν.
1357 2535 1509 2623 (Barth),
1525 2557 1611 2624 quo-

278 2643 383 2723 niam,
400 2644 571 2735 siquidem
588 2646 695 2735 (lons.
713 2649 807 2713 Patr.
831 2646 919 2714 Cori.
935 2645 1034 2713 Selia.
1052 2646 1121 2712 Fil.
1142 2646 1259 2733 Kasai:
1282 2645 1414 2709 llessiae
1437 2643 1507 2708 scil.
1524 2643 1611 2709 facta

277 2755 329 2818 cst
347 2750 527 2840 promissio
543 2771 551 2818 τ
567 2751 701 2840 postula
723 2774 744 2818 a
766 2774 819 2819 me
836 2759 870 2818 et
886 2752 977 2818 dabo
997 2753 1059 2818 tibi
1081 2758 1204 2838 gentes
1224 2749 1447 2816 hereditatem
1470 2755 1562 2815 tuam
1579 2754 1612 2815 et

276 2857 523 2947 possessionem
539 2863 633 2925 tuam
653 2859 816 2925 terminos
834 2864 947 2925 terrae
967 2863 1027 2944 (Ps.
1044 2865 1118 2938 27.
1137 2865 1175 2935 83
1193 2861 1283 2935 71,8.
1303 2864 1334 2920 9.
1354 2861 1393 2921 ls.
1416 2861 1492 2936 t9,6
1512 2857 1609 2942 ete),

276 2963 320 3030 cf.
342 2964 456 3032 naath.
479 2970 598 3046 aaa&
618 2966 730 3032 omnis
750 2987 829 3032 earo
845 2966 1060 3032 hebraismus
1076 2974 1128 3032 est
1149 2964 1195 3030 ad
1215 2985 1333 3030 omnes
1352 2963 1507 3028 homines
1522 2961 1612 3028 desi·

277 3071 445 3156 gnandos.
458 3075 546 3138 llaec
560 3077 674 3139 aulem
684 3079 834 3161 potestas
846 3072 878 3138 ei
894 3073 1022 3139 tradita
1037 3078 1087 3140 est
1101 3079 1282 3159 tamquam
1300 3070 1449 3148 llessiae,
1466 3069 1608 3141 homini,

278 3175 505 3266 redemptori,
524 3190 563 3244 ut
584 3201 682 3245 omne
703 3177 798 3269 quod
816 3166 943 3246 dedisti
965 3178 998 3246 ei
1012 3177 1070 3245 det
1085 3179 1136 3244 ris
1152 3178 1259 3243 ritum
1275 3190 1466 3256 aeternam,
1485 3175 1544 3264 qui
1566 3177 1613 3241 si-

210 3283 212 3285 ’
278 3281 350 3350 mul
367 3286 416 3349 est
435 3282 558 3350 modus
581 3306 650 3375 quo
669 3290 755 3352 Deus
778 3286 1003 3372 glorificatur.
1028 3290 1074 3352 Eo
1091 3286 1186 3351 enim
1207 3282 1300 3372 quod
1319 3283 1485 3355 Christus,
1501 3303 1613 3370 quom

279 3401 352 3455 tum
371 3402 420 3456 cst
443 3412 487 3456 ec
507 3412 559 3476 se,
584 3413 625 3457 ex
647 3392 767 3457 merito
788 3393 840 3458 sui
864 3391 1038 3471 sacrificii,
1068 3415 1107 3457 ex
1136 3413 1197 3456 sua
1214 3390 1369 3455 doctrina
1394 3395 1427 3454 et
1454 3388 1612 3454 missione

276 3496 510 3585 apostolorum
529 3502 617 3564 etex
633 3497 874 3565 distributione
892 3499 1103 3584 gratiarum,
1122 3497 1284 3564 omnibus
1298 3496 1386 3560 viam
1403 3496 1514 3583 aperit
1528 3516 1612 3561 eon·

275 3601 472 3691 sequendae
492 3602 582 3670 vitae
603 3610 779 3687 aeternae,
805 3604 932 3694 etipse
960 3605 1172 3671 clarificatur
1194 3611 1227 3668 et
1251 3602 1363 3688 gloria
1389 3601 1446 3667 liei
1471 3609 1609 3667 externa

277 3730 364 3797 quae
384 3708 513 3776 dicitur
526 3710 684 3778 habetur.
702 3714 786 3776 Nam
799 3710 838 3777 in
853 3712 923 3777 vita
940 3720 1081 3778 aeterna
1098 3718 1133 3777 et
1152 3709 1267 3796 gloria
1285 3710 1463 3774 beatorum
1478 3709 1609 3795 magni-

279 3813 499 3883 ficentissime
534 3816 664 3883 relucet
697 3823 730 3884 et
763 3817 999 3885 manifestatur
1032 3819 1090 3885 Dei
1121 3816 1327 3889 liberalitas,
1359 3813 1608 3895 misericordia,

278 3921 536 4006 benevolentia,
555 3930 589 3988 et
604 3922 760 3990 maiestas
774 3923 891 3990 divina
908 3925 1056 3991 aeternis
1073 3925 1255 3990 beatorum
1277 3921 1438 3987 laudibus
1453 3928 1486 3987 ct
1508 3921 1611 3986 hono-

279 4027 374 4095 ribus
387 4028 592 4097 celebratur.
612 4035 697 4097 Deus
711 4031 802 4097 enim
821 4031 968 4118 gloriam
984 4053 1081 4097 suam
1098 4051 1206 4118 quam
1222 4029 1410 4094 necessario
1426 4029 1557 4116 appetit
1576 4028 1611 4093 in

278 4156 359 4202 suae
380 4134 540 4202 bonitatis
563 4136 834 4204 manifestatione
854 4143 888 4203 et
911 4137 1111 4215 diffusione,
1135 4137 1172 4202 in
1194 4136 1355 4201 beatitate
1375 4140 1610 4201 ereaturarum

279 4241 480 4309 collocatam
500 4241 584 4308 vult.
604 4243 752 4310 Christus
773 4243 842 4309 illis
861 4266 981 4310 revera
1001 4243 1061 4309 dut
1080 4243 1189 4308 vitam
1204 4250 1398 4320 aeternam,
1416 4240 1475 4328 qui
1491 4240 1611 4325 gratiis

279 4347 403 4415 oblatis
423 4355 664 4438 cooperantur;
686 4350 767 4417 dicit
785 4349 928 4432 dedisti,
950 4351 1032 4439 quia
1053 4358 1129 4416 orat
1155 4355 1191 4413 ut
1214 4348 1335 4416 homo:
1358 4355 1509 4413 ceterum
1534 4346 1608 4412 vide

281 4459 376 4538 c,tt;
394 4461 444 4523 est
457 4455 548 4523 enim
565 4460 663 4522 Pater
677 4459 735 4545 qui
751 4457 822 4523 filio
835 4458 973 4545 nuptias
986 4464 1085 4548 parat
1102 4455 1217 4523 llatth.
1236 4460 1329 4533 aaa.

325 4565 394 4627 lam
411 4562 566 4652 exponit,
586 4561 624 4628 in
639 4583 707 4652 qna
726 4585 761 4630 re
779 4565 947 4631 habeatur
963 4565 1033 4630 vita
1053 4569 1212 4632 aeterna.
1233 4562 1255 4626 i.
1273 4585 1302 4628 e.
1322 4561 1376 4626 ria
1388 4568 1422 4626 et
1436 4560 1548 4626 aditus
1562 4560 1605 4626 ad

279 4688 355 4734 earn
371 4667 461 4735 hisee
485 4669 523 4736 in
548 4670 665 4750 terris,
687 4691 774 4759 quaa
798 4673 840 4738 sit
859 4670 953 4737 radix
976 4678 1010 4737 et
1033 4670 1301 4737 fundamentum
1322 4672 1394 4733 rius
1414 4669 1503 4732 vitae
1518 4689 1606 4755 quae

281 4771 418 4840 tandem
442 4775 480 4841 in
501 4775 604 4843 coelis
626 4776 776 4866 perfecta
800 4779 858 4843 [lei
881 4778 1077 4864 cognitione
1103 4800 1143 4842 ae
1168 4777 1296 4840 risione
1315 4775 1513 4840 alisolratur
1532 4795 1563 4838 v.
1586 4779 1604 4837 3
