4050 5648
92 592 146 711 ”·,·’.
202 670 205 677 -
229 622 363 692 ratione
381 648 415 694 v.
441 633 483 696 28
506 624 568 691 boc
587 633 703 687 aretem
718 643 818 692 uemo
838 623 940 693 scivit
965 617 1253 687 discumbentium
1271 618 1320 686 ad
1332 618 1420 710 quid
1432 616 1560 686 dixerit

228 728 261 795 ei
268 751 281 815 ;
294 731 383 800 nihil
395 734 513 821 itaque
527 726 727 815 suspicionis
736 734 1087 821 ¹conceperantneque
1102 732 1204 793 antea
1214 744 1325 812 neque
1338 733 1415 816 post
1429 745 1560 793 annun-

27 804 32 817 ⁵
70 854 102 887 ν
226 837 404 908 tiationem
419 832 543 904 Christi
556 832 600 900 de
613 855 681 904 uno
690 836 867 927 proditore
880 857 920 904 ex
937 830 1051 898 verbis
1064 831 1152 902 illis:
1170 829 1264 921 quod
1282 829 1364 898 facis
1380 839 1444 900 eto.
1461 857 1492 900 v.
1516 837 1558 898 29

112 958 140 1039 ζ’,
228 945 373 1038 quidum
390 941 481 1009 euim
497 942 671 1030 putatam
687 942 772 1035 quia
800 942 927 1011 locutos
950 935 1095 1005 babebat
1119 934 1355 1026 Iudas‚,quod
1373 937 1515 1007 elisisset
1530 937 1563 1006 ei

226 1055 320 1121 lesus
335 1072 348 1117 .·
366 1067 440 1115 eme
466 1067 507 1112 ea
528 1069 618 1138 quae
640 1070 729 1139 opus
754 1062 836 1117 cunt
853 1045 951 1115 nobis
974 1043 1024 1111 ad
1039 1044 1130 1113 diem
1153 1046 1301 1135 sestum;
1315 1055 1376 1110 cett
1396 1048 1507 1133 epems
1523 1057 1562 1112 ut

229 1153 373 1247 aliquid
401 1150 519 1240 daret;
536 1157 632 1246 prius
650 1178 692 1224 eo
716 1157 829 1242 magis
850 1156 975 1244 putare
1004 1157 1180 1241 poteraut,
1205 1151 1234 1219 si
1259 1148 1332 1217 dics
1350 1149 1563 1241 subsequens

38 1268 121 1309 t
190 1282 194 1290 ’
225 1260 359 1331 ludaeis
370 1281 440 1327 non
456 1268 530 1329 erat
544 1264 617 1352 ipse
635 1261 709 1329 dies
720 1258 896 1329 sollemnis
910 1264 1015 1348 atquc
1030 1279 1109 1327 eum
1125 1280 1194 1327 non
1205 1256 1309 1326 fuisse
1324 1256 1455 1324 ludaeis
1468 1263 1562 1346 patet

38 1346 153 1457 ijs-gfff?
227 1375 302 1435 tum
318 1388 360 1433 ex
381 1366 459 1435 aliis
483 1373 559 1435 tum
577 1390 618 1435 ex
641 1371 754 1449 1828.
776 1363 843 1432 Sed
859 1363 953 1433 idem
979 1365 1089 1433 etiam
1104 1365 1296 1433 existimare
1309 1369 1483 1454 poterant,
1499 1363 1563 1430 etsi

36 1456 132 1567 ἱζζῖἶξ-ῗί
145 1469 156 1477 ”
228 1473 302 1541 dies
324 1473 536 1565 subsequens
553 1473 672 1540 fuisset
694 1471 768 1539 dies
787 1470 860 1561 ipse
882 1470 1075 1539 festivitatis
1089 1471 1273 1563 paschalis;
1290 1471 1368 1538 festi
1382 1470 1474 1537 enim
1490 1469 1563 1536 dies

70 1642 112 1683 a
168 1608 171 1613 ·
228 1601 300 1647 non
321 1579 500 1649 habebant
517 1584 589 1648 tam
607 1578 760 1645 strictam
777 1576 1034 1646 observantiam
1053 1583 1088 1646 et
1105 1578 1151 1646 ab
1170 1558 1264 1645 omrii
1284 1599 1388 1668 opere
1403 1577 1563 1645 cessatio-

66 1675 155 1785 ‘'ssies*
229 1708 309 1755 uem
321 1708 427 1778 quam
444 1687 517 1753 dies
536 1683 671 1752 sabbati
685 1681 780 1774 (vide
798 1706 886 1774 quae
897 1682 940 1751 de
956 1705 989 1750 v.
1007 1690 1049 1752 29
1063 1683 1134 1751 diri
1148 1684 1186 1750 in
1198 1687 1387 1752 comment.
1404 1685 1517 1751 llatth.
1533 1688 1561 1751 ll

35 1784 98 1825 Μ
161 1869 165 1881 ,
230 1817 266 1886 p.
293 1792 450 1878 canabi
465 1789 504 1857 id
520 1789 603 1857 locis
624 1789 737 1858 allatis
751 1789 949 1881 probatur);
975 1812 1009 1857 v.
1031 1797 1074 1858 30
1093 1813 1172 1858 eum
1195 1811 1276 1880 erpo
1297 1790 1480 1880 accepisset
1504 1791 1563 1874 ille

36 1888 89 1995 id‘
102 1900 113 1913 ''
129 1890 132 1895 ’
231 1898 433 1982 buccellam,
449 1896 557 1964 eeiuit
574 1896 757 1982 commum·
770 1908 978 1999 erctxautem
994 1916 1085 1983 nom·
1099 1902 1223 1981 ἐξῆλθεν
1239 1902 1342 1980 εὐθύς;
1365 1897 1466 1986 proin
1479 1897 1563 1965 buc-

32 1986 92 2072 ⁵³³-·'·.
148 2004 152 2011 ’
228 2006 316 2075 cella
340 2009 482 2092 accepta
505 2002 623 2069 statim
647 2002 872 2071 coenaculum
896 2003 1046 2094 reliquit.
1072 2002 1109 2069 ld
1133 2002 1228 2093 quod
1254 2001 1341 2069 bene
1371 2003 1561 2070 notandum

35 2093 119 2199 12²3]ss
159 2122 162 2127 ’
230 2117 301 2180 est·
309 2114 394 2179 Nam
418 2132 459 2178 ea
480 2131 518 2176 re
540 2109 680 2176 solvitur
695 2108 866 2202 quaestio,
884 2116 1002 2178 utrum
1020 2109 1120 2177 ludas
1135 2109 1377 2178 eucharistiam
1394 2112 1565 2200 acceperit

71 2210 95 2309 ¹³
116 2218 120 2223 ’
231 2240 353 2287 necne.
377 2215 574 2286 Buccellam
596 2216 685 2284 hanc
704 2237 776 2285 non
799 2238 871 2285 esse
891 2215 1133 2285 eucharistiam
1146 2214 1286 2284 evidens
1300 2223 1360 2284 est.
1383 2222 1453 2283 lam
1469 2220 1560 2306 Aup.

231 2330 330 2393 notat
353 2346 362 2391 ε
382 2326 402 2386 'u
418 2328 638 2404 nouantem,
659 2327 697 2390 ut
713 2327 836 2413 putant
861 2321 1004 2413 quidam
1022 2321 1241 2410 negligenter
1251 2322 1402 2410 legentes
1418 2329 1498 2391 tunc
1511 2328 1564 2390 lu-

232 2432 294 2500 das
309 2431 432 2501 Christi
445 2450 570 2519 corpus
579 2429 713 2519 accepit
732 2457 763 2497 s.
779 2428 846 2498 Sed
864 2430 1035 2521 poteritne
1044 2428 1212 2497 institutio
1225 2429 1450 2498 eucharistiae
1465 2436 1564 2498 antea

231 2537 357 2605 inserit
374 2541 459 2604 Sunt
476 2535 537 2626 qui
549 2534 776 2604 eucharistiae
791 2534 1045 2604 institutionem
1058 2535 1226 2604 collocant
1244 2542 1324 2627 post
1337 2559 1367 2602 v.
1386 2542 1566 2604 luctante

42 2628 85 2731 ‚p
113 2636 132 2735 ,¹
232 2666 273 2712 v.<
283 2649 325 2710 23
345 2643 448 2732 (Auq.
477 2641 578 2733 Tot).
598 2646 728 2710 Verum
740 2643 789 2710 ita
807 2627 984 2710 contextus
1005 2643 1211 2710 narrationis
1230 2643 1450 2732 discerpitur;
1468 2642 1566 2709 disci·

46 2736 51 2745 ’
70 2824 74 2829 ,
124 2772 127 2781 ’
233 2750 307 2842 puli
327 2749 419 2817 inter
434 2770 574 2817 coenam
594 2753 628 2815 et
643 2752 723 2817 ante
740 2747 989 2817 institutionem
1005 2754 1179 2838 quaerunt
1196 2748 1239 2817 de
1253 2748 1448 2839 proditore,
1471 2749 1566 2816 Chri-

60 2836 76 2899 {⁴
166 2888 169 2893 ·
234 2864 306 2926 stus
324 2877 386 2924 vae
397 2854 487 2923 illud
501 2854 606 2923 etiam
620 2860 700 2922 ante
712 2853 960 2922 institutionem
973 2856 1182 2937 enuntiavit3
1200 2856 1329 2945 pariter
1343 2855 1475 2923 dixerat
1488 2878 1567 2946 pro-

122 2992 125 2999 ·
234 2965 381 3034 ditorem
400 2983 509 3030 unum
531 2983 571 3028 ex
592 2960 768 3051 discipulis
786 2982 903 3028 secum
922 2959 1144 3029 manducare.
1161 2960 1287 3028 Eadem
1306 2970 1426 3029 narrat
1444 2968 1564 3041 Lucas3

116 3076 119 3081 '
233 3072 293 3141 sed
311 3071 363 3138 uti
375 3069 444 3138 iam
465 3069 595 3137 dictum
609 3072 675 3150 est,
692 3089 763 3135 non
777 3071 889 3157 potest
903 3067 1029 3135 assumi
1042 3065 1160 3135 eadem
1177 3066 1229 3135 bis
1248 3072 1282 3135 et
1301 3092 1322 3135 a
1336 3070 1480 3136 Domino
1495 3077 1529 3136 et
1548 3091 1569 3136 a

235 3174 413 3268 discipulis
425 3175 519 3243 dicta
533 3195 603 3241 esse
618 3180 653 3240 et
665 3175 767 3265 proin
782 3172 941 3240 ordinem
955 3174 1160 3242 narrationis
1177 3178 1285 3242 Lucae
1300 3176 1348 3242 ita
1363 3198 1434 3243 esse
1454 3176 1568 3266 expla-

164 3309 167 3313 .
235 3281 475 3366 nandum,uti
493 3280 598 3348 etiam
612 3285 714 3362 21,37
730 3279 905 3348 hahetur:
928 3279 972 3347 ad
990 3302 1064 3347 rem
1081 3286 1213 3367 gestam
1225 3288 1399 3349 narratam
1412 3283 1568 3371 (coenam

237 3389 435 3482 paschalem
450 3393 485 3455 et
499 3385 775 3476 eucharisticam)
790 3386 889 3454 addit
907 3385 1042 3476 aliquid
1062 3386 1154 3476 quod
1169 3389 1402 3456 narrationem
1420 3390 1566 3479 supplet,

238 3495 331 3588 quod
352 3495 471 3584 itaque
491 3515 532 3560 ex
550 3492 644 3560 clara
663 3513 704 3559 ac
722 3493 903 3582 perspicua
922 3492 1068 3560 aliorum
1088 3493 1257 3560 relatione
1272 3494 1435 3584 explicari
1451 3495 1566 3562 debet.

238 3602 377 3673 Accedit
400 3599 495 3689 quod
514 3600 617 3689 plane
641 3597 871 3688 improbabile
891 3599 951 3681 sit,
972 3602 1111 3666 Petrum
1136 3622 1198 3690 pro
1218 3601 1334 3668 indole
1356 3624 1417 3669 sua
1439 3602 1570 3669 lersida

238 3708 476 3802 quaestionem
498 3726 595 3773 suam
616 3726 684 3771 non
706 3726 747 3772 eo
767 3708 924 3795 tempore
944 3705 1162 3796 proposuisse
1182 3728 1250 3795 quo
1271 3730 1389 3775 omnes
1410 3709 1569 3799 discipuli

45 3801 73 3903 ’,ἦ
139 3896 142 3901 ¹
240 3835 450 3904 magnopere
473 3810 609 3880 excitati
631 3811 724 3879 inter
746 3832 783 3879 se
806 3817 1010 3902 quaererent
1033 3818 1068 3879 et
1093 3812 1274 3881 Dominum
1295 3816 1567 3902 interrogarent,

240 3922 394 3991 sedeam
420 3918 591 3987 distulisse
611 3923 645 3985 et
665 3923 744 4008 post
760 3916 987 3986 eucharistiae
999 3918 1248 3987 institutionem
1262 3921 1402 3989 demum
1419 3923 1510 4010 (oum
1528 3922 1570 3989 de

239 4053 280 4099 ea
294 4051 330 4096 re
344 4029 415 4095 iam
437 4048 508 4093 non
526 4030 613 4092 esset
626 4023 754 4112 sermo)
770 4024 1004 4114 quaestionem
1024 4025 1179 4120 movisse.
1197 4030 1293 4094 Certe
1306 4030 1343 4095 in
1359 4053 1390 4096 v.
1408 4036 1450 4095 22
1463 4052 1570 4096 evan-

240 4135 364 4225 gelista
382 4133 418 4200 id
432 4131 551 4224 paucis
563 4131 676 4198 innuit
691 4129 785 4219 quod
799 4130 1001 4222 explicatius
1019 4133 1191 4224 synoptici
1205 4136 1361 4202 referunt
1373 4158 1379 4216 ;
1393 4158 1454 4202 suo
1468 4136 1571 4203 modo

241 4249 357 4312 autem
376 4236 520 4308 eandem
535 4235 793 4327 synopticorum
812 4238 1046 4307 narrationem
1066 4239 1207 4330 supplet
1224 4240 1266 4308 iis
1284 4264 1371 4332 quae
1386 4266 1419 4307 v.
1439 4249 1481 4310 23
1497 4266 1568 4333 seq.

240 4354 369 4420 narrat.
397 4347 501 4413 Proin
527 4344 613 4411 haec
636 4341 680 4410 ab
702 4342 763 4409 illa
785 4345 982 4414 narratione
1000 4352 1034 4414 et
1047 4369 1069 4414 a
1082 4369 1114 4414 v.
1133 4353 1175 4412 22
1191 4369 1260 4413 non
1279 4355 1357 4414 sunt
1376 4349 1567 4416 avellenda.

240 4457 340 4525 Proin
355 4477 388 4523 v.
413 4458 517 4521 18-30
539 4449 692 4518 narratio
712 4454 761 4517 est
781 4472 852 4518 una
868 4452 1048 4535 continua,
1067 4459 1256 4542 quaearcte
1271 4477 1348 4522 cum
1365 4457 1571 4523 anteceden-

243 4565 335 4632 tibus
346 4584 379 4627 v.
404 4567 456 4627 10.
475 4566 512 4626 11
531 4563 657 4626 etcum
673 4554 803 4624 lotione
820 4557 949 4647 pedum
964 4560 1179 4628 connectitur
1196 4582 1309 4651 neque
1322 4561 1394 4628 sine
1410 4563 1572 4631 violentia

243 4668 391 4760 discerpi
406 4672 528 4757 potest.
545 4664 583 4732 ld
598 4664 685 4731 bene
704 4662 947 4734 intellexerunt
964 4666 990 4733 ii
1007 4667 1086 4757 qui,
1109 4671 1146 4732 ut
1157 4667 1380 4735 nihilominus
1395 4670 1513 4737 ludam
1527 4671 1572 4737 ad

243 4773 487 4847 eucharistiam
502 4770 735 4854 admitterent,
757 4770 923 4840 lotionem
943 4772 1070 4863 pedum
1087 4780 1221 4862 ponunt
1239 4782 1316 4865 post
1330 4778 1570 4845 eucharistiam

243 4884 435 4972 institutam
455 4877 618 4967 (rtem.);
645 4877 720 4962 alii,
743 4882 780 4943 ut
800 4878 908 4962 lana,
934 4887 1075 4947 censent
1093 4881 1209 4948 omnia
1228 4882 1269 4948 de
1284 4883 1477 4972 proditione
1497 4891 1571 4951 acta
