4050 5648
519 514 632 584 dmul.
658 510 778 601 Utique
799 516 918 606 plures
937 515 980 581 de
998 533 1040 580 eo
1061 515 1296 583 testimoninm
1316 516 1615 603 perhibeban13at
1634 512 1670 579 in
1690 480 1851 587 omnibus
1904 500 1906 508 ἱ

520 640 607 689 unus
623 621 721 685 Pater
736 626 878 690 testatus
894 623 945 688 est
969 618 1030 708 qui
1048 621 1122 689 scil.
1142 621 1191 689 eis
1211 619 1376 687 revelavit
1394 628 1428 688 et
1447 623 1486 689 in
1505 622 1703 691 eislocutus
1722 626 1773 688 est
1790 625 1847 711 (ci.
1898 649 1903 669 f
1945 701 1947 705 y

521 730 610 806 1,33.
628 723 728 796 Hebr.
747 727 832 816 1‚1).
849 729 1010 815 utquam
1029 749 1135 815 grave
1156 726 1199 792 sit
1219 725 1321 792 huius
1340 724 1431 792 elius
1449 728 1700 812 testimonium,
1718 727 1851 816 ingeri-

519 838 575 898 tur
591 832 812 902 audientibus
830 833 915 901 dum
934 830 1044 903 dicit:
1062 845 1095 901 et
1112 831 1204 916 scia·
1218 831 1261 899 ci.
1279 837 1377 914 8,16;
1395 853 1464 922 qua
1477 831 1651 902 locutione
1670 857 1727 902 eos
1748 834 1849 903 exsti-
1960 850 1961 854 ’

519 937 642 1024 mulat,
659 947 698 1008 ut
712 941 784 1008 eius
799 937 1033 1007 testimonium
1048 939 1137 1007 serio
1152 936 1243 1028 apud
1258 962 1295 1007 se
1306 937 1513 1030 expendant.

450 1066 455 1074 ·
562 1044 679 1114 ludaei
688 1045 869 1115 audientes
880 1066 913 1110 v.
927 1052 969 1114 32
983 1067 1053 1113 nou
1068 1035 1228 1132 poterant
1239 1066 1309 1112 non
1324 1045 1479 1132 cogitare
1491 1043 1535 1110 de
1547 1048 1675 1111 Ioanne
1686 1045 1845 1135 baptista3
1926 1061 1928 1064 ’
1951 1042 1960 1100 ‘.

417 1205 419 1208 ,
517 1172 623 1239 quare
640 1158 731 1221 iesus
744 1148 860 1240 pergit
873 1173 906 1218 v.
923 1158 966 1220 33
987 1173 1046 1219 vos
1063 1150 1204 1218 mutatis
1222 1150 1272 1218 od
1288 1152 1546 1234 ioannem;vos
1565 1150 1629 1241 ipsi
1642 1150 1735 1219 illius
1754 1154 1848 1220 testi-
1910 1175 1913 1180 ·

517 1260 669 1326 monium
681 1255 883 1346 expetiistis3
902 1286 919 1322 «ι
933 1278 1004 1326 non
1018 1255 1192 1324 misissetis
1206 1263 1335 1338 autem,
1346 1255 1413 1324 nisi
1422 1256 1491 1324 fide
1505 1255 1652 1343 dignum
1662 1257 1847 1326 existimas·
1952 1250 1965 1296 Ὺ

515 1365 594 1432 setis
610 1392 625 1425 a
646 1360 771 1453 (cta),
789 1376 823 1430 et
840 1362 1076 1432 testimonium
1093 1362 1272 1452 perhibuit
1290 1362 1439 1446 veritati,
1457 1363 1633 1454 respondit
1649 1363 1842 1448 veritatem,
1951 1355 1954 1359 ⁵

516 1491 648 1558 negans
666 1490 701 1535 se
716 1491 787 1537 esse
802 1471 972 1538 Christum
988 1475 1021 1536 et
1039 1468 1218 1544 affirmans
1231 1476 1265 1537 et
1279 1469 1462 1537 exhortans
1482 1492 1492 1536 ε
1513 1468 1655 1557 dirigite
1670 1469 1763 1538 viam
1780 1477 1844 1540 Do·
1912 1503 1914 1506 ⁴
1948 1467 1964 1519 Τ

516 1576 616 1655 mini;
633 1574 706 1664 ipse
721 1581 774 1644 est
791 1577 853 1666 qui
873 1580 950 1664 post
968 1597 1022 1643 me
1042 1581 1207 1643 venturus
1225 1581 1275 1644 est
1294 1581 1359 1644 eto.
1380 1581 1532 1660 ame-m,
1552 1602 1569 1638 a
1587 1580 1662 1643 Non
1676 1576 1846 1663 igiturest
1906 1613 1913 1631 ι
1955 1643 1957 1647 .

516 1705 576 1750 cur
591 1681 748 1750 iudicetis
759 1704 814 1751 me
827 1681 939 1749 solum
954 1681 996 1749 de
1016 1704 1071 1750 me
1089 1682 1321 1750 testimonium
1336 1682 1507 1773 proferre,
1525 1703 1589 1750 nec
1604 1704 1668 1751 cur
1685 1681 1773 1751 iliud
1790 1705 1846 1752 re·
1950 1704 1963 1740 ’ν

515 1786 650 1878 pellatis
666 1818 682 1850 u
700 1788 816 1877 (Tot).
834 1787 988 1856 Christus
1001 1795 1119 1856 autem
1134 1797 1188 1872 τὴν
1202 1797 1365 1878 μαρτυρίαν
1380 1787 1468 1856 iilud
1485 1790 1599 1879 ipsum
1613 1788 1846 1859 testimoninm
1956 1841 1959 1847 ,

515 1894 607 1984 quod
622 1917 714 1962 nunc
733 1895 890 1985 proferre
909 1896 983 1962 vult
1009 1900 1044 1962 et
1066 1917 1137 1985 quo
1155 1916 1248 1962 nunc
1272 1886 1539 1965 coram'iudaeis
1552 1894 1603 1962 uti
1619 1895 1692 1964 vult
1706 1919 1776 1965 non
1789 1918 1846 1964 su-
1957 1953 1960 1959 .

516 2003 578 2068 mit
590 2000 635 2068 ab
649 2001 788 2069 bomine
802 2024 834 2068 v.
852 2007 893 2068 33
917 2023 980 2090 epo
1003 2014 1119 2068 autem
1133 2023 1204 2068 non
1224 2004 1268 2068 ab
1282 2001 1422 2070 bomine
1437 2001 1673 2070 testimonium
1691 2002 1825 2094 acciptb
1835 2054 1850 2083 ,1
1893 2094 1895 2097 v

514 2130 583 2175 non
598 2113 698 2198 capto
713 2129 829 2174 meum
843 2107 1083 2175 testimonium
1095 2107 1140 2175 ab
1156 2107 1311 2188 homine3
1328 2108 1424 2198 quod
1438 2109 1544 2189 homo
1559 2107 1602 2176 de
1619 2130 1675 2177 me
1688 2107 1846 2178 testifica·
1929 2114 1932 2119 ’

514 2219 568 2280 tus
582 2219 643 2297 est,
655 2236 748 2282 nunc
759 2236 830 2282 non
845 2236 908 2304 pro
923 2235 977 2281 me
992 2215 1027 2280 in
1040 2214 1193 2283 medium
1208 2213 1325 2297 affero,
1342 2236 1384 2282 ac
1397 2214 1427 2281 si
1441 2215 1477 2282 in
1493 2237 1535 2283 eo
1546 2215 1619 2282 solo
1636 2215 1763 2284 veritas
1777 2215 1845 2287 mei
1942 2222 1953 2289 ’.

515 2318 698 2387 testimonii
719 2320 920 2388 consisteret
932 2320 1099 2411 vobisque
1118 2343 1195 2389 eam
1209 2321 1419 2411 persuadere
1437 2320 1577 2405 veliem,
1592 2320 1647 2388 vel
1664 2321 1763 2412 quasi
1780 2345 1845 2414 pro

515 2447 568 2494 me
581 2432 668 2494 esset
680 2427 910 2495 necessarium
924 2426 1049 2516 (Gai.);
1064 2427 1125 2495 sed
1138 2426 1222 2496 haec
1237 2426 1326 2512 dieo,
1344 2441 1383 2495 ut
1394 2449 1452 2494 vos
1464 2426 1554 2494 solvi
1562 2427 1651 2512 sitis,
1669 2427 1751 2497 bace
1767 2429 1842 2497 scil.

513 2555 546 2599 v.
564 2540 624 2615 333
646 2532 729 2601 dum
745 2533 836 2602 enim
853 2533 1148 2624 verbabaptistae
1164 2541 1198 2601 et
1216 2535 1290 2601 eius
1301 2533 1393 2602 vitae
1407 2533 1624 2602 sanctitatem
1640 2533 1706 2602 sibi
1720 2537 1757 2603 in
1770 2557 1843 2604 me·
1949 2608 1955 2629 ἱ

513 2641 658 2708 moriam
677 2647 856 2725 revocant,
873 2640 949 2708 fieri
962 2646 1088 2731 potest,
1105 2646 1143 2707 ut
1162 2640 1394 2730 promptiores
1407 2640 1493 2708 fiant
1506 2639 1550 2708 ad
1562 2640 1668 2709 tidem
1682 2646 1770 2725 Iesu,
1787 2640 1845 2710 cui
1952 2632 1957 2643 ’

513 2735 578 2815 ille
590 2747 824 2815 testimonium
844 2746 1040 2837 perhibuit,
1062 2747 1312 2816 adhibendam.
1329 2753 1460 2827 Quanta
1481 2747 1576 2815 enim
1597 2746 1779 2817 sedulitate
1798 2748 1844 2816 ad
1964 2792 1965 2797 κ

512 2874 593 2921 eum
612 2855 837 2921 confluxerint
859 2860 931 2921 tam
956 2855 1057 2922 multi
1077 2862 1110 2921 et
1134 2876 1239 2944 quam
1260 2860 1416 2922 sanctam
1437 2853 1544 2921 vitam
1562 2853 1620 2922 iile
1640 2853 1791 2942 degerit,
1807 2855 1845 2923 in

513 2960 670 3027 omnium
683 2960 809 3027 animis
822 2966 874 3028 est
885 2961 1085 3050 repositum.

552 3167 687 3245 Saepius
701 3166 878 3244 explicatur
894 3184 901 3226 :
918 3183 983 3227 non
999 3183 1094 3246 egeo,
1109 3183 1173 3226 non
1188 3165 1317 3246 indigeo
1339 3165 1524 3228 testimonio
1543 3165 1584 3227 ab
1603 3166 1736 3229 homine
1755 3167 1842 3230 edito
1960 3202 1965 3247 ;

513 3261 599 3342 (Chr.
620 3262 687 3324 Tot.
702 3261 802 3325 natu.
817 3262 934 3344 Icus.);
951 3268 983 3324 at
996 3262 1201 3340 λαμὸάνωὴοο
1217 3281 1283 3326 non
1298 3263 1386 3325 dicit.
1404 3263 1545 3326 alitia:
1561 3281 1628 3325 non
1647 3280 1738 3326 sumo
1752 3266 1841 3328 testi-
1928 3320 1931 3327 .

512 3362 660 3429 monium
675 3363 715 3424 ab
730 3361 878 3435 homine,
895 3361 970 3440 quia
988 3361 1134 3440 quamvis
1153 3361 1311 3440 baptistae
1328 3361 1551 3423 testimonium
1572 3368 1690 3425 esseta
1711 3363 1776 3425 Deo
1790 3366 1840 3425 in-

512 3459 669 3536 spiratum
684 3459 829 3538 adeoque
842 3459 999 3530 divinum,
1017 3464 1126 3520 tamen
1141 3459 1212 3520 eius
1225 3458 1392 3537 inspiratio
1411 3458 1502 3520 facile
1516 3459 1551 3520 in
1565 3459 1700 3521 dubium
1713 3461 1753 3522 ab
1767 3461 1842 3523 aliis

511 3557 618 3617 vocari
637 3559 739 3636 possit
761 3555 870 3638 (Keil).
888 3559 929 3617 Et
952 3574 1077 3629 revera,
1094 3557 1140 3617 uti
1167 3553 1240 3637 Chr.
1264 3560 1369 3628 notat,
1393 3556 1521 3618 Ioannis
1540 3556 1762 3619 testimonium
1785 3558 1840 3621 Dei
1886 3626 1891 3631 ‚

512 3658 580 3714 erat
601 3654 837 3728 testimonium;
858 3656 899 3715 ab
918 3672 956 3716 eo
976 3654 1062 3715 euim
1082 3653 1237 3714 didicerat
1257 3670 1294 3713 ea
1315 3671 1397 3731 quae
1417 3653 1544 3715 dicebat
1558 3654 1671 3735 (t‚33);
1690 3678 1705 3710 a
1725 3656 1780 3717 sed
1799 3674 1841 3718 ne

511 3751 656 3813 dicerent
679 3769 686 3811 :
708 3752 792 3814 unde
814 3757 939 3814 constat
961 3768 1037 3813 eum
1058 3768 1076 3811 a
1097 3753 1164 3812 Deo
1184 3750 1351 3825 didicisse,
1366 3755 1399 3812 et
1418 3751 1492 3813 binc
1513 3751 1685 3815 adversum
1705 3757 1839 3826 starent,

510 3866 622 3910 eorum
638 3867 693 3911 ora
713 3850 920 3911 vehementer
938 3849 1087 3929 reprimit
1106 3853 1139 3910 et
1158 3847 1262 3910 adbuc
1280 3853 1389 3911 contra
1407 3848 1536 3910 illorum
1550 3849 1737 3930 opinionem
1758 3851 1841 3913 edis-

511 3948 589 4008 serit
602 3971 629 4006 u.
644 3949 712 4010 Imo
725 3947 797 4008 aliis
809 3945 939 4008 videtur
952 3946 1098 4007 Christus
1110 3964 1148 4007 ea
1162 3946 1324 4008 locutione
1337 3948 1440 4026 magis
1453 3964 1570 4027 augere
1584 3946 1649 4008 vim
1665 3949 1842 4018 testimonii

511 4062 648 4122 eamque
663 4061 805 4106 asserere
823 4063 831 4105 :
849 4060 914 4105 non
928 4043 966 4104 ab
988 4043 1112 4104 homine
1126 4044 1249 4121 accipio
1271 4044 1512 4116 testimonium;
1531 4045 1564 4105 id
1579 4043 1746 4129 indiguum
1762 4048 1842 4107 ites-

512 4143 570 4216 sia;
588 4143 645 4203 sed
663 4143 805 4204 Christus
821 4160 887 4203 non
903 4146 1009 4221 potest
1025 4157 1134 4202 carere
1149 4140 1335 4202 testimonio
1353 4141 1480 4202 loannis
1494 4141 1551 4218 qui
1568 4141 1609 4202 ad
1624 4141 1657 4202 id
1671 4142 1842 4221 perhiben-

511 4240 589 4300 dum
611 4241 730 4301 missus
754 4245 803 4302 est
825 4239 963 4320 (1‚r.8);
989 4244 1086 4317 quare
1111 4256 1149 4300 ea
1170 4237 1333 4299 locutione
1355 4238 1468 4299 volunt
1488 4238 1649 4300 enuntiari
1674 4258 1694 4301 a
1718 4241 1840 4304 Christo

512 4338 681 4418 baptistam
703 4337 847 4399 locutum
869 4354 939 4398 esse
964 4337 1173 4417 inspiratione
1190 4334 1300 4396 diviua
1319 4340 1353 4396 et
1367 4336 1469 4397 Deum
1491 4353 1548 4414 per
1566 4336 1674 4417 ipsum
1690 4338 1840 4424 *testimo-

512 4438 602 4497 uium
616 4434 817 4515 perhibuisse
833 4433 873 4495 de
888 4425 1012 4495 Christo
1026 4435 1079 4514 (ci.
1095 4432 1183 4513 Fit).

556 4661 664 4746 Atque
680 4656 849 4745 baptistae
866 4656 1098 4723 testimonium
1118 4655 1188 4723 iilis
1202 4676 1307 4744 quam
1323 4653 1469 4722 maxime
1486 4656 1632 4744 potuisse
1651 4677 1721 4725 esse
1736 4661 1837 4729 saluti

513 4761 664 4831 declarat
689 4785 728 4831 er
752 4761 922 4849 dignitate
949 4767 983 4830 et
1010 4783 1152 4830 munere
1178 4762 1328 4845 loannis3
1349 4760 1494 4851 proinde
1514 4760 1615 4829 simul
1637 4766 1757 4834 asserit
1781 4789 1838 4836 eos
