4050 5648
436 507 607 590 rebusque
628 505 686 573 nei
706 500 932 574 adversarios.
958 503 1101 571 llnndus
1120 497 1233 582 enim,
1250 499 1346 568 cuius
1365 498 1524 591 princeps
1537 496 1697 569 diabolus
1710 505 1763 572 di·
1896 504 1900 511 '

436 615 524 681 citur
540 607 687 703 (1t‚30)‚
711 628 822 694 regno
847 607 907 674 Dei
935 607 1066 701 ubique
1084 604 1302 690 adversatum
1317 602 1489 697 undequi
1507 605 1579 674 eius
1600 606 1635 673 in
1654 629 1689 674 se
1709 632 1769 696 ge-

436 720 516 784 runt
527 713 695 798 indolem,
713 715 749 781 in
764 713 898 781 coelum
918 717 1096 807 nequeunt
1107 713 1307 806 ascendere,
1332 718 1367 780 et
1383 713 1412 780 si
1430 735 1503 781 non
1517 712 1680 782 desinunt
1696 736 1770 784 esse

436 824 479 889 de
493 824 639 907 mundo,
659 820 850 889 morientur
863 820 899 888 in
915 820 1064 914 peccatis
1084 821 1165 887 suis.

479 929 569 999 Vires
589 933 733 997 naturae
750 925 926 996 humanae
945 928 988 996 de
1007 949 1043 994 se
1059 947 1131 993 non
1149 927 1265 995 valent
1284 925 1418 1015 assequi
1437 946 1585 1013 regnum
1600 928 1676 1010 Dei,
1693 950 1772 995 coe·
1886 1005 1890 1011 .

436 1035 525 1122 lum3
543 1036 651 1104 multo
668 1034 784 1101 minus
809 1035 882 1126 apti
904 1038 988 1103 sunt
1006 1032 1102 1100 coelo
1114 1032 1174 1124 qui
1187 1031 1230 1100 de
1242 1030 1373 1099 mundo
1392 1053 1554 1122 perverso
1568 1038 1662 1114 sunt;
1682 1034 1774 1103 unde

436 1143 655 1241 consequitur
670 1163 704 1207 v.
723 1145 766 1207 bt
780 1138 860 1209 disi
877 1163 960 1232 erqo
975 1140 1084 1226 vobis,
1104 1139 1190 1231 quio
1208 1137 1407 1207 moriemini
1418 1138 1457 1206 in
1472 1138 1623 1231 peccetis
1636 1141 1775 1228 vestris;

434 1242 646 1320 unica'salus
661 1247 814 1316 habetur
829 1249 865 1316 in
880 1247 998 1316 llessia
1015 1247 1075 1337 qni
1089 1267 1204 1315 coram
1221 1244 1291 1313 illis
1310 1245 1422 1314 adstat
1435 1269 1444 1312 :
1460 1244 1493 1313 si
1515 1246 1608 1316 enim
1620 1270 1771 1316 nonore·

440 1355 596 1425 dideritis
611 1355 695 1445 quio
707 1377 770 1445 eqo
785 1377 876 1444 sune,
894 1352 1095 1423 moriemini
1104 1353 1290 1445 inpeceolo
1304 1365 1433 1439 vestrm·
1446 1375 1522 1422 sum
1535 1353 1608 1423 scil.
1624 1355 1767 1440 llessias,
1790 1439 1793 1444 Ι
1883 1432 1903 1449 ,-

438 1463 541 1531 Filius
559 1461 634 1547 Dei3
650 1460 724 1530 scil.
745 1484 753 1531 :
772 1461 857 1550 quia
870 1460 1008 1549 ego-ille
1026 1481 1103 1527 sum
1115 1481 1220 1550 quem
1239 1481 1294 1527 me
1306 1458 1486 1550 profiteor3
1507 1465 1541 1528 et
1555 1460 1671 1529 ludaei
1681 1460 1769 1529 bene
1810 1488 1813 1493 ’

436 1568 681 1637 intellexerunt
706 1590 811 1659 quem
838 1590 875 1636 se
899 1566 1047 1651 diceret;
1072 1566 1116 1634 cl.
1142 1571 1235 1649 5,18,
1260 1565 1426 1634 Subtilius
1451 1570 1503 1634 est
1525 1567 1619 1657 quod
1641 1567 1772 1659 placuit

438 1679 529 1764 Auq.
548 1673 664 1744 Ttom.
691 1674 764 1744 Coi.
791 1678 887 1744 Patr.
905 1695 919 1740 :
938 1696 1004 1762 ego
1023 1695 1100 1742 sum
1119 1672 1363 1764 explicandum
1375 1694 1447 1742 esse
1461 1694 1502 1741 ex
1515 1678 1768 1758 Ex.3,13.1t:

437 1804 501 1870 ego
519 1803 596 1848 sum
619 1781 681 1873 qui
703 1803 792 1850 sum,
819 1779 968 1848 Proinde
992 1779 1144 1848 Christus
1167 1779 1261 1848 idem
1287 1780 1444 1848 enuntiat
1467 1780 1561 1870 quod
1579 1787 1697 1872 postea
1708 1785 1771 1850 Pe·

438 1896 510 1957 trus
526 1908 534 1955 ε
555 1911 626 1956 non
645 1893 695 1983 est
710 1890 748 1955 in
760 1887 829 1956 alio
844 1887 962 1979 aliquo
976 1887 1083 1969 salus3
1101 1908 1166 1955 nec
1182 1885 1276 1955 enim
1288 1885 1384 1954 aliud
1398 1907 1525 1955 nomen
1538 1888 1663 1956 estsub
1676 1889 1772 1957 coelo
1895 1879 1898 1885 ’

437 1994 555 2063 datum
586 1994 795 2063 hominibus
818 1994 858 2062 in
877 2016 946 2085 quo
975 1997 1133 2084 oporteat
1164 2015 1229 2060 nos
1253 1993 1365 2061 salvos
1385 1991 1461 2060 fieri
1480 1992 1567 2083 (Act.
1584 1993 1691 2085 ῌῖ).
1711 1995 1778 2086 lpsi
1895 2031 1896 2034 ¹

449 2123 532 2189 ergo
551 2100 618 2168 sibi
632 2104 711 2169 sunt
722 2123 825 2169 causa
838 2101 1018 2184 interitum
1032 2121 1153 2167 verum
1169 2100 1236 2167 hac
1259 2100 1334 2190 ipse
1352 2101 1620 2169 comminatione
1632 2100 1682 2170 eis
1701 2124 1783 2194 ape·

448 2207 493 2275 rit
508 2208 600 2275 viam
614 2206 827 2299 modumque
842 2231 878 2276 se
897 2206 1066 2276 salvandi.
1087 2206 1253 2298 Enuntiat
1264 2205 1415 2302 Christus
1423 2205 1467 2274 de
1485 2228 1520 2276 se
1535 2207 1629 2298 quod
1639 2208 1724 2277 olim
1738 2207 1781 2277 de

444 2313 573 2382 infante
585 2314 724 2382 Simeon
736 2314 892 2384 dixerat:
909 2313 1042 2406 positus
1053 2318 1104 2381 est
1120 2313 1178 2381 hic
1188 2312 1227 2381 in
1242 2312 1379 2381 ruinam
1392 2317 1426 2381 et
1439 2314 1477 2380 in
1491 2313 1776 2384 resurrectionem

440 2421 629 2488 multorum
645 2422 683 2488 in
695 2421 801 2490 lsrael
813 2421 905 2511 (Luc.
927 2420 1035 2511 ψ).

481 2532 521 2596 Et
533 2532 749 2618 quantopere
763 2526 857 2595 idem
874 2527 1007 2623 positus
1019 2526 1064 2594 sit
1075 2525 1263 2614 insignum
1275 2525 1332 2594 cni
1346 2525 1610 2610 contradicetur,
1626 2527 1690 2596 hac
1701 2530 1771 2597 iam

442 2635 674 2726 disputatione
689 2634 929 2703 adumbratur.
952 2638 1015 2701 Pro
1034 2654 1096 2700 sua
1114 2632 1206 2700 enim
1231 2632 1447 2720 malignitate
1466 2637 1500 2702 et
1513 2633 1772 2703 contradicendi

438 2743 658 2810 contentione
680 2741 819 2834 ludaei,
838 2740 996 2832 quemvis
1021 2740 1130 2808 scient
1147 2760 1249 2829 quem
1264 2738 1419 2823 sedicet,
1436 2744 1553 2808 tamen
1572 2762 1653 2809 eum
1665 2742 1772 2810 inter·
1886 2737 1891 2747 ’

437 2852 605 2939 rumpunt
625 2849 752 2916 itemm
774 2871 808 2915 v.
830 2855 873 2916 25
900 2846 1060 2915 dicebam
1079 2868 1159 2937 erqo
1178 2847 1213 2914 ei
1230 2868 1243 2912 .·
1265 2857 1303 2913 tu
1322 2846 1401 2937 quis
1416 2848 1475 2915 es?
1489 2846 1613 2916 modus
1627 2846 1774 2918 interro-

444 2953 552 3042 gandi
579 2960 816 3045 contemptum
842 2959 877 3022 et
899 2954 1095 3021 irrisionem
1120 2975 1205 3043 prae
1227 2975 1263 3019 se
1288 2953 1373 3034 lert3
1395 2951 1536 3043 insuper
1554 2952 1774 3045 impudenter

441 3067 611 3151 quaerunt
634 3082 676 3128 ec
696 3061 725 3128 si
748 3081 928 3151 nunquam
950 3065 1041 3127 lesus
1059 3058 1198 3126 dixisset
1216 3059 1293 3148 quis
1307 3062 1394 3126 esset
1405 3064 1465 3127 aut
1478 3058 1531 3127 illi
1544 3082 1724 3152 nunquam
1737 3063 1775 3131 id

441 3167 629 3246 audissent3
647 3166 739 3234 dieii
755 3167 804 3235 eis
819 3168 913 3235 lesus
928 3164 1166 3257 :principium
1181 3164 1244 3255 qui
1255 3176 1289 3231 et
1299 3164 1421 3255 loquor
1434 3163 1529 3234 codas
1537 3175 1591 3252 τὴν
1610 3171 1708 3258 ἀρχὴν
1720 3175 1737 3238 ’ὁ
1748 3199 1777 3239 τι
1889 3152 1894 3159 ’

442 3280 491 3342 καὶ
509 3282 595 3342 λαλῶ
616 3283 701 3358 term
728 3273 912 3341 lectionem
935 3271 1141 3340 hodiernam
1161 3270 1258 3359 vulg.
1275 3292 1467 3362 paucorum
1481 3271 1635 3342 codicum
1654 3275 1776 3345 suffra·

441 3381 501 3469 gio
515 3380 601 3463 niti,
625 3379 704 3448 vide
730 3380 809 3448 leet.
831 3402 924 3465 var.;
946 3378 1110 3447 lectiones
1131 3377 1231 3469 quia,
1258 3377 1354 3470 quod
1374 3383 1425 3446 sat
1443 3380 1572 3449 multos
1586 3381 1715 3450 habent
1728 3387 1778 3451 te·

439 3493 516 3555 stes.
534 3492 658 3555 Sensus
670 3540 678 3568 ,
690 3485 741 3576 uti
754 3491 863 3577 putet,
883 3508 952 3554 non
967 3509 1008 3553 er
1022 3485 1179 3553 versione
1192 3484 1317 3569 latina,
1332 3485 1395 3553 sed
1413 3509 1452 3554 ex
1465 3507 1593 3576 graeco
1607 3489 1777 3558 eruendus

441 3600 501 3663 est.
519 3594 705 3684 Explicotio
720 3591 1002 3684 probabilissima
1011 3596 1061 3660 est
1073 3614 1086 3661 ⁴:
1103 3593 1245 3660 omnino
1262 3591 1312 3681 (id
1325 3591 1414 3683 sum)
1427 3593 1521 3684 quod
1535 3601 1569 3663 et
1579 3594 1706 3685 loquor
1718 3619 1778 3665 vo·

440 3700 509 3782 bis,
536 3707 671 3768 etcum
695 3699 732 3767 in
758 3699 888 3767 seriore
911 3686 1098 3788 graecitate
1121 3705 1200 3781 ὅστις
1224 3704 1290 3766 etc.
1316 3698 1421 3767 etiam
1444 3721 1507 3791 pro
1528 3701 1773 3791 interrogativo

440 3817 484 3890 τίς
499 3811 563 3875 etc.
578 3811 730 3897 ponatur
746 3806 785 3874 in
799 3805 937 3874 directis
951 3804 1298 3893 interrogationibus,
1313 3805 1402 3874 verti
1416 3802 1554 3898 quoque
1563 3807 1683 3877 eodem
1698 3810 1773 3879 iure

445 3918 575 4005 potest:
591 3914 734 3984 omnino
753 3935 816 3981 cur
830 3913 934 3980 etiam
947 3912 1075 4003 loquor
1086 3910 1205 3980 vobis?
1214 3919 1248 3980 et
1262 3913 1331 3981 hoc
1344 3912 1466 3981 sensu¹
1481 3914 1643 3984 videntur
1659 3918 1777 4005 graeci

443 4020 549 4090 verba
567 4018 782 4087 intellexisse.
808 4024 893 4088 Nam
916 4017 995 4087 cor.
1022 4018 1072 4086 ita
1092 4019 1235 4089 scribit:
1258 4019 1398 4108 indigni
1410 4019 1491 4090 estis
1504 4021 1565 4111 qui
1578 4023 1685 4092 verba
1702 4045 1780 4092 mee

446 4127 609 4208 audiatis,
631 4124 759 4193 nedum
782 4125 921 4194 discatis
947 4125 1024 4216 quis
1042 4147 1108 4213 ego
1128 4127 1210 4205 sim3
1232 4125 1314 4193 item
1339 4124 1484 4217 Theoph.
1495 4146 1511 4211 ,⁰
1527 4126 1631 4196 suth.
1650 4150 1781 4198 sermo·

447 4255 526 4302 nem
551 4255 623 4301 esse
647 4231 851 4301 defectivum
877 4233 943 4316 ait;
959 4253 1097 4300 sensum
1116 4237 1233 4300 eutem
1248 4255 1320 4300 esse
1340 4239 1445 4314 ε’ὀλως
1463 4238 1509 4303 ὅτι
1530 4240 1579 4303 καὶ
1602 4243 1688 4305 λαλῶ
1712 4247 1781 4323 ὑμῖν

446 4347 581 4430 περιττόν
598 4350 692 4425 terrm
713 4341 795 4430 Cpr.
817 4340 909 4410 hunc
930 4341 967 4409 in
992 4339 1160 4408 modum:
1180 4339 1362 4430 oportebat
1381 4337 1522 4408 omnino
1537 4363 1605 4408 non
1623 4365 1683 4410 vos
1697 4344 1783 4412 allo·

448 4449 506 4537 qui
522 4447 567 4515 ab
579 4446 677 4515 initio
696 4447 789 4536 (ὅλως
812 4451 888 4516 κατὰ
906 4457 960 4533 τὴν
981 4445 1105 4536 ἀρχὴν).
1123 4451 1215 4526 Quae
1231 4445 1461 4537 paraphrases
1473 4445 1781 4536 interrogationem

447 4552 541 4620 illam
551 4556 721 4623 referunt:
737 4552 880 4621 omnino
895 4555 1071 4623 curetiam
1085 4551 1211 4642 loquor
1220 4553 1343 4620 vobis?
1357 4555 1442 4621 Cum
1456 4553 1586 4622 illinon
1600 4557 1714 4624 studio
1730 4558 1781 4625 di·

477 4729 498 4773 t.
516 4723 547 4771 Et
562 4721 643 4773 clem.
670 4726 745 4774 Hom.
769 4727 823 4783 6,ss
841 4719 974 4773 nabetur:
994 4725 1014 4774 st
1036 4723 1271 4788 μὴπιρακο).ονθιῐς
1290 4721 1776 4791 οῖς).ἐγω,τίκα1τὴνάρχὴνδιιλέγοο

446 4820 502 4868 tuli
