4050 5648
206 122 228 149 „a
243 118 429 155 „..,.3¹21.⁴‚·e:.⁴iw.¹··
510 116 520 140 t
543 136 560 148 „
582 138 601 163 u,
619 124 635 135 ¹·

198 320 1251 393 =ax..·-·..2'.1rafflw‘*‘fiammae-unffw„aeter
1415 355 1418 360 ·
1518 355 1545 383 .·
1611 339 1621 352 ‘·
1648 330 1707 409 ἧς
1720 340 1723 345 ·

438 411 440 415 .
487 397 488 400 ’
731 393 734 415 ῑ
788 394 791 402 ·
1075 402 1086 421 ².
1175 413 1177 417 .
1270 396 1315 421 ⁵7¹
1350 402 1358 413 ,,
1391 399 1426 407 ,,
1486 396 1508 401 ..
1673 390 1729 425 ,ἐὴ

269 376 364 436 ψ

251 492 291 582 lt)
363 569 366 577 .
642 527 776 579 manaan
797 500 1184 579 sca1rs1ssnsvanenc1nu.

248 686 331 756 pore
352 686 420 752 quo
442 671 602 736 omnihus
617 661 802 730 fatentibus
824 663 974 731 narratio
989 665 1255 757 synopticorum
1270 664 1339 730 iam
1355 663 1485 733 diutins
1504 670 1579 735 erat

249 778 341 837 nota.
362 776 430 839 lam
444 775 479 841 id
495 778 606 864 ipsum
621 767 713 858 quod
730 770 945 857 evangelium
968 772 1052 841 adeo
1071 796 1093 841 a
1108 770 1288 859 synoptica
1307 772 1508 840 narratione
1524 773 1577 839 di-

250 900 383 946 versum
400 882 545 971 (ratione
565 874 683 942 habita
700 876 879 968 temporis,
902 877 1053 961 regionis
1075 878 1135 945 ubi
1156 881 1250 943 lesus
1269 876 1434 959 docebat,
1451 898 1579 946 sermo-

251 1007 349 1070 num,
367 987 563 1068 eventuum)
580 988 694 1048 tamen
713 986 786 1052 sine
803 984 873 1050 ulla
893 986 1124 1052 controversia
1143 982 1381 1072 accipiebatur
1395 990 1576 1072 tamquam

251 1092 340 1161 liber
352 1096 396 1162 ab
414 1089 568 1181 apostolo
585 1093 708 1158 loanne
723 1090 932 1178 conscriptus
951 1093 1147 1159 testimonio
1163 1098 1213 1159 est
1232 1088 1274 1155 dc
1287 1090 1425 1176 origine
1439 1095 1577 1180 aposto·

252 1201 316 1268 lica
331 1199 490 1268 omnihus
511 1196 695 1263 certissime
714 1197 912 1263 constitisse.
936 1201 1022 1264 llaec
1040 1220 1109 1264 una
1134 1204 1169 1264 et
1192 1198 1294 1264 firma
1315 1199 1491 1286 persuasio
1506 1195 1577 1263 cffi-

251 1330 326 1374 cere
348 1303 473 1393 potuit,
495 1308 532 1368 ut
555 1326 621 1370 non
645 1305 800 1371 obstante
815 1326 856 1371 ea
873 1301 1069 1371 diversitate
1091 1310 1206 1370 tamen
1227 1307 1366 1394 praeter
1383 1306 1578 1395 synopticos

250 1416 410 1502 quartum
426 1411 643 1498 evangelium
659 1412 833 1477 communi
854 1430 1017 1476 consensu
1033 1410 1258 1498 reciperetur.
1401 1487 1402 1490 Ἴ

295 1520 358 1582 lste
377 1539 458 1583 vero
480 1539 668 1584 consensus.
680 1523 751 1583 tum
771 1538 833 1583 sua
852 1515 1055 1604 antiquitate
1078 1523 1151 1584 tum
1172 1538 1236 1582 sua
1261 1517 1517 1584 universalitate
1533 1517 1578 1582 si-

229 1698 231 1702 ,
251 1623 323 1689 mul
333 1624 475 1714 praebet
485 1630 725 1707 argumentum
741 1621 971 1690 firmissimum
982 1620 1025 1689 de
1038 1623 1174 1710 origine
1189 1622 1376 1710 apostolica
1390 1621 1575 1710 evangelii.

250 1735 334 1797 Nam
349 1730 418 1796 iam
432 1734 511 1795 ante
530 1729 634 1794 finem
648 1727 774 1795 saeculi
789 1729 929 1797 secundi
945 1729 1164 1817 evangelium
1182 1729 1249 1795 hoc
1263 1728 1301 1795 in
1315 1730 1476 1797 universo
1493 1729 1577 1797 orbe

250 1834 417 1904 catholico
437 1834 595 1920 agnitum
615 1842 689 1902 erat
712 1839 886 1924 tamquam
908 1858 991 1925 opus
1012 1836 1159 1925 apostoli
1183 1834 1336 1918 loannis;
1354 1841 1387 1902 et
1410 1836 1499 1903 bene
1513 1859 1578 1903 no-

251 1940 393 2008 tandum
410 1940 603 2007 testimonia
619 1964 707 2029 quae
722 1942 848 2029 scripta
859 1949 939 2009 sunt
954 1965 993 2008 eo
1012 1949 1166 2032 tempore
1180 1941 1271 2008 circa
1282 1962 1412 2008 annum
1428 1950 1491 2009 170
1506 1964 1578 2009 non

249 2048 358 2116 solum
378 2047 554 2114 declarare
577 2048 835 2137 persuasionem
858 2071 898 2114 eo
917 2070 1009 2116 anno
1031 2049 1220 2136 vigentem,
1242 2070 1362 2142 verum
1378 2070 1480 2117 usum
1500 2048 1578 2115 diu-

250 2160 389 2221 turnum
413 2161 445 2221 ct
464 2154 717 2242 persuasionem
739 2177 760 2222 a
777 2154 894 2222 multis
912 2157 1013 2222 annis
1031 2155 1099 2222 alte
1120 2154 1243 2222 animis
1261 2154 1413 2222 insitam.
1440 2155 1581 2242 lnsigne

249 2262 315 2328 hac
329 2262 365 2326 in
381 2283 417 2326 re
430 2267 479 2326 est
494 2261 725 2328 testimonium
743 2263 888 2342 lrenaei,
906 2261 1063 2352 discipuli
1074 2261 1275 2351 polycarpi,
1291 2262 1579 2352 qui‘Polycarpus

249 2367 437 2456 discipulus
452 2373 525 2434 erat
540 2368 674 2434 loannis
684 2368 826 2457 apostoli
845 2389 852 2433 :
869 2395 885 2428 «
902 2376 1021 2458 postea
1035 2376 1070 2435 et
1082 2374 1225 2435 loannes
1240 2368 1429 2459 discipulus
1444 2368 1579 2435 Domini

250 2475 309 2563 qui
320 2482 354 2540 et
365 2496 469 2564 supra
480 2481 596 2563 pectus
611 2476 682 2540 eius
694 2473 931 2554 recumbebat,
949 2481 984 2541 et
1000 2475 1073 2564 ipse
1090 2474 1200 2542 edidit
1215 2474 1437 2560 evangelium
1455 2474 1578 2564 Ephesi

249 2581 346 2647 asiae
360 2603 575 2647 commorans
592 2610 607 2642 a
621 2583 664 2669 (c.
683 2581 777 2648 haer.
794 2586 867 2662 3,1;
883 2582 930 2647 M.
953 2582 1083 2671 7‚8t5).
1102 2581 1312 2648 Eius'autem
1327 2582 1504 2671 persuasio
1519 2583 1577 2648 lir-

250 2709 305 2754 ma
327 2711 367 2755 eo
389 2688 501 2774 magis
521 2689 635 2754 valere
657 2688 775 2768 debet,
802 2687 883 2777 quia
905 2689 999 2754 testis
1019 2687 1118 2755 nobis
1143 2683 1194 2754 e'st
1210 2693 1243 2754 et
1262 2688 1447 2774 evangelia
1464 2694 1579 2756 nostra

249 2795 422 2859 communi
444 2794 599 2859 omnium
609 2795 777 2859 sententia
789 2793 910 2861 haberi
921 2794 1073 2880 genuina
1089 2799 1124 2861 et
1136 2796 1188 2860 sui
1204 2794 1368 2883 temporis
1382 2795 1578 2862 doctrinam

250 2900 369 2965 relerri
390 2899 433 2965 ad
454 2899 692 2966 auctoritatem
710 2899 946 2987 apostolicam.
968 2904 1007 2965 Et
1028 2899 1071 2965 de
1090 2899 1282 2986 evangeliis
1297 2899 1439 2988 quidem
1455 2901 1503 2966 ita
1519 2902 1579 2967 ha·

248 3006 304 3071 bet
322 3028 329 3073 :
349 3034 364 3065 «
382 3012 476 3072 tanta
493 3012 543 3072 est
559 3013 672 3071 autem
694 3006 784 3071 circa
801 3005 980 3092 evangelia
996 3005 1079 3071 haec
1095 3005 1254 3086 firmitas,
1272 3011 1356 3072 utet
1372 3007 1436 3094 ipsi
1453 3006 1577 3073 haere-

249 3111 308 3178 tici
328 3111 560 3178 testimonium
575 3111 721 3178 reddant
738 3112 786 3177 eis
800 3116 834 3177 et
849 3134 889 3178 ex
908 3111 990 3200 ipsis
1004 3112 1187 3197 egrediens
1203 3112 1441 3201 unusquisque
1457 3134 1578 3180 eorum

249 3225 392 3285 conetur
415 3240 512 3284 snam
534 3218 671 3285 firmare
693 3216 884 3284 doctrinam
903 3246 918 3278 n
935 3218 971 3305 (l.
988 3239 1018 3284 c.
1038 3225 1130 3295 3‚11.
1149 3218 1197 3306 5).
1217 3221 1348 3294 Quanta
1364 3225 1481 3285 autem
1499 3241 1578 3287 con-

249 3325 374 3392 stantia
386 3331 416 3389 et
432 3324 594 3391 firmitate
602 3323 736 3410 singula
747 3323 923 3390 doctrinae
938 3325 1052 3412 capita
1065 3323 1342 3414 adapostolicam
1355 3324 1577 3392 traditionem

250 3438 283 3498 et
298 3430 537 3498 auctoritatem
552 3430 672 3496 referri
687 3429 774 3496 etah
788 3452 829 3496 ea
839 3428 987 3496 derivari
1001 3431 1032 3495 ei
1048 3450 1250 3518 persuasum
1265 3429 1325 3511 sit,
1340 3429 1477 3518 integer
1489 3432 1578 3498 liber

251 3537 323 3603 eius
340 3561 370 3604 c.
391 3538 486 3602 haer.
505 3536 598 3603 testis
616 3543 665 3603 est
685 3535 738 3622 (ci.
761 3542 830 3617 3,3.
849 3542 887 3616 3;
909 3541 978 3615 3,t.
996 3543 1035 3616 23
1056 3543 1165 3618 3,5‚1.
1188 3542 1332 3625 t,33,8).
1350 3538 1410 3615 Qui
1432 3560 1513 3604 vero
1529 3539 1577 3605 ita

250 3643 350 3710 sentit
363 3665 474 3732 neque
494 3643 600 3711 ullam
613 3642 806 3709 doctrinam
819 3642 1039 3731 amplectitur
1056 3642 1122 3709 nisi
1141 3641 1276 3710 camah
1290 3643 1456 3732 apostolis
1472 3643 1577 3711 tradi-

251 3757 320 3817 tam
339 3744 554 3836 cognoverit,
577 3756 666 3817 certe
686 3748 714 3815 is
732 3771 803 3815 non
824 3750 997 3834 integrum
1014 3748 1145 3816 librum
1166 3755 1344 3839 tamquam
1364 3749 1408 3817 ab
1421 3750 1576 3840 apostolo

249 3857 411 3945 scriptum
430 3856 584 3944 adeoque
603 3877 756 3922 summae
773 3855 984 3922 auctoritatis
1003 3856 1251 3922 documentum
1270 3857 1490 3946 suscepisset,
1510 3856 1577 3925 nisi

251 3963 435 4029 certissime
447 3963 595 4030 scivisset
607 3961 734 4030 librum
752 3961 880 4028 hahere
895 3961 1089 4050 apostolum
1103 3966 1277 4029 auctorem
1294 3962 1386 4052 (vide
1402 3986 1491 4053 quae
1507 3964 1578 4031 dixi

250 4069 287 4135 in
308 4073 493 4136 Commeat.
513 4071 625 4136 llatth.
646 4074 658 4135 l
680 4093 714 4159 p.
738 4076 757 4135 5
777 4069 876 4159 seq.).
900 4072 1060 4135 lrenaeus
1079 4090 1157 4135 cum
1177 4068 1385 4159 Polycarpo,
1408 4069 1577 4160 discipulo

252 4184 285 4241 et
306 4177 460 4242 auditore
487 4177 623 4242 loannis
645 4182 862 4243 conversatus
887 4174 1074 4242 abeodem
1101 4175 1144 4241 de
1169 4182 1309 4242 auctore
1334 4176 1505 4261 evangelii
1527 4183 1577 4244 est

254 4282 403 4350 edoctus,

299 4391 349 4455 Uti
365 4391 400 4455 in
416 4389 555 4456 ecclesia
570 4391 681 4472 Asiae,
704 4391 749 4457 ita
765 4411 903 4480 quoque
917 4390 952 4456 in
967 4389 1109 4457 ecclesia
1119 4389 1343 4457 alexandrina
1358 4391 1594 4477 evangelium

255 4496 319 4560 hoc
334 4497 524 4584 antiquitus
539 4504 656 4562 notum
673 4507 757 4564 erat.
779 4497 932 4563 Clemens
949 4499 1038 4564 enim
1060 4496 1146 4562 alex.
1166 4500 1269 4563 refert
1285 4504 1461 4586 tamquam
1479 4504 1578 4586 παρά-

255 4611 330 4669 δοσιν
351 4614 408 4669 τῶν
433 4607 574 4672 ἀνέκαθεν
592 4613 794 4691 πρεσὲυτέρων
814 4628 821 4672 :
842 4608 983 4670 loannes
1002 4603 1156 4670 omnium
1179 4604 1499 4694 (evangelistarum)
1514 4629 1578 4694 po-

255 4715 415 4787 stremus,
433 4731 512 4776 cum
528 4711 658 4777 videret
672 4711 707 4775 in
722 4711 866 4778 aliorum
886 4711 1075 4797 evangeliis
1090 4731 1129 4775 ea
1145 4734 1234 4800 quae
1254 4710 1298 4777 ad
1316 4732 1442 4802 corpus
1455 4711 1578 4777 Christi

256 4818 430 4907 pertinent
449 4818 575 4885 tradita
599 4839 684 4898 esse,
710 4817 825 4885 (lirino
849 4816 976 4906 Spiritu
998 4818 1134 4884 alllatus
1159 4816 1336 4908 spirituale
1358 4818 1578 4904 evangelium

257 4922 477 4993 familiarium
500 4944 638 4992 suorum
663 4929 784 5010 rogatu
804 4923 1002 5013 conscripsit
1025 4923 1131 5014 (apud
1149 4926 1271 4992 Euseb.
1296 4925 1331 4992 h.
1356 4949 1386 4994 e.
1410 4932 1507 5008 ss,lt;
1527 4931 1576 4998 M.
