4050 5648
391 664 407 698 n
432 635 578 707 formata
592 637 744 728 cognitio
763 631 809 699 ab
823 654 865 700 ea
885 657 921 703 re
942 658 1047 727 quam
1060 637 1186 702 scimus
1203 632 1347 702 verbum
1364 642 1415 702 est
1433 636 1529 726 quod
1543 637 1581 704 in
1601 633 1705 704 corde

388 741 560 813 dicimus»
580 747 692 836 (tract.
713 747 728 805 1
747 739 783 805 in
800 743 911 826 loen,
926 744 969 811 de
982 741 1102 810 Trinit.
1118 748 1229 824 t5‚10.
1248 745 1301 807 11.
1321 744 1378 818 12;
1394 747 1433 809 u.
1450 742 1705 832 saturante),

386 855 420 916 et
438 851 541 921 simili
557 850 660 919 modo
678 847 845 916 Eusebius
863 872 1001 940 quoque
1016 853 1117 934 Λόγον
1133 847 1202 916 dici
1222 847 1344 914 Filium
1362 847 1419 914 liei
1433 850 1595 932 affirmat,
1611 849 1708 940 quod

387 960 542 1026 omnium
557 973 677 1025 rernm.
689 953 890 1023 artificiosas
903 962 936 1023 et
954 954 1107 1022 efficaces
1127 954 1277 1023 rationes
1298 952 1516 1041 omnipotens
1536 958 1573 1023 in
1596 979 1638 1024 eo
1655 979 1710 1023 re-

388 1065 515 1156 posuit3
531 1060 609 1128 dein
628 1059 778 1149 explicat
792 1083 894 1152 qnam
910 1063 1032 1148 ingens
1045 1057 1229 1128 discrimen
1243 1057 1436 1129 intercedat
1453 1060 1544 1130 inter
1561 1061 1708 1130 verbum

385 1171 522 1239 animae
536 1166 708 1235 humanae
722 1177 757 1235 et
769 1169 860 1234 inter
876 1168 933 1234 [lei
948 1167 1095 1234 Verbum
1110 1166 1202 1254 quod
1215 1167 1321 1236 babet
1333 1166 1510 1257 propriam
1522 1168 1710 1238 subsisten-

385 1277 469 1342 tiam
490 1294 630 1363 prorsus
653 1274 807 1342 divinam
823 1279 859 1340 et
871 1272 1122 1360 intelligentem
1142 1273 1373 1362 (isinana...
1395 1278 1518 1363 νοεράν,
1535 1279 1628 1344 nem.
1651 1298 1706 1344 ev.

385 1388 461 1461 5,5;
480 1381 527 1445 M.
547 1383 779 1466 suain-377).
802 1384 840 1446 Et
856 1379 894 1446 S.
918 1379 1069 1447 Basilius
1089 1378 1208 1448 scribit
1224 1381 1261 1448 in
1284 1380 1428 1448 bomilia
1445 1380 1491 1448 ad
1509 1385 1604 1448 toan.
1624 1388 1707 1464 1‚1:

386 1491 478 1574 λέγου
494 1486 620 1578 duplex
632 1493 683 1555 cst
696 1484 927 1572 intelligentia
939 1508 947 1554 :
959 1486 1046 1554 alter
1058 1484 1150 1552 enim
1162 1488 1437 1579 voceprolertur,
1453 1487 1543 1556 alter
1553 1487 1712 1555 internus

387 1592 579 1682 (ἐνδιάθετος)
600 1597 651 1661 est
664 1599 698 1660 et
712 1591 838 1658 animis
862 1593 985 1660 nostris
1000 1591 1161 1659 insitus...
1181 1594 1242 1661 sed
1259 1593 1408 1661 Verbum
1422 1600 1526 1683 prout
1543 1600 1611 1663 [leo
1626 1616 1713 1662 con·

385 1700 478 1768 venit
487 1700 730 1788 interpretare;
743 1720 806 1764 cur
815 1697 1028 1767 verbumiut
1037 1697 1258 1789 perspicuum
1266 1701 1310 1766 sit
1321 1701 1522 1789 processisse
1531 1724 1572 1768 ex
1583 1707 1709 1783 mente,

385 1806 469 1895 quia
482 1807 599 1893 imago
617 1811 667 1872 est
680 1803 848 1892 genitoris
864 1810 974 1872 totum
993 1808 1029 1872 in
1047 1827 1084 1872 se
1106 1804 1181 1895 ipso
1195 1806 1389 1892 genitorem
1406 1805 1606 1889 ostendens,
1622 1807 1712 1874 nibil
1835 1842 1838 1847 ·

384 1911 465 1979 inde
476 1933 640 2002 separans
650 1915 684 1978 et
696 1933 804 2000 perse
819 1911 1008 2002 perlectum
1021 1912 1197 1993 exsistens,
1214 1911 1511 2001 quemadmodum
1522 1918 1555 1980 ct
1566 1913 1713 1980 verbum

385 2023 539 2085 nostrum
549 2018 654 2085 totius
668 2022 806 2084 nostrae
817 2017 1033 2104 cogitationis
1048 2019 1152 2085 relect
1163 2018 1352 2104 imaginem
1363 2021 1422 2106 (M.
1440 2019 1592 2108 atsur).
1608 2019 1713 2088 Simi-

384 2125 462 2192 liter
482 2126 519 2192 S.
537 2128 683 2192 locnnes
701 2121 927 2191 damascenus
946 2124 1130 2193 discrimen
1145 2123 1293 2216 explicat
1310 2125 1401 2192 inter
1421 2125 1566 2192 verbum
1587 2126 1714 2194 huma·

251 2271 254 2283 ·
384 2253 467 2298 num
483 2240 517 2298 et
534 2230 683 2298 Verbum
698 2230 872 2313 divinum,
889 2230 979 2320 qnod
994 2229 1142 2300 Verbum
1157 2255 1178 2299 a
1191 2235 1291 2298 Patre
1305 2231 1463 2318 genitum
1477 2237 1578 2300 estet
1592 2233 1710 2300 omnia

299 2332 306 2341 ’
385 2339 421 2404 in
438 2360 473 2406 se
489 2337 637 2405 ostendit
651 2359 740 2427 qnae
754 2338 791 2405 in
807 2343 874 2406 Deo
889 2338 1146 2428 conspiciuntur
1160 2337 1217 2426 (da
1235 2337 1302 2404 fide
1322 2345 1395 2421 1,n;
1411 2341 1458 2407 M.
1477 2342 1629 2427 stanti

429 2449 528 2513 Pater
541 2444 659 2535 itaque
678 2466 713 2512 se
730 2445 844 2536 ipsum
862 2444 1061 2530 intelligens
1074 2442 1222 2512 Verbum
1241 2444 1418 2534 producit;
1442 2476 1458 2507 α
1478 2447 1545 2513 hoc
1564 2445 1715 2513 Verbum

385 2552 473 2620 ratio
490 2557 657 2642 perpetua
669 2556 736 2633 est,
756 2552 925 2642 sapientia
943 2550 1167 2641 sempiterna.
1181 2551 1374 2619 intellectus
1384 2552 1717 2644 incomprehensibi·

383 2658 442 2738 lis,
457 2658 584 2724 veritas
596 2657 916 2725 incommutabilis»
931 2657 1062 2746 (Eup).
1077 2664 1185 2748 Atque
1197 2659 1283 2725 baec
1297 2660 1397 2742 ratio,
1415 2661 1498 2750 quia
1510 2659 1655 2728 verbnm
1665 2665 1717 2728 est

385 2762 476 2831 filius
490 2763 603 2830 cordis
615 2766 771 2852 (utrinq.
786 2763 958 2853 loquitur)
973 2764 1149 2854 potissima
1163 2770 1223 2831 est.
1245 2765 1384 2832 Accedit
1400 2765 1525 2847 altera,
1543 2766 1627 2854 quia
1640 2788 1716 2832 ver-

385 2870 469 2938 bum
479 2871 668 2938 nonsolum
679 2870 824 2936 verbum
834 2869 946 2936 cordis
958 2869 1076 2949 estsed
1086 2870 1190 2937 etiam
1199 2871 1278 2937 oris.
1290 2871 1385 2938 Unde
1393 2871 1497 2940 etiam
1506 2882 1637 2940 veteres
1646 2893 1716 2939 uon

385 2977 550 3045 omittunt
567 2976 735 3044 adnotare
753 2977 903 3043 Verbum
928 2977 1059 3060 vocari,
1080 2976 1162 3065 quia
1179 2976 1282 3044 nohis
1300 2977 1344 3044 sit
1361 2978 1533 3067 interpres
1550 2985 1717 3068 paternae

385 3083 572 3152 voluntatis
594 3088 699 3173 atque
723 3081 930 3166 sententiae,
944 3082 1032 3149 sicut
1054 3082 1200 3150 verbnm
1224 3085 1340 3150 vocale
1360 3091 1518 3151 nostrum
1537 3085 1662 3152 mentis
1684 3091 1719 3153 et

385 3190 572 3259 voluntatis
581 3195 718 3256 nostrae
731 3194 784 3255 est
794 3187 963 3278 interpres
979 3189 1052 3277 (Or.
1068 3189 1188 3278 Chrys·
1206 3188 1350 3280 theoph.
1364 3193 1450 3257 Bon.
1465 3190 1601 3279 ituit).
1617 3192 1717 3259 lllam

386 3296 539 3388 priorem
561 3318 632 3364 esse
655 3295 826 3386 potiorem
848 3301 882 3362 et
911 3302 1028 3362 nostro
1049 3294 1126 3362 loco
1150 3296 1249 3363 unice
1272 3297 1496 3386 praecipuam
1517 3301 1613 3386 patet
1633 3298 1716 3387 quia

386 3401 597 3490 evangelista
609 3400 765 3489 loquitur
781 3400 825 3467 de
839 3401 948 3467 Verbo
962 3405 1066 3491 prout
1077 3401 1121 3468 ab
1137 3407 1276 3468 aeterno
1289 3408 1363 3469 erat
1377 3402 1471 3493 apud
1484 3408 1607 3486 Deum3
1621 3403 1719 3471 sinn·

386 3508 497 3576 litndo
507 3513 622 3576 autem
631 3506 692 3573 illa
702 3529 723 3573 a
733 3505 840 3573 verbo
859 3506 968 3573 vocali
984 3507 1189 3597 deprompta
1205 3529 1274 3574 non
1291 3509 1452 3577 convenit
1469 3509 1536 3576 nisi
1549 3514 1719 3600 quatenus

387 3614 423 3682 in
443 3621 597 3704 tempore
612 3618 699 3680 [teus
714 3611 813 3680 nobis
827 3612 961 3680 locutus
981 3613 1081 3679 estin
1101 3612 1184 3680 Filio
1205 3613 1319 3704 (ilebr.
1340 3622 1412 3697 1,1;
1429 3616 1474 3682 ci.
1496 3616 1567 3683 Tol.
1587 3616 1713 3705 Iam).

387 3722 453 3789 Sed
467 3745 508 3789 ex
521 3720 596 3811 ipsa
609 3719 709 3786 Verbi
720 3719 859 3786 notione
871 3718 971 3786 facile
983 3720 1139 3809 sequitur
1154 3721 1242 3787 ratio
1257 3721 1478 3805 conveniens,
1489 3728 1646 3791 curllens
1655 3745 1719 3813 per

388 3828 538 3895 Verbum
553 3832 714 3916 operetur
727 3831 830 3915 atque
847 3847 918 3893 sese
938 3826 1131 3894 manifestet
1146 3826 1189 3893 ad
1208 3832 1320 3908 extra,
1335 3827 1374 3893 id
1393 3828 1483 3917 qnod
1499 3828 1653 3917 theologi
1667 3830 1718 3898 la·

388 3935 455 4002 tius
469 3939 740 4026 prosequuntur.

427 4144 499 4196 lllnd
518 4144 547 4193 in
568 4141 707 4206 principio
726 4143 811 4192 etiam
831 4141 986 4204 explicari:
1010 4143 1038 4190 in
1056 4142 1194 4204 sapientia
1210 4137 1276 4209 (Or.)
1292 4143 1321 4192 tn
1339 4142 1422 4196 Patre
1441 4142 1516 4210 (Cur.
1539 4144 1602 4196 Bed.
1627 4147 1720 4198 riom.

390 4236 455 4284 Βοη.
476 4235 542 4285 Nat.
566 4232 628 4280 ilar.
652 4228 720 4296 etc.)
746 4232 860 4294 impune
884 4229 1050 4294 negligitnr;
1072 4228 1187 4280 euidens
1208 4232 1284 4281 enim
1307 4234 1350 4283 est
1375 4245 1438 4283 eam
1459 4235 1721 4298 interpretationem

388 4319 515 4388 aliasque
530 4333 603 4386 quae
617 4332 652 4369 ex
663 4330 733 4368 voce
748 4313 816 4387 ἀρχή
827 4318 940 4369 extundi
950 4321 1067 4382 possunt
1082 4321 1110 4369 et
1124 4318 1350 4372 extundcbantnr
1359 4321 1394 4371 ab
1409 4322 1464 4372 hoc
1476 4322 1539 4374 loeo
1565 4328 1649 4390 atque
1664 4325 1721 4378 hoc

389 4413 523 4463 contextu
541 4422 604 4462 esse
618 4408 736 4459 alienas.
755 4407 854 4470 Neque
869 4408 917 4458 illa
931 4407 966 4458 de
982 4407 1064 4457 Patre
1078 4408 1270 4472 tnterprctatto
1285 4409 1375 4460 tutcirt
1390 4408 1482 4474 potest
1496 4425 1531 4462 ex
1545 4398 1624 4463 toan.
1642 4414 1717 4474 835.

437 4577 545 4644 Verbo
561 4577 597 4643 in
612 4573 722 4663 seipso
741 4571 958 4639 considerato
977 4597 1009 4640 v.
1030 4579 1085 4639 te
1100 4572 1169 4640 iam
1192 4574 1396 4655 ostenditur,
1412 4577 1586 4664 quomodo
1599 4600 1635 4645 se
1655 4579 1721 4647 ba·

390 4684 471 4751 beat
490 4684 624 4750 ratione
643 4684 879 4747 creaturarum
899 4680 1018 4766 (lans.)
1033 4679 1087 4746 vel
1104 4681 1301 4769 proceditur
1314 4682 1359 4748 ad
1372 4681 1445 4748 eius
1460 4683 1619 4751 virtutem
1634 4684 1720 4753 insi-

391 4787 567 4859 nuandam
590 4761 759 4879 quintum
783 4786 828 4852 ad
852 4786 968 4853 omnia
997 4808 1085 4877 quae
1110 4788 1271 4855 exsistunt
1292 4794 1327 4854 et
1353 4791 1501 4858 secundo
1525 4792 1722 4880 specialiter
1756 4864 1759 4872 ,

391 4900 560 4988 quantum
575 4896 619 4964 ad
635 4893 792 4962 homines
809 4891 955 4981 (l'liom.)
972 4894 1024 4960 vel
1040 4895 1155 4980 agitur
1166 4895 1209 4962 de
1228 4894 1337 4962 Verbo
1352 4895 1389 4962 in
1402 4897 1658 4988 comparatione
1676 4900 1722 4967 ad
