4050 5648
316 707 385 755 non
399 699 473 759 erat
495 689 602 777 legati
626 685 734 752 divini
759 691 1004 781 cuiuscumque
1025 687 1300 781 vel'prophetaa
1317 686 1378 755 sed
1391 691 1500 759 Filiia
1518 692 1632 768 Patre,

315 816 463 885 quocum
488 813 652 862 unumse
672 814 743 862 esse
768 803 948 890 naturaet
969 798 1133 883 potestate
1154 798 1351 864 asseruerat
1370 794 1496 884 (loeo)
1507 813 1520 878 ,’
1530 793 1635 884 idque

313 902 379 970 hoo
395 903 469 969 loco
482 919 620 987 quoque
633 899 746 969 innuit
755 908 860 975 ileum
875 898 1053 989 alloquens
1066 904 1198 970 Patrem
1216 899 1353 988 (Cori).
1480 909 1482 912 ’

356 1005 535 1087 iudicavit,
562 1027 623 1074 eur
643 1016 780 1076 acturus
801 1014 887 1074 esset
906 1028 939 1071 v.
968 1011 1009 1072 i3
1027 1005 1108 1075 hacc
1129 1031 1208 1076 cum
1229 1007 1387 1092 dixisset,
1408 1029 1487 1075 uoce
1507 1029 1637 1100 meque

311 1110 490 1190 clamavit,
513 1114 658 1205 nequis
681 1112 891 1180 adstantium
915 1111 1076 1199 ignorare
1098 1121 1231 1204 posset,
1246 1117 1392 1197 chare,
1415 1113 1493 1179 veni
1517 1115 1633 1201 sorus,

311 1228 397 1304 δεῦρο
421 1221 479 1298 ἔξω
501 1218 568 1287 huc
584 1221 633 1310 (in
653 1221 745 1287 hunc
763 1217 890 1307 locum)
908 1219 1016 1287 foras!
1035 1222 1158 1310 probat
1176 1220 1268 1311 quod
1284 1220 1370 1288 dixit
1386 1239 1394 1286 :
1411 1241 1477 1307 ego
1491 1240 1567 1287 sum
1580 1242 1636 1288 re·

311 1324 475 1392 surrectio
498 1334 532 1394 et
555 1329 640 1405 vita;
660 1324 745 1391 dixit
766 1325 912 1391 et'facta
933 1331 1029 1406 sunt,
1051 1327 1120 1394 iam
1142 1327 1292 1395 ostendit
1315 1348 1435 1396 verum
1455 1346 1526 1394 esse
1545 1325 1636 1415 quod
1691 1335 1693 1338 ’

312 1429 473 1500 dixerat:
498 1433 617 1523 quiin
643 1432 873 1498 monumentis
897 1438 975 1501 sunt
1000 1433 1142 1502 audient
1159 1454 1279 1501 vocem
1294 1434 1379 1501 'Filii
1405 1435 1462 1502 [tei
1479 1454 1512 1500 v.
1537 1436 1580 1500 tt
1604 1444 1637 1500 ct

202 1558 220 1591 a
311 1537 429 1605 statim
455 1536 589 1630 prodiit
610 1537 674 1626 qui
689 1537 807 1625 suerat
828 1552 998 1623 mortuas,
1015 1538 1143 1630 liquens
1157 1540 1264 1631 pedes
1286 1551 1319 1608 et
1345 1561 1468 1608 manus
1489 1537 1634 1627 institis,

312 1654 434 1734 κειρίαις
463 1646 591 1726 fasciis,
619 1642 745 1733 quibus
767 1646 923 1714 membra
950 1646 1055 1713 linteo
1084 1646 1240 1714 involuta
1258 1645 1474 1734 ligabantur3
1500 1647 1638 1736 singula

185 1802 188 1809 .
264 1752 442 1843 ¹quippe
462 1751 638 1834 membre,
660 1750 823 1834 brachia,
838 1751 964 1842 pedes,
980 1751 1096 1820 linteis
1107 1775 1186 1820 cum
1206 1753 1416 1821 aromatibus
1434 1752 1638 1822 ciroumvol·
1739 1759 1744 1767 '

311 1858 482 1926 vehantur
505 1863 538 1924 et
558 1856 671 1924 fasciis
693 1857 904 1944 ligabantur,
930 1871 963 1926 et
980 1858 1093 1949 [acics
1121 1858 1219 1926 illius
1238 1858 1379 1927 sudario
1405 1871 1481 1927 erat
1506 1859 1639 1950 fiqata;

216 2033 218 2037 ,
311 1964 403 2031 discit
422 1964 470 2032 eis
490 1965 585 2032 lesus
607 1986 619 2031 :
644 1963 764 2031 soluite
785 1986 881 2050 cum,
907 1970 944 2032 ut
966 1965 1169 2034 miraculum
1188 1987 1256 2032 non
1278 1965 1386 2033 solum
1405 1965 1562 2050 videant,
1579 1967 1638 2035 s'ed

310 2071 409 2161 quasi
428 2070 587 2139 manibus
607 2069 748 2161 palpent
769 2078 803 2138 et
826 2071 1041 2161 apertissime
1063 2072 1257 2163 percipiant
1277 2094 1348 2140 esse
1367 2072 1515 2140 eundem
1533 2094 1638 2164 wem

310 2183 484 2245 mortuum
510 2179 661 2265 ligarent
679 2183 712 2244 et
732 2183 954 2246 monumento
979 2178 1209 2263 incluserant,
1230 2192 1264 2246 ct
1281 2177 1385 2246 sinite
1402 2179 1514 2264 abire,
1535 2184 1575 2247 ut
1593 2181 1638 2248 'ab

310 2285 471 2352 omnihus
492 2283 650 2352 videatur
663 2284 760 2351 virus
778 2291 815 2352 et
836 2306 949 2353 sanus.
974 2284 1039 2353 Sed
1059 2286 1149 2368 abit,
1167 2286 1380 2354 multitudini
1394 2307 1429 2353 se
1447 2286 1635 2371 subtrahit,

311 2395 349 2458 ut
371 2413 433 2482 pro
457 2387 546 2459 novo
565 2392 654 2459 vitae
676 2413 817 2459 munere
843 2397 909 2460 Deo
928 2401 1010 2480 agat
1026 2393 1154 2480 gratias
1176 2398 1209 2461 et
1233 2392 1436 2460 beneficium
1458 2398 1638 2482 acceptum

311 2498 416 2566 tacita
429 2497 704 2566 consideratione
717 2498 912 2589 perpendat
920 2552 929 2582 ,
938 2505 1042 2590 prout
1053 2498 1110 2590 pie
1123 2499 1285 2568 meditari
1297 2499 1391 2566 licet.

352 2722 463 2785 Solent
480 2728 604 2785 veteres
624 2724 750 2785 litterali
773 2724 977 2803 explicationi
994 2724 1166 2804 adiungere
1186 2725 1396 2804 symbolicam
1417 2724 1469 2785 vel
1490 2723 1638 2804 allegori-

311 2839 392 2884 cam.
410 2824 511 2883 Pauca
526 2822 660 2882 innuere
673 2821 750 2882 satis
765 2822 836 2883 erit.
851 2846 866 2877 u
883 2822 995 2883 ilerito
1010 2823 1084 2901 quis
1096 2822 1212 2883 dixerit
1227 2823 1359 2883 Mariam
1369 2821 1554 2900 symbolum
1567 2839 1637 2883 esse

310 2924 363 2979 τῶν
378 2920 432 2978 ἀπὸ
445 2921 538 2992 lavas,
550 2919 703 2981 Martbam
717 2923 769 2978 τῶν
783 2921 814 2978 tx
826 2924 986 2999 περιτομῆς
1001 2920 1133 2982 fratrem
1148 2937 1223 2982 vero
1236 2936 1344 2980 earum
1359 2937 1379 2979 a
1391 2919 1526 2981 mortuis
1538 2920 1638 2982 susci·
1712 2976 1713 2981 ,
1767 2926 1769 2930 ’

268 3039 269 3042 ’
311 3023 414 3080 tatum
429 3036 505 3079 eum
521 3017 665 3091 innuere,
679 3017 733 3095 qui
749 3017 789 3078 ob
805 3017 911 3096 aliqua
924 3022 1054 3097 peccata
1067 3020 1104 3086 εἰς
1118 3016 1182 3098 ᾅδου
1197 3017 1401 3079 descenderit
1416 3040 1432 3071 »
1450 3013 1537 3098 (ΟΨ.
1550 3015 1635 3099 Oriq.

312 3118 344 3177 in
359 3121 421 3178 cat.
434 3116 553 3196 Cord.).
566 3116 907 3194 Comparatioquoque
922 3116 1196 3178 instituiturinter
1208 3120 1273 3177 tres
1287 3133 1369 3193 quos
1385 3133 1403 3176 a
1417 3115 1553 3176 Domino
1568 3132 1639 3177 sus·
1703 3176 1707 3183 ,

223 3261 225 3264 .
310 3215 425 3276 citatos
440 3215 586 3293 legimus.
603 3213 668 3273 lllis
684 3213 819 3293 intelligi
835 3213 898 3274 tria
911 3230 1027 3292 genera
1042 3219 1263 3292 peccatorum
1281 3237 1296 3267 a
1316 3213 1446 3292 quidam
1460 3215 1548 3274 enim
1562 3230 1637 3293 pec·

310 3317 384 3374 eant
399 3330 456 3391 per
470 3313 660 3374 consensum
676 3312 797 3391 peceati
813 3311 956 3373 mortalis
972 3311 1003 3371 in
1023 3310 1117 3373 corde
1133 3315 1165 3372 et
1179 3311 1231 3371 isti
1248 3310 1413 3390 signantur
1426 3328 1485 3390 per
1498 3310 1638 3390 puellam

311 3415 473 3472 mortuam
489 3411 524 3470 in
538 3409 644 3470 domo.
663 3409 723 3469 Alii
737 3427 814 3470 vero
835 3415 910 3470 sunt
924 3410 978 3488 qui
990 3426 1049 3488 per
1061 3409 1218 3470 exteriora
1236 3409 1326 3488 signa
1341 3413 1372 3470 et
1387 3413 1475 3470 aetus
1490 3411 1636 3489 peccant;

311 3512 343 3569 et
359 3509 526 3588 signantur
540 3524 598 3586 per
611 3511 775 3569 mortuum
791 3507 847 3586 qui
864 3507 995 3568 effertur
1008 3510 1096 3568 extra
1114 3511 1251 3586 portam.
1265 3506 1327 3568 Sed
1343 3506 1471 3585 quando
1488 3523 1548 3585 per
1561 3523 1638 3567 con·

312 3604 514 3667 suetudinem
536 3606 569 3665 in
592 3608 720 3683 peceato
744 3605 924 3678 firmantur,
941 3611 1016 3666 tunc
1036 3605 1233 3666 clauduntur
1253 3602 1286 3664 in
1304 3602 1526 3665 monumento.
1543 3605 1580 3664 Et
1593 3607 1639 3664 ta·

313 3722 388 3765 men
400 3704 554 3764 Dominus
568 3720 680 3764 omnes
695 3701 873 3764 resuscitat.
890 3702 952 3764 Sed
967 3701 1014 3762 illi
1032 3703 1086 3780 qui
1101 3720 1160 3782 per
1175 3719 1367 3763 consensum
1386 3702 1490 3763 solum
1506 3704 1639 3781 peceant

313 3805 345 3863 et
366 3801 545 3862 mortaliter
567 3800 728 3880 peccando
752 3801 945 3872 moriuntur,
962 3800 1084 3862 facilius
1105 3800 1310 3861 suscitantur.
1326 3802 1363 3860 Et
1384 3801 1457 3877 quia
1481 3805 1639 3861 secretum

311 3902 374 3969 est,
395 3899 468 3960 ideo
483 3904 604 3965 secreta
625 3898 847 3959 emendatione
870 3901 1008 3959 curatur.
1027 3898 1158 3969 Quando
1180 3901 1288 3959 autem
1307 3900 1476 3976 peccatum
1497 3896 1640 3976 procedit

312 4000 414 4068 extra,
434 4002 512 4057 tunc
534 3995 664 4074 publico
688 3997 811 4075 indiget
832 3995 977 4056 remedio
998 4020 1024 4056 ».
1047 3997 1094 4056 lta
1115 3995 1221 4056 Ytom.
1244 3995 1384 4056 breviter
1404 3994 1638 4074 complectitur,

312 4113 394 4174 quae
407 4094 502 4156 latius
519 4095 726 4172 prosequitur
739 4094 819 4174 Aac.
835 4096 925 4155 tract.
943 4096 983 4154 is
999 4110 1029 4153 n.
1046 4095 1077 4155 3.
1091 4095 1126 4154 ln
1147 4110 1211 4171 qua
1224 4093 1439 4172 applicatione
1453 4093 1573 4154 mirum
1590 4097 1640 4153 est

311 4195 464 4255 Lazarum
475 4192 612 4253 amicum
625 4191 740 4253 Christi
754 4192 794 4270 (v.
806 4192 854 4271 ll)
869 4195 1106 4270 repraesentare
1120 4193 1321 4270 peccatorem
1334 4191 1474 4269 pessima
1487 4190 1639 4269 peccandi

312 4290 543 4354 consuetudine
571 4289 777 4351 obduratum.
802 4291 905 4351 Etiam
929 4287 1027 4352 Sclm.
1053 4290 1088 4349 in
1116 4306 1272 4367 corporea
1300 4288 1409 4349 Lazari
1433 4289 1639 4351 suscitatione

312 4390 397 4451 cerni
418 4390 463 4450 ait
478 4413 493 4444 «
510 4389 597 4449 iuxta
616 4387 767 4467 spiritum
785 4411 800 4442 »
816 4389 1016 4468 spiritualem
1035 4388 1161 4448 animae
1180 4388 1449 4448 resurrectionem
1469 4405 1487 4448 a
1509 4391 1640 4466 peccato

312 4493 344 4548 et
358 4488 564 4566 potissimum
577 4485 712 4547 alicuius
727 4486 835 4564 magni
852 4490 884 4546 et
899 4486 1033 4565 insignis
1048 4483 1224 4564 peccatoris
1239 4491 1370 4564 propter
1392 4486 1551 4546 scelerum
1571 4500 1641 4544 ma-

314 4585 514 4662 gnitudinem
530 4591 562 4646 et
579 4582 820 4644 multitudinem
834 4583 898 4643 iam
914 4582 1068 4661 deplorati
1082 4580 1113 4662 (l.
1130 4583 1149 4643 6
1165 4585 1253 4643 tract.
1271 4584 1331 4661 ii).
1349 4583 1458 4644 Potius
1475 4598 1641 4642 cernamus

315 4682 518 4761 praeludium
532 4681 771 4744 resurrectionis
786 4681 957 4759 corporum
973 4684 1005 4741 et
1019 4680 1307 4742 manifestationem
1324 4679 1441 4759 gloriae
1457 4679 1589 4740 Christi!

353 4880 433 4932 Hanc
451 4884 640 4946 narrationem
660 4895 716 4933 non
730 4892 793 4932 esse
812 4881 865 4930 nlsl
880 4879 1032 4940 fictionem,
1049 4893 1105 4944 qua
1124 4881 1279 4933 illustretur
1293 4879 1407 4930 effatum
1422 4878 1491 4929 illud
1506 4880 1536 4929 ln
1552 4893 1578 4928 v.
1595 4879 1638 4928 25.

316 4970 349 5022 26
375 4987 387 5020 ι
412 4973 500 5023 crtttel
521 4990 532 5020 ι
553 4971 735 5023 contendunt.
751 4969 821 5021 Esse
839 4970 900 5021 scil.
916 4968 1063 5022 confictam
1081 4983 1118 5021 ex
1135 4971 1244 5022 duabus
1262 4968 1471 5020 narrationibus
1489 4969 1641 5032 synoptlcls
