4050 5648
639 579 642 584 ,
665 518 723 574 c'ua
743 520 925 569 rorissmuu
946 521 1065 566 urceus
1089 497 1225 571 miracu
1245 520 1420 571 sucronem.

205 670 256 771 <f
316 719 318 722 Α
383 647 512 744 gicam;
530 653 736 729 recentiores
750 644 786 720 bi
808 656 868 744 qui
887 677 988 744 saepe
1001 665 1118 726 contra
1133 660 1263 722 veteres
1275 654 1471 742 gloriantur
1485 653 1708 725 dc.methodo

384 765 483 832 unice
507 789 591 836 sana
616 759 907 850 interpretationis
934 762 1359 848 grammatico-historicae
1387 767 1457 832 iam
1478 759 1524 832 ad
1549 763 1707 854 putidum

374 893 490 958 genus
502 874 617 941 omnia
629 868 818 953 allegorice
837 870 1085 957 interpretandi
1100 869 1231 958 delapsi
1252 874 1342 935 sunt.
1365 872 1431 936 Sed
1451 871 1535 961 quid
1551 893 1612 938 nos
1626 869 1708 937 inde

385 977 572 1048 discemus?
590 997 632 1042 en
643 972 776 1063 -quibus
796 974 976 1043 conatibus
990 998 1069 1045 vere
1089 977 1275 1065 desperatis
1289 996 1376 1064 opus
1388 976 1533 1057 babent,
1548 983 1587 1044 ut
1602 998 1707 1043 evan-

374 1114 375 1117 *
384 1087 467 1175 gelii
481 1083 651 1168 originem
665 1083 888 1171 apostolicam
905 1082 1037 1169 possint
1054 1084 1197 1169 negaret

375 1214 380 1223 ·
400 1181 404 1191 ⁴
429 1192 494 1259 Alii
509 1209 646 1277 quoque
661 1211 701 1255 ex
714 1178 889 1256 erroribus
908 1188 1152 1279 geographicis
1167 1193 1201 1253 ct
1220 1187 1388 1255 historicis
1403 1190 1627 1276 apostolicam
1644 1188 1712 1255 ori·

386 1299 501 1385 ginem
522 1315 651 1381 negare
673 1297 887 1363 conabantur
902 1294 959 1382 (cf.
985 1295 1128 1383 Cornely
1149 1294 1173 1359 l.
1196 1315 1224 1360 c.
1246 1318 1282 1384 p.
1299 1295 1392 1382 231).
1417 1299 1462 1360 Ex
1487 1294 1580 1362 hisce
1604 1317 1712 1364 unum

226 1422 249 1495 ,εξ
280 1400 284 1484 J
386 1402 496 1470 solum
516 1401 665 1469 retinent
684 1393 785 1493 quod
803 1399 914 1467 valeat
929 1407 963 1466 et
982 1397 1469 1491 quod‘obiiciantlloltzmann
1488 1406 1523 1467 et
1535 1401 1711 1469 thlicher:

321 1564 324 1568 .
388 1507 550 1598 Caipham
568 1509 637 1576 dici
659 1507 857 1597 pontificem
880 1507 962 1572 anni
983 1509 1077 1574 illius
1092 1507 1220 1596 (lata.
1244 1514 1303 1589 51;
1324 1509 1455 1597 18‚13);
1474 1506 1620 1597 proinde
1633 1529 1714 1595 sup-

306 1648 308 1650 ·
376 1615 470 1707 <poni
484 1614 628 1702 singulis
640 1614 738 1681 annis
751 1613 956 1701 dignitatem
975 1614 1206 1703 pontificalem
1219 1612 1263 1680 ad
1280 1613 1388 1680 alium
1403 1615 1594 1695 transferri,
1611 1609 1715 1704 quem

316 1727 319 1733 ’
376 1734 572 1788 herrorem
596 1750 612 1782 »
638 1720 839 1787 Holtzmann
864 1741 904 1786 ex
924 1721 1169 1788 consuetudine
1187 1715 1660 1809 explicatsecundum'quem
1677 1717 1716 1786 in

242 1813 256 1908 J.
276 1826 279 1830 ’
377 1829 465 1895 »Λεία
478 1826 713 1916 proconsulari
727 1825 872 1913 singulis
886 1825 985 1892 annis
999 1826 1150 1914 pontifex
1164 1826 1435 1894 constituebatur
1450 1834 1483 1893 et
1496 1848 1607 1893 annus
1623 1821 1663 1893 ex
1677 1847 1717 1893 eo

389 1930 635 2018 designabatur
649 1929 710 2021 (cf.
727 1939 922 2013 Mommsen,
940 1933 1136 2000 ltoemische
1151 1932 1352 2001 Gesohichte
1367 1937 1392 1996 V
1407 1955 1441 2022 p.
1455 1932 1547 2023 318).
1562 1931 1717 1999 Sed'cum

292 2091 294 2095 ψ
391 2039 535 2129 Caipbas
555 2039 708 2128 pontifex
732 2038 826 2105 illius
849 2040 931 2106 anni
958 2038 1103 2120 dicatur,
1118 2040 1229 2107 solum
1254 2039 1451 2105 affirmatur
1465 2061 1506 2105 eo
1525 2060 1619 2105 anno
1633 2037 1719 2105 adeo

376 2168 453 2236 pro
468 2167 503 2212 rc
520 2145 704 2212 christiana
719 2146 936 2213 memorabili
951 2168 1030 2213 eum
1043 2138 1184 2213 munere
1195 2146 1351 2212 functum
1371 2167 1465 2227 esse;
1482 2150 1599 2212 utrum
1616 2143 1718 2212 antea

391 2253 443 2318 vel
470 2255 585 2341 postea
618 2252 766 2318 tenuerit
789 2251 1015 2319 sacerdotium
1046 2274 1159 2342 neque
1186 2253 1380 2319 affirmatur
1409 2273 1523 2340 neque
1554 2257 1718 2338 negatur;

378 2357 499 2425 -multo
523 2357 637 2424 minus
655 2380 695 2425 ea
715 2359 885 2425 locutione
904 2359 1067 2425 asseritur
1086 2359 1230 2426 mutatio
1250 2382 1289 2426 ex
1309 2358 1557 2425 consuetudine
1576 2357 1721 2444 singulis
1802 2416 1804 2419 ,

391 2464 490 2531 annis
506 2465 607 2531 facta.
625 2469 782 2532 Ceterum
795 2465 873 2532 vide
886 2465 930 2532 ad
948 2471 1059 2546 11,t9.

436 2578 480 2638 Ex
494 2572 740 2660 antiquissimis
754 2579 788 2639 et
800 2572 993 2639 certissimis
1007 2570 1208 2639 testimoniis
1218 2571 1381 2657 docemur
1395 2571 1620 2660 apocalypsin
1635 2591 1723 2660 opus

314 2686 318 2693 '
392 2700 463 2745 esse
484 2672 618 2745 loannis
641 2672 806 2769 apostoli,
832 2679 867 2745 id
886 2678 980 2770 quod
1006 2678 1086 2746 satis
1111 2678 1204 2745 clare
1230 2678 1267 2744 in
1292 2677 1367 2767 ipso
1394 2677 1486 2744 libro
1505 2677 1669 2745 asseritur
1689 2681 1723 2743 et

393 2784 616 2850 confirmatur
629 2786 832 2850 auctoritate
851 2785 912 2850 illa
933 2808 1002 2872 qua
1023 2806 1135 2851 sermo
1153 2784 1192 2849 fit
1215 2784 1261 2851 ad
1276 2791 1407 2873 septem
1424 2784 1597 2851 ecclesias.
1613 2789 1721 2849 luter-

392 2893 503 2980 pretes
517 2889 678 2956 catholici
693 2890 786 2956 hisce
802 2889 1185 2956 testimoniishistoricis
1200 2890 1293 2956 ducti
1307 2895 1341 2955 et
1359 2890 1723 2979 evangeliumetapo-

392 2996 549 3086 calypsin
573 2998 691 3063 loanni
715 2997 870 3087 apostolo
895 2995 1090 3064 attribuunt
1111 2995 1167 3082 (cf.
1185 3000 1276 3082 llug,
1295 3000 1320 3062 l.
1339 2999 1377 3061 M.
1399 3001 1487 3082 Aug.
1502 2994 1641 3077 Scholz,
1657 2994 1721 3062 ad.

394 3103 506 3181 llaicr,
531 3101 824 3183 AberlcSchanz,
848 3103 991 3182 Kaulen,
1013 3101 1172 3190 Cornely,
1200 3106 1328 3168 Bacuez
1350 3108 1414 3169 etc.
1439 3100 1595 3168 inlibris
1618 3101 1723 3168 intro-

394 3208 587 3298 ductoriis),
607 3209 690 3275 item
703 3209 802 3276 multi
820 3231 859 3274 ex
874 3208 1086 3289 acatholicis,
1100 3207 1178 3274 vide
1194 3229 1224 3273 v.
1240 3229 1275 3294 g.
1294 3230 1380 3297 quos
1394 3214 1575 3274 enumerat
1592 3212 1725 3274 Dtlster-

380 3367 381 3370 ,
396 3313 496 3381 diecti
511 3314 756 3401 (Offenbarung
769 3317 845 3382 lob.
860 3315 945 3381 3ed.
964 3337 998 3403 p.
1014 3317 1079 3401 66).
1101 3319 1224 3380 Verum
1243 3314 1337 3381 haud
1351 3315 1453 3402 pauci
1472 3313 1513 3380 ex
1526 3312 1725 3381 acatholicis

396 3421 449 3488 vel
468 3426 652 3509 utrumque
667 3421 720 3486 vel
742 3420 946 3486 alterutrum
963 3424 1101 3506 negant.
1124 3424 1211 3486 Sunt
1225 3419 1318 3486 enim
1335 3420 1396 3508 qui
1408 3419 1634 3510 apocalypsin
1647 3420 1725 3510 qui·

396 3526 475 3593 dem
501 3527 653 3616 apostolo
680 3524 899 3607 adscribunt,
921 3525 982 3591 sed
1001 3525 1078 3592 ideo
1100 3526 1318 3613 evangelium
1342 3527 1373 3591 ci
1399 3525 1602 3593 abiudicant
1625 3531 1727 3614 (Baur

398 3635 537 3723 eiusque
549 3633 683 3715 schola,
702 3632 866 3710 Koestlin,
885 3631 1097 3718 Hilgenfeld,
1120 3631 1283 3712 ltrenkel‚
1301 3631 1487 3713 Davidson,
1509 3632 1625 3699 Volter
1639 3632 1721 3721 etc.)

399 3739 453 3804 vel
465 3741 523 3829 qui
538 3739 758 3827 evangelium
769 3738 801 3806 ei
820 3738 1030 3830 attribuunt,
1047 3745 1083 3805 at
1097 3743 1283 3828 propterea
1297 3737 1524 3828 apocalypsin
1540 3738 1583 3804 ab
1600 3761 1640 3805 eo
1654 3760 1725 3806 esse

379 3846 558 3934 scriptam
583 3852 712 3933 negant
735 3846 877 3935 (hacke,
900 3844 1059 3925 Credner,
1091 3844 1209 3926 Bleek,
1232 3843 1365 3925 Ewald,
1389 3844 1558 3925 Neander,
1589 3849 1726 3913 Dtlster·

400 3950 530 4039 dieck);
547 3958 580 4017 et
605 3974 658 4019 res
682 3954 749 4019 iam
772 3976 811 4019 eo
836 3951 1013 4041 processit,
1029 3957 1067 4018 ut
1081 3973 1231 4018 asserere
1251 3973 1321 4017 non
1340 3950 1518 4034 dubitent,
1536 3950 1728 4041 omnesqui

401 4058 455 4124 via
469 4066 503 4124 et
517 4057 650 4125 ratione
666 4059 708 4124 de
724 4058 821 4125 libris
836 4058 987 4124 iudicare
1002 4057 1110 4124 sciant
1123 4057 1296 4125 affirmare
1313 4079 1320 4125 :
1340 4080 1412 4124 rem
1426 4081 1497 4125 esse
1512 4056 1724 4146 exploratam
1827 4104 1829 4109 .

400 4164 474 4231 lieri
489 4187 556 4230 non
570 4186 686 4253 posse,
705 4171 742 4232 ut
754 4164 814 4252 qui
827 4165 1000 4253 scripserit
1015 4164 1237 4255 apocalypsin
1249 4164 1353 4231 etiam
1367 4163 1587 4249 evangelium
1603 4163 1727 4231 litteris

400 4270 630 4352 mandaverit,
659 4276 694 4336 et
721 4272 859 4372 pariter,
890 4277 926 4335 ut
951 4270 1011 4359 qui
1038 4270 1257 4357 evangelium
1283 4269 1529 4360 composuerit,
1559 4269 1649 4337 idem
1683 4271 1727 4336 sit

300 4411 302 4414 ⁴
401 4382 519 4443 auctor
535 4378 776 4467 apocalypseos
798 4376 854 4465 (cf.
873 4376 1090 4461 Holtzmann,
1110 4378 1195 4445 Einl.
1215 4400 1247 4465 p.
1275 4383 1352 4442 tha.
1373 4382 1451 4457 t58,
1478 4376 1539 4442 ubi
1554 4376 1640 4443 alios
1655 4377 1729 4444 eius

386 4483 588 4550 ¹sententiae
604 4477 764 4573 patronos
780 4488 995 4549 enumeratos
1010 4484 1142 4573 habes).

446 4595 554 4667 Quare
574 4591 616 4656 dc
641 4591 705 4656 hac
725 4613 860 4679 quoque
880 4589 1077 4678 quaestione
1101 4593 1156 4657 hic
1171 4590 1287 4680 aliqua
1302 4588 1446 4655 dicenda
1465 4597 1543 4657 suut
1561 4595 1596 4655 et
1611 4589 1728 4656 viden-

385 4693 501 4776 dum,
519 4698 605 4763 sitne
628 4696 716 4764 illud
737 4725 752 4756 u
776 4702 908 4763 aut-aut
929 4725 944 4756 »
968 4696 1017 4763 uti
1031 4696 1124 4786 loqui
1140 4698 1266 4774 solent,
1285 4695 1371 4763 adeo
1391 4695 1532 4765 firmum
1553 4701 1587 4760 et
1610 4694 1729 4762 incon-

403 4823 556 4884 cussum,
575 4813 611 4870 ut
627 4811 687 4872 aut
705 4803 923 4890 evangelium
941 4810 1000 4870 aut
1014 4804 1238 4895 apocalypsin
1257 4803 1375 4870 loanni
1390 4807 1547 4894 oporteat
1562 4802 1729 4890 abnegari
1792 4798 1803 4814 '

404 4912 437 4974 et
449 4907 592 4976 alterum
609 4912 719 4978 solum
734 4910 764 4977 ei
779 4913 906 4978 servari
920 4910 1024 4999 possit
1037 4911 1142 4977 altero
1158 4913 1304 4979 abiecto.
1324 4911 1435 4978 Primo
1452 4913 1522 4977 iam
1534 4909 1728 4978 notandum
