4116 5648
762 398 848 444 roan.
872 380 1025 454 tut-ld.
1188 425 1191 430 -
1388 425 1391 430 -
1494 385 1553 445 195

229 536 341 603 unitas
359 537 393 598 et
404 531 604 612 concordia,
626 554 715 621 qnae
734 532 886 599 cernitur
906 532 995 600 inter
1017 536 1149 599 Patrem
1171 539 1204 601 et
1223 532 1362 614 Filium,
1380 539 1553 627 exemplar

228 638 444 733 proponitur,
460 640 503 709 ad
519 637 611 727 quod
628 637 875 728 discipulorum
889 639 996 706 animi
1010 641 1099 704 inter
1110 661 1180 705 sese
1201 641 1353 731 aspirent
1366 649 1400 708 et
1414 645 1550 712 contor-

228 751 376 814 mentur.
393 752 486 815 lnter
498 748 630 813 Patrem
643 752 677 813 et
690 744 815 811 Filium
831 744 1029 812 omnimoda
1043 749 1092 812 est
1109 744 1222 811 unitas
1234 754 1375 815 naturae
1394 756 1428 815 et
1442 770 1552 815 essen-

227 854 311 933 tiae,
327 852 525 934 voluntatis
542 850 741 920 sententiae.
765 857 855 919 llanc
871 850 956 918 inse
977 851 1168 941 exprimant
1187 850 1363 941 discipuli,
1384 861 1550 944 quantum

226 981 290 1049 pro
304 959 482 1028 hominum
492 959 690 1027 conditione
704 956 779 1025 fieri
791 964 912 1048 potest.
927 957 1100 1045 Eillagitat
1114 959 1228 1047 itaque
1245 981 1308 1047 pro
1323 960 1370 1026 eis
1385 962 1551 1029 unitatem

96 1095 98 1098 ·
226 1067 506 1155 perfectissimam
519 1085 664 1154 eamque
682 1064 996 1154 supernaturalem,
1017 1086 1106 1153 quae
1120 1064 1192 1131 scil.
1213 1087 1276 1131 non
1299 1066 1457 1133 humanis
1471 1068 1552 1142 sub,-

222 1172 318 1240 sidiis
339 1172 509 1239 efficiatur
534 1179 568 1239 et
589 1179 823 1250 conservetur,
845 1170 907 1237 sed
934 1193 999 1260 ope
1021 1170 1137 1238 divina
1164 1177 1198 1237 et
1223 1172 1336 1259 gratia
1359 1173 1552 1241 stabiliatur

223 1280 376 1347 immota.
393 1277 481 1345 Talis
493 1278 606 1346 unitas
630 1282 680 1344 est
700 1277 896 1345 intellectus
908 1299 968 1345 seu
988 1277 1088 1359 fidei,
1105 1278 1289 1344 voluntatis
1303 1301 1362 1345 seu
1387 1282 1548 1347 caritatis.

224 1391 330 1465 Quam
345 1384 514 1452 unitatem
530 1384 674 1475 Spiritus
691 1385 750 1452 bei
769 1385 874 1452 elficit
896 1404 904 1452 :
929 1384 1159 1452 multitudinis
1176 1383 1389 1453 credentium
1404 1394 1477 1454 erat
1491 1410 1550 1455 cor

223 1514 329 1560 unum
341 1498 375 1559 et
385 1493 501 1559 anima
513 1513 583 1558 una
597 1493 684 1581 (Act.
699 1490 792 1580 t,32)
802 1497 836 1558 et
848 1512 953 1580 quam
965 1491 1112 1580 apostoli
1125 1492 1369 1559 commendant
1383 1501 1416 1560 et
1428 1493 1547 1583 adpre·

223 1605 344 1666 cantur
361 1600 390 1684 (t
411 1600 488 1665 Cor.
508 1604 597 1679 1‚10.
615 1597 703 1687 Eph.
721 1597 806 1686 tals).

266 1709 354 1772 llaec
368 1704 565 1771 animorum
583 1705 683 1788 unio,
703 1703 904 1779 eoncordia.
926 1704 1118 1772 coniunctio
1139 1705 1176 1770 in
1196 1705 1389 1794 periculum
1407 1713 1549 1774 vocatur

221 1834 243 1878 a
257 1811 402 1892 mundo,
420 1810 549 1901 quippe
564 1810 624 1902 qui
646 1811 682 1876 in
702 1811 856 1898 maligno
875 1813 1004 1900 positus
1018 1816 1077 1878 est.
1096 1811 1253 1878 Homines
1269 1812 1360 1878 enim
1382 1813 1546 1882 mundani

221 1923 390 2005 reguntur
404 1917 534 2008 triplici
554 1916 615 1984 illa
638 1918 917 2007 concupiscentia
937 1917 1063 2000 earnis,
1086 1919 1279 2002 oculorum,
1302 1921 1481 2009 superbiae
1497 1921 1546 1988 vi-

221 2029 291 2105 tae;
323 2024 415 2091 hisee
437 2028 554 2091 autem
575 2025 738 2090 unionem
762 2022 859 2091 illam
881 2025 1081 2115 impugnari
1104 2046 1144 2093 ac
1170 2025 1307 2114 penitus
1334 2027 1545 2115 pessumdari

220 2130 438 2198 manifestum
454 2135 517 2197 est.
539 2129 655 2197 Unitas
675 2130 870 2198 intellectus
893 2152 952 2198 seu
972 2131 1052 2197 fidei
1071 2131 1283 2220 potissimum
1306 2133 1470 2221 superbia
1490 2134 1550 2200 de-

218 2238 363 2306 struitur
375 2237 431 2326 (cl.
447 2236 540 2326 511)
553 2236 674 2304 eadem
688 2236 851 2328 superbia
865 2237 1114 2328 impedimento
1129 2244 1179 2304 est
1199 2238 1332 2305 unionis
1351 2240 1502 2307 caritatis
1517 2249 1551 2307 et

217 2343 422 2426 sententiae,
448 2364 554 2432 quam
583 2344 745 2411 unionem
770 2342 905 2434 reliqua
932 2367 1068 2434 quoque
1094 2346 1193 2426 vitia,
1220 2346 1364 2434 quaein
1389 2369 1491 2413 carne
1515 2354 1547 2414 et

219 2449 362 2518 avaritia
390 2449 622 2532 luxuriantur,
652 2449 792 2540 penitus
820 2452 1057 2539 exstinguunt.
1087 2455 1195 2529 Quare
1218 2451 1421 2540 imploratur
1450 2457 1546 2520 Pater

217 2571 372 2642 sanctus,
395 2562 434 2625 ut
458 2579 514 2625 eos
538 2562 649 2625 servet
674 2558 922 2645 acontagione
954 2557 1076 2624 mundi
1106 2559 1300 2625 constitutos
1329 2560 1365 2624 in
1397 2561 1542 2644 mundo,

218 2670 256 2730 ut
284 2669 395 2731 servet
411 2669 446 2731 et
471 2663 650 2732 confirmet
673 2663 790 2731 cosin
815 2664 948 2732 unitate
972 2663 1050 2745 illa,
1070 2687 1091 2730 a
1109 2687 1177 2754 qua
1204 2664 1351 2732 mundus
1379 2666 1464 2733 adeo
1495 2674 1544 2734 est

217 2770 359 2838 alienus.
377 2772 487 2838 Patris
506 2792 610 2861 porro
624 2771 780 2837 animum
795 2768 896 2836 Filius
916 2770 960 2837 ad
976 2770 1209 2860 precationem
1227 2793 1323 2837 suam
1343 2794 1383 2838 eo
1406 2795 1544 2863 quoque

216 2875 379 2958 inflectit,
406 2877 499 2967 quod
526 2876 559 2944 ei
584 2876 759 2968 proponit,
790 2883 920 2967 quanta
944 2900 1027 2945 cura
1047 2877 1136 2966 ipse,
1163 2877 1328 2966 quamdiu
1351 2880 1545 2967 praesentia

217 2983 389 3074 corporali
405 2984 443 3051 in
459 2984 592 3052 mundo
608 2989 699 3066 erat,
717 2983 796 3050 illos
817 2983 1015 3051 custodierit
1029 3006 1062 3050 v.
1090 2991 1129 3050 12
1155 3007 1232 3050 cum
1254 3008 1357 3051 essem
1377 3009 1454 3051 cum
1477 2987 1541 3067 eis,

217 3111 279 3180 eqo
294 3092 473 3157 seruabam
489 3112 544 3157 cos
560 3090 597 3157 in
609 3090 748 3157 nomine
767 3102 845 3171 tuo;
862 3113 946 3181 quos
960 3088 1088 3157 dedisti
1102 3089 1190 3157 milri
1214 3091 1405 3176 custodies‘,·
1419 3115 1543 3179 graece

217 3196 320 3264 etiam
342 3197 405 3264 :in
428 3197 566 3264 nomine
581 3201 641 3264 tuo
656 3197 748 3287 quod
767 3195 896 3264 dedisti
915 3196 1002 3263 mibi
1019 3198 1075 3283 (ei.
1093 3220 1126 3264 v.
1146 3201 1200 3285 11)
1216 3208 1250 3264 ct
1273 3199 1441 3264 custodivi
1456 3199 1545 3287 (vide

216 3302 292 3371 lect.
320 3303 428 3393 var.);
451 3305 495 3371 ct.
521 3309 616 3384 18,9;
640 3315 673 3370 et
704 3326 803 3371 nemo
830 3327 872 3371 ex
899 3303 949 3371 eis
971 3304 1077 3392 periit
1106 3305 1177 3371 nisi
1198 3304 1296 3393 filius
1317 3304 1540 3395 perditionis,

217 3421 254 3475 ut
273 3411 453 3500 Scriptura
474 3410 678 3503 impleatur,·
696 3409 776 3479 vide
798 3410 844 3478 ad
861 3417 978 3492 1:3‚183
1000 3417 1120 3494 10,35;
1147 3434 1208 3478 cur
1229 3411 1320 3478 filius
1339 3413 1544 3501 perditionis

215 3517 422 3608 appelletur,
439 3516 547 3585 habes
568 3516 602 3583 in
626 3516 686 3583 illo
712 3539 719 3585 :
745 3539 824 3601 vae,
851 3517 981 3587 bonum
1001 3524 1074 3584 erat
1097 3519 1140 3599 ci,
1158 3519 1187 3584 si
1210 3526 1313 3585 natus
1337 3541 1407 3586 non
1426 3519 1541 3586 luisset

215 3624 319 3690 homo
334 3623 394 3691 ille
417 3624 546 3712 (llatth.
570 3623 699 3707 11121).
718 3629 793 3715 lpse
814 3623 880 3691 sibi
895 3625 1072 3691 interitum
1094 3632 1129 3691 et
1153 3625 1382 3714 perditionem
1399 3626 1542 3693 adscivit

216 3731 275 3818 (cl.
295 3730 404 3818 att),
426 3730 463 3797 id
483 3730 576 3820 quod
595 3730 797 3820 praevidens
817 3735 904 3798 Deus
923 3731 1026 3798 etiam
1048 3732 1084 3797 in
1101 3733 1279 3821 Scriptura
1300 3735 1541 3819 consignatum

214 3837 339 3916 voluit;
358 3839 401 3904 cl.
427 3843 480 3904 Ps.
507 3837 870 3922 t0,10;108,8(!ans.
892 3836 961 3906 Tol.
982 3836 1089 3904 ,trata
1110 3837 1200 3906 Corl.
1228 3838 1329 3926 Fil.);
1357 3846 1427 3906 let.
1450 3845 1538 3919 130.

215 3942 360 4011 Additur
383 3944 462 4026 hoc,
491 3950 530 4010 ut
555 3943 769 4031 significetur
791 3967 870 4011 eum
902 3944 1098 4011 nullatenus
1122 3945 1249 4035 perisse
1277 3969 1390 4035 neque
1410 3946 1543 4012 incuria

216 4049 339 4117 Christi
357 4072 469 4139 neque
489 4072 529 4116 eo
550 4049 644 4140 quod
660 4051 817 4118 custodia
836 4051 957 4118 Christi
967 4074 1030 4141 per
1044 4051 1240 4118 doctrinam
1265 4060 1298 4118 ct
1313 4052 1542 4142 praesentiam

213 4158 359 4224 exercita
374 4179 444 4223 non
466 4158 568 4224 luerit
583 4157 664 4224 satis
684 4157 820 4237 atticam
840 4157 1031 4224 ostenditur
1051 4158 1087 4223 in
1110 4158 1264 4223 luctuoso
1289 4159 1349 4224 illo
1371 4159 1540 4248 exemplo,

213 4285 298 4354 opus
315 4285 386 4331 esse
399 4264 444 4331 ad
458 4264 603 4331 salutem
617 4263 736 4331 sedula
749 4286 828 4331 cum
841 4264 955 4351 gratia
968 4265 1220 4354 cooperatione.
1237 4268 1393 4331 Ceterum
1411 4264 1486 4330 vide
1500 4265 1543 4330 ad

214 4376 314 4451 13,18
329 4377 362 4438 et
375 4374 563 4438 Comment.
581 4373 616 4437 in
631 4373 747 4438 ltatth.
770 4374 796 4437 ll
817 4395 852 4462 p.
873 4377 937 4439 398
951 4394 1024 4461 seq.

258 4476 435 4567 Corporali
449 4478 640 4565 praesentia
656 4500 714 4545 eos
728 4478 894 4568 relinquit
909 4478 1017 4546 iturus
1032 4501 1052 4545 a
1069 4484 1201 4546 Patrem
1219 4502 1248 4544 v.
1268 4486 1304 4545 13
1320 4501 1409 4544 irritae
1425 4491 1539 4542 aretem

157 4653 159 4656 Α
214 4583 312 4648 venio
327 4583 375 4650 ad
390 4597 442 4671 te,·
460 4585 504 4651 cl.
525 4606 557 4651 v.
583 4590 639 4666 11;
658 4597 691 4651 et
709 4585 792 4652 baec
808 4584 929 4674 loquor
949 4586 984 4651 in
1004 4585 1147 4668 1111111110,
1169 4587 1250 4652 dum
1267 4585 1380 4651 adhuc
1396 4585 1487 4650 hisee
1505 4585 1538 4648 in

211 4689 310 4755 terris
328 4691 422 4779 apud
437 4713 495 4758 eos
510 4713 636 4773 versor,
653 4705 690 4757 ut
704 4691 852 4759 habeant
865 4693 1035 4781 qaudium
1050 4715 1161 4759 meatu
1177 4692 1352 4782 impletum
1371 4692 1406 4758 in
1421 4705 1539 4755 semet-

214 4793 318 4884 ipsis;
336 4798 481 4886 explicat
492 4820 554 4866 cur
569 4796 640 4865 alta
654 4820 737 4865 voce
751 4798 928 4888 discipulis
943 4799 1160 4866 audientibus
1187 4801 1247 4866 has
1266 4822 1383 4888 preces
1399 4798 1535 4877 lundat3
