4050 5648
196 644 203 655 '
255 671 258 678 ·
325 672 368 717 ea
379 652 519 742 quidem
534 656 666 722 ratione
675 652 714 713 ut
728 646 882 717 ostendat
897 654 1006 719 lesum
1016 649 1077 740 qui
1091 665 1168 712 suos
1181 644 1364 735 discipulos
1378 668 1515 742 semper
1528 648 1653 717 dilexe-

325 756 371 826 rit
380 758 426 827 iis
441 767 521 830 ante
535 754 731 849 passionem
745 755 926 823 maximam
946 754 1074 822 amoris
1088 750 1375 838 significationem
1390 775 1431 821 ac
1443 755 1653 825 testificatio-

324 888 404 934 nem
429 863 630 934 exhibuisse.
649 858 744 938 Quod
765 884 863 931 suum
888 861 1069 928 consilium
1089 856 1232 925 totidem
1255 857 1373 926 verbis
1387 864 1649 950 consignatv.l

323 986 404 1040 onte
419 973 510 1039 diem
523 969 652 1054 festum
657 966 811 1057 paschae
824 966 930 1034 sciens
943 969 1034 1035 lestis
1046 963 1131 1054 quio
1148 966 1239 1034 venit
1253 965 1337 1032 toro
1347 965 1420 1032 rius
1434 967 1459 1033 i.
1475 990 1506 1037 e.
1526 969 1654 1039 instare

323 1079 393 1147 iam
408 1077 505 1143 illam
525 1074 663 1156 horam,
684 1073 727 1142 de
744 1096 813 1164 qua
830 1078 932 1139 antea
949 1093 1062 1140 sermo
1084 1077 1157 1138 crat
1178 1078 1273 1156 7‚30;
1289 1063 1386 1154 8303
1410 1077 1523 1155 lana.
1545 1082 1601 1158 27,
1616 1088 1655 1142 ut

324 1190 478 1251 transeat
500 1202 542 1246 ex
561 1178 622 1248 too
640 1178 771 1248 mundo
792 1176 840 1244 od
859 1179 1011 1260 Patrem,
1034 1183 1176 1244 monent
1197 1182 1287 1270 Auq.
1313 1182 1401 1270 Rup.
1427 1177 1651 1249 Thon-Bon.

324 1292 408 1378 Lep.
430 1287 560 1376 pascha
574 1287 735 1355 hebraice
754 1282 949 1371 significare
961 1282 1161 1368 transitum,
1180 1284 1270 1352 unde
1285 1284 1532 1373 evangelistam
1546 1285 1654 1354 veluti

324 1415 400 1461 eam
410 1414 527 1460 vocem
538 1394 823 1484 interpretantem
839 1388 966 1475 dicere,
983 1401 1182 1457 uttronseot
1195 1396 1278 1476 etc.;
1292 1414 1373 1458 cum
1389 1390 1568 1459 dilexisset
1577 1412 1655 1459 suos

323 1500 388 1591 qui
399 1515 497 1567 erunt
514 1501 551 1567 in
572 1497 717 1581 mundo,
740 1490 826 1586 quos
844 1494 917 1585 ipse
933 1497 1103 1565 transiens
1126 1520 1166 1565 ex
1185 1497 1314 1565 mundo
1329 1499 1512 1567 relicturus
1528 1504 1604 1566 erat
1616 1497 1655 1565 in

323 1606 454 1675 mundo
478 1606 655 1674 mediisin
676 1601 855 1693 periculis,
882 1602 972 1671 unde
997 1601 1218 1672 miseratione
1242 1609 1355 1671 motus
1384 1605 1550 1673 maiorem
1569 1625 1654 1692 erga

322 1714 399 1782 illos
417 1735 522 1804 quam
537 1716 637 1778 antea
650 1730 802 1777 amorem
818 1709 964 1776 ostendit
984 1707 1107 1799 (Malo.
1130 1709 1249 1801 Lep),
1272 1709 1310 1776 in
1330 1710 1438 1799 finem
1453 1710 1579 1778 dilexit
1600 1733 1656 1779 eos

321 1825 364 1902 εἱς
377 1828 466 1899 τέλος
487 1818 509 1884 i.
532 1840 561 1884 e.
580 1816 874 1884 vehementiorem
893 1819 1101 1905 (σφοδροτέραν
1112 1825 1165 1900 τὴν
1180 1816 1311 1904 άγάτην)
1326 1837 1480 1884 amorem
1501 1817 1543 1884 iis
1558 1816 1654 1885 exhi-

319 1927 380 1994 bet
400 1923 495 2014 (Chr,
523 1920 706 2014 meopte),
728 1924 770 2003 εἷς
789 1930 877 2001 τέλος
896 1932 929 1990 ’τὸ
948 1928 1058 2010 σφόδρα
1081 1929 1169 2006 δηλοῖ
1189 1920 1342 2013 (Ruth),
1371 1923 1654 2012 perfectissimam

320 2030 538 2098 dilectionem
557 2030 758 2119 (τελειοτάτην
783 2027 943 2116 ἀγάπησιν)
965 2026 1122 2095 exhibuit
1136 2027 1232 2118 (Cpr.
1253 2028 1337 2096 item
1351 2031 1511 2097 Ammon.
1528 2031 1566 2097 in
1585 2034 1652 2098 cat.

321 2138 392 2227 Cr.)
422 2135 612 2226 eodemque
643 2133 746 2202 modo
770 2135 942 2223 explicant
966 2133 1009 2201 de
1031 2135 1217 2224 specimine
1241 2135 1366 2202 eximio
1399 2142 1510 2226 atque.
1525 2135 1653 2204 indicio

321 2244 449 2313 amoris
464 2245 548 2310 Bon.
567 2240 674 2309 Mold.
694 2243 774 2308 Bor.
791 2247 884 2307 Patr.
902 2239 990 2309 Corl.
1008 2240 1107 2308 Sehz.
1121 2240 1188 2307 Fit.
1209 2243 1329 2309 Weiss.
1347 2243 1525 2329 Sententia
1538 2242 1655 2333 itaque

322 2352 408 2419 haec
422 2357 474 2417 est
500 2369 508 2416 :
527 2355 606 2417 ante
624 2350 748 2416 testum
767 2348 914 2437 paschae
934 2350 1025 2414 lesus
1046 2347 1116 2415 suis
1135 2347 1291 2415 exhibuit
1304 2349 1477 2436 insignem
1497 2348 1655 2418 dilectio·

323 2479 418 2541 nem;
444 2455 535 2524 unde
556 2453 798 2544 iungendum:
821 2459 900 2522 ante
924 2453 1047 2521 festum
1066 2455 1214 2545 paschae
1238 2454 1275 2522 in
1295 2455 1400 2523 finem
1419 2456 1539 2524 dilexit
1562 2478 1652 2525 suos.

322 2563 567 2653 adiunguntur
580 2561 715 2630 duobus
727 2559 918 2651 participiis
930 2559 1019 2627 duae
1031 2583 1167 2644 causae,
1181 2582 1242 2629 cur
1256 2563 1441 2629 maximum
1457 2561 1544 2629 illud
1559 2585 1654 2630 amo-

323 2671 370 2737 ris
383 2670 630 2737 documentum
642 2667 836 2737 exhibuerit
853 2692 860 2737 :
878 2667 986 2735 sciens
999 2667 1127 2735 instare
1144 2674 1279 2759 tempus
1289 2692 1359 2757 quo
1373 2668 1453 2736 illos
1467 2669 1652 2759 relinquat,

322 2783 357 2844 et
371 2777 455 2867 quia
473 2798 608 2867 semper
623 2797 679 2842 eos
695 2774 824 2842 dilexit.
841 2778 932 2842 Duae
939 2774 1004 2842 hae
1023 2796 1146 2842 causae
1158 2797 1262 2865 quam
1277 2776 1425 2843 maxime
1443 2782 1544 2866 aptae
1559 2781 1651 2858 snut,

322 2883 450 2975 quihus
465 2882 614 2949 maxima
629 2882 691 2948 illa
704 2883 831 2948 amoris
847 2880 1050 2967 significatio
1060 2881 1246 2971 explicetur
1258 2887 1292 2948 et
1306 2882 1577 2949 commendetur.
1596 2888 1656 2951 So-

319 2991 366 3058 let
380 2992 474 3058 enim
487 2988 624 3056 dilectio
638 2987 741 3054 amici
753 2989 882 3077 optime
897 2988 1019 3074 augeri
1033 2992 1068 3054 et
1079 2987 1250 3072 exhiheri,
1267 2987 1296 3055 si
1315 2988 1506 3056 valedicere
1519 2992 1655 3080 oportet

226 3089 228 3093 ’
320 3097 457 3178 amicis,
481 3101 515 3163 et
537 3096 565 3162 si
586 3117 722 3185 semper
736 3093 883 3161 amicum
903 3093 1037 3177 dilexit,
1056 3094 1117 3161 iste
1132 3116 1229 3162 amor
1247 3096 1458 3163 ferventiore
1479 3095 1654 3184 effectuae

211 3244 213 3249 ν
320 3204 436 3295 prodit
455 3205 657 3291 intempore
672 3199 908 3291 separationis.
925 3205 1015 3266 lesus
1027 3206 1143 3267 autem
1156 3202 1312 3267 animum
1328 3200 1480 3268 habebat
1492 3223 1572 3269 vere
1586 3202 1654 3269 hu-

321 3331 480 3391 manum,
498 3309 640 3375 suorum*
655 3306 938 3375 amantissimum.
956 3306 1050 3374 Unde
1064 3307 1129 3374 isto
1143 3311 1296 3398 tempore
1308 3307 1473 3376 discessus
1485 3308 1653 3376 teneriore

319 3439 457 3507 quoque
473 3414 655 3482 dilectione
674 3435 754 3481 suos
772 3413 1002 3503 prosequitur.

365 3522 585 3589 Dilectionem
609 3520 698 3587 hanc
713 3518 836 3586 eximio
855 3519 955 3587 modo
978 3518 1164 3587 exhibitam
1180 3543 1249 3587 non
1264 3530 1383 3587 cernes
1400 3522 1438 3588 in
1453 3544 1521 3589 una
1539 3523 1652 3589 solum

320 3627 448 3696 lotione
464 3627 610 3718 pedum,
628 3648 748 3694 verum
758 3647 836 3692 cum
850 3629 929 3692 Bor.
945 3624 1036 3694 Corl.
1053 3625 1118 3693 Fit.
1139 3627 1247 3701 Weiss
1261 3629 1295 3693 in
1309 3627 1469 3694 omnibus
1482 3627 1549 3695 illis
1564 3650 1652 3719 quae

319 3741 411 3802 lesus
430 3757 470 3801 eo
490 3742 642 3823 tempore
663 3733 737 3820 egit
757 3737 791 3798 et
809 3731 893 3799 dixit
907 3738 941 3799 et
960 3732 1144 3822 praecipue
1164 3739 1299 3825 praeter
1313 3733 1539 3803 eucharistiae
1555 3735 1653 3802 insti-

320 3841 487 3911 tutionem
502 3843 538 3906 in
549 3840 591 3906 iis
609 3861 779 3929 quaecap.
800 3845 897 3905 13-17
914 3839 1118 3907 referuntur.
1136 3841 1214 3917 Quis
1226 3841 1318 3908 enim
1331 3862 1459 3928 negare
1473 3843 1602 3931 poterit
1616 3842 1651 3908 in

320 3954 393 4016 lesu
408 3946 622 4014 sermonibus
639 3951 713 4026 1t‚1
732 3967 802 4034 seq.
820 3945 991 4032 insignem
1007 3945 1115 4035 pandi
1129 3951 1204 4015 lesu
1218 3947 1254 4014 in
1273 3969 1350 4014 suos
1362 3950 1537 4014 amorem?
1557 3947 1653 4015 Unde

318 4057 389 4123 iam
409 4053 507 4121 lacile
522 4052 694 4119 constabit
706 4052 967 4139 evangelistam,
981 4075 1059 4119 cum
1075 4052 1119 4119 de
1129 4053 1307 4121 excellenti
1323 4075 1441 4120 amore
1455 4054 1580 4122 Christi
1595 4055 1652 4122 hic

319 4163 483 4253 loquatur
497 4182 565 4226 non
582 4158 625 4225 de
642 4179 713 4226 una
731 4157 859 4248 pedum
875 4159 1002 4227 lotione
1020 4159 1203 4247 cogitasse,
1220 4160 1279 4227 sed
1297 4160 1335 4226 id
1349 4161 1543 4228 enuntiasse
1558 4160 1653 4251 quod

319 4270 354 4336 in
367 4267 589 4358 sequentibus
607 4265 792 4355 praecipue
810 4266 1036 4355 spectandum
1055 4265 1098 4332 sit
1114 4272 1148 4333 et
1166 4264 1467 4334 considerandum.
1484 4268 1517 4334 Si
1536 4267 1653 4358 itaque

318 4399 350 4442 v.
371 4383 386 4443 l
405 4376 504 4465 quasi
518 4373 774 4461 inscriptionem
785 4371 839 4437 vel
852 4393 1019 4440 summam
1035 4373 1229 4459 argumenti
1245 4396 1321 4462 cap.
1339 4380 1439 4440 13-1'1
1454 4375 1652 4443 nominave-

320 4485 382 4564 ris,
403 4489 494 4548 certe
510 4504 530 4547 a
545 4480 594 4546 rei
607 4479 752 4546 veritate
767 4500 837 4544 non
859 4477 1049 4546 aberrabis.
1064 4518 1108 4529 —
1123 4478 1271 4566 lntelligi
1284 4501 1361 4546 suos
1377 4489 1447 4561 τοὺς
1467 4485 1556 4560 ἰδίους
1571 4503 1652 4571 pro-

320 4589 414 4679 prios
427 4589 536 4678 ipsius
547 4586 718 4676 apostolos
733 4584 861 4652 nemini
877 4584 1021 4652 dubium
1032 4588 1103 4652 ess'e
1115 4591 1224 4674 potest
1238 4593 1272 4654 et
1286 4610 1325 4654 ex
1340 4587 1496 4676 sequenti
1510 4587 1653 4654 historia

321 4694 542 4785 perspicuum
563 4700 627 4773 est,
657 4690 706 4759 ait
731 4690 859 4776 Mald.;
882 4691 1107 4758 nihilominus
1128 4693 1234 4783 aliqui
1260 4696 1355 4784 (Cpr.
1380 4695 1540 4760 Ammon.
1565 4697 1649 4785 Rup.

324 4800 434 4870 Solm.
449 4799 523 4868 Coi.
536 4798 657 4889 Sctq.)
668 4819 746 4865 suos
754 4799 894 4865 notione
904 4797 1064 4885 generali
1074 4799 1117 4866 de
1132 4800 1290 4867 omnibus
1300 4800 1461 4867 fidelibus
1474 4801 1654 4869 exludaeis

324 4915 358 4976 et
372 4905 537 4995 gentibus
555 4906 662 4997 accipi
677 4904 807 4972 volunt.
825 4909 866 4971 at
889 4904 984 4995 prior
1006 4909 1159 4997 acceptio
1176 4914 1225 4974 est
1247 4930 1339 4974 vera.
1366 4911 1433 4974 Cur
1455 4908 1546 4975 enim
1562 4909 1654 4975 dicat
