4116 5648
187 480 244 583 ,ρξ’ἷ·
352 518 412 577 470
881 531 960 580 solu.
986 523 1141 597 todi-12.

353 674 461 738 morte
476 674 597 741 Christi
612 668 815 758 exercetur),
833 669 916 756 quia
929 673 1079 740 Christus
1100 670 1250 757 loquitur
1270 670 1312 736 de
1328 691 1390 735 suo
1416 675 1460 739 ad
1475 679 1606 741 Patrem
1624 696 1677 739 re-

353 775 445 861 ditu,
463 782 561 869 proin
578 775 783 861 cogitatione
798 775 884 842 sistit
911 777 944 843 in
971 788 1121 867 tempore
1138 783 1214 865 post
1233 783 1394 857 mortem;
1413 778 1455 843 de
1472 779 1599 848 iudicio
1617 778 1677 844 illo

352 886 429 953 vide
452 885 520 952 Col.
544 888 635 962 2,1t.
657 888 695 948 15
716 890 749 949 et
770 883 868 949 Hebr.
893 890 970 962 ΞΜ
991 909 997 954 ;
1021 891 1058 950 ut
1081 905 1140 971 per
1154 890 1299 950 mortem
1315 885 1507 952 destrueret
1523 909 1601 954 eum
1618 886 1677 975 qui

352 991 504 1059 habebat
527 988 645 1054 mortis
673 989 854 1080 imperium
881 990 902 1055 i.
928 1015 957 1057 e.
983 988 1170 1058 diabolum.
1192 991 1358 1080 Principis
1383 998 1496 1058 autem
1518 992 1679 1061 condem-

249 1086 253 1098 ’
353 1099 448 1164 natio
463 1099 592 1159 certum
609 1095 735 1185 pignus
756 1101 805 1161 est
826 1096 1119 1164 condemnationis
1137 1097 1355 1172 ‚subditorum
1376 1100 1449 1164 eius
1467 1098 1603 1185 (Cori).
1623 1106 1680 1167 at-

354 1223 420 1291 que
435 1199 477 1265 de
499 1199 563 1267 hoc
583 1200 709 1271 iudicio
727 1202 912 1289 redarguet
929 1205 1093 1272 mundum
1113 1204 1260 1292 Spiritus
1279 1226 1319 1269 eo
1334 1205 1438 1271 etiam
1454 1205 1548 1294 quod
1563 1227 1679 1273 omnes

353 1308 498 1394 impetus
521 1314 555 1375 et
571 1309 842 1399 oppugnationes
861 1310 981 1375 mundi
1004 1315 1122 1377 contra
1143 1331 1287 1396 regnum
1308 1310 1365 1376 Dei
1382 1333 1486 1378 vanas
1501 1332 1572 1378 esse
1587 1320 1623 1377 et
1636 1312 1681 1378 ir-

354 1412 435 1479 ritas
449 1413 713 1498 demonstrabit,
732 1444 747 1475 «
770 1437 839 1480 non
855 1416 1103 1503 praevalebunt
1116 1417 1280 1483 adversus
1292 1438 1367 1482 eam
1387 1444 1416 1496 ε,
1433 1417 1481 1485 ita
1496 1425 1535 1484 ut
1550 1416 1677 1504 singuli

354 1527 610 1608 oppugnatores
629 1523 728 1608 regni
749 1521 871 1589 Christi
895 1523 994 1588 lateri
1013 1522 1160 1590 debeant
1178 1546 1213 1589 se
1239 1523 1346 1589 victos
1365 1531 1399 1588 et
1422 1525 1547 1591 virtute
1569 1523 1681 1591 Eccle-

354 1624 423 1694 siae
437 1627 602 1696 iudicatos
616 1633 649 1694 et
667 1626 826 1694 deiectos.
845 1629 1011 1696 Iudicium
1029 1652 1107 1696 vero
1128 1629 1195 1695 tale
1211 1629 1359 1695 exerceri
1376 1628 1479 1695 debet
1493 1630 1573 1718 quia
1585 1630 1682 1697 iusti·

354 1732 403 1799 tia
429 1733 549 1800 Christi
574 1734 752 1800 victoriam
779 1742 952 1824 reportare
972 1736 1089 1815 dehet;
1116 1735 1232 1820 agitur
1255 1735 1347 1801 enim
1376 1758 1478 1803 eausa
1499 1735 1630 1802 diaboli
1649 1743 1684 1803 et

355 1861 456 1907 causa
477 1838 546 1907 Dei.
573 1843 652 1906 Utra
670 1847 784 1907 autem
810 1843 967 1930 superior
993 1864 1063 1908 esse
1086 1842 1227 1919 debeat,
1253 1843 1329 1933 quis
1350 1842 1480 1931 poterit
1501 1842 1683 1909 dubitare?

400 1954 617 2021 Praeclarum
630 1954 744 2045 itaque
756 1977 879 2022 munus
891 1957 1037 2046 Spiritus
1056 1958 1164 2023 saneti
1177 1957 1328 2023 Christus
1340 1957 1504 2047 explicat,
1522 1979 1589 2046 quo
1600 1979 1685 2047 opus

357 2069 478 2136 Christi
496 2069 669 2159 perficitur
683 2078 718 2136 et
732 2092 796 2160 per
810 2073 1023 2138 saeculorum
1040 2094 1176 2139 cursum
1193 2072 1321 2138 mundo
1335 2072 1525 2138 exhibetur.
1544 2077 1685 2138 Summa

357 2176 575 2263 evangelicae
593 2176 858 2267 praedicationis
876 2179 960 2245 haec
977 2187 1027 2245 est
1046 2179 1168 2245 docere
1189 2177 1256 2244 side
1275 2181 1311 2244 in
1326 2179 1496 2245 Christum
1513 2179 1587 2245 tolli
1605 2201 1683 2268 pec·

356 2288 447 2365 cata,
470 2289 570 2373 atque
587 2290 625 2350 ut
644 2283 679 2349 id
694 2284 906 2364 ostendatur,
921 2285 1044 2352 docere
1061 2286 1230 2352 Christum
1243 2307 1317 2351 csse
1331 2285 1496 2352 iustitiam
1513 2291 1546 2351 et
1561 2285 1681 2352 diabo-

357 2388 506 2478 lumper
528 2390 640 2480 ipsum
661 2391 728 2457 iam
748 2413 818 2458 esse
840 2392 1105 2458 condemnatum
1125 2392 1148 2458 i.
1173 2415 1203 2458 ε.
1226 2413 1287 2457 suo
1306 2392 1341 2457 in
1359 2393 1516 2457 homines
1531 2392 1684 2458 dominio

356 2495 541 2586 privatum.
561 2497 682 2584 Arguit
695 2503 808 2565 autem
829 2499 997 2565 mundum
1013 2499 1157 2588 Spiritus
1172 2498 1214 2565 de
1230 2499 1298 2565 illis
1314 2498 1440 2580 tribus,
1458 2503 1496 2563 ut
1508 2500 1598 2565 laras.
1617 2500 1682 2577 ait,

357 2605 483 2693 partim
509 2625 572 2693 per
599 2605 827 2693 apostolorum
855 2604 1072 2694 aliorumque
1098 2605 1275 2672 doctorum
1304 2605 1616 2694 praedicationem,
1640 2602 1685 2671 ad

357 2732 462 2801 quam
477 2732 534 2777 eos
549 2711 703 2777 accendit
717 2712 849 2801 potenti
869 2712 1019 2801 quadam
1033 2711 1175 2799 energia
1190 2711 1387 2778 auditorum
1404 2718 1535 2777 mentes
1552 2734 1614 2801 per
1628 2733 1686 2778 eos

357 2817 608 2907 perstringens,
627 2818 751 2906 partim
776 2842 836 2908 per
855 2842 949 2885 suam
972 2819 1006 2885 in
1029 2819 1225 2885 hominibus
1245 2818 1417 2884 efficacem
1434 2819 1682 2910 operationem.
1718 2812 1724 2823 ’

358 2928 421 2992 Per
442 2925 506 2991 hoc
527 2924 620 2990 enim
643 2925 735 3013 quod
757 2926 903 3014 Spiritus
926 2933 1003 3015 post
1027 2926 1148 2992 Christi
1175 2926 1408 2991 ascensionem
1432 2924 1592 2991 fidelibus
1615 2930 1685 2991 tam

358 3031 563 3098 mirabiliter
576 3037 610 3098 et
621 3030 806 3098 efficaciter
825 3032 925 3098 datus
941 3039 1005 3112 est,
1029 3032 1190 3121 quodque
1211 3054 1273 3121 per
1295 3053 1373 3097 eum
1394 3031 1513 3097 fideles
1533 3037 1601 3097 tam
1624 3033 1687 3097 mi-

358 3132 481 3206 rabilia
502 3145 580 3205 sunt
599 3139 745 3226 operati,
764 3139 929 3206 miracula
951 3141 1141 3228 patrantes,
1164 3141 1302 3204 virtutes
1322 3138 1462 3204 eximias
1488 3137 1686 3227 mundoque

359 3267 509 3335 eousque
527 3246 663 3332 ignotas
679 3254 871 3312 exercentes
884 3254 915 3312 et
934 3254 1002 3312 tam
1023 3247 1145 3311 multos
1169 3246 1213 3311 ad
1231 3245 1353 3311 Christi
1369 3244 1472 3310 tidem
1496 3244 1686 3327 trahentes,

358 3351 569 3419 declaratum
588 3358 637 3419 est
662 3352 790 3419 mundo
810 3353 885 3442 ipsa
911 3360 993 3419 rect
1009 3359 1186 3442 peccatum
1212 3375 1280 3418 non
1304 3351 1518 3417 credentium
1535 3353 1570 3416 in
1591 3352 1688 3417 Chri-

358 3466 449 3526 stum
464 3466 497 3525 et
510 3459 639 3525 iustitia
651 3459 773 3526 Christi
789 3467 822 3525 et
839 3459 1005 3526 iudicium
1021 3458 1330 3549 condemnatioque
1348 3457 1492 3524 diaboli.
1513 3496 1557 3506 —
1577 3462 1688 3545 Atque

358 3566 406 3633 ita
422 3564 558 3632 videtur
570 3566 791 3655 explicandus
810 3566 866 3632 hic
882 3566 924 3633 dc
940 3567 1066 3654 triplici
1082 3554 1326 3651 redargutione
1338 3564 1459 3632 mundi
1474 3565 1568 3629 locus
1585 3591 1601 3623 α
1621 3586 1689 3652 quo

358 3671 413 3738 vix
435 3672 521 3740 alius
540 3672 631 3762 apud
651 3672 759 3738 ullum
775 3673 1020 3759 evangelistam
1046 3679 1095 3739 est
1114 3678 1173 3738 aut
1194 3673 1322 3737 maiore
1342 3671 1529 3758 impeditus
1543 3669 1689 3737 ditticul-

311 3769 314 3775 ’
360 3785 429 3846 tate
445 3786 503 3845 aut
525 3779 654 3846 maiore
673 3781 897 3868 interpretum
915 3779 1270 3869 varietateperplexus
1287 3807 1302 3837 u
1321 3776 1467 3863 (Meldi

405 3885 563 3975 Exposuit
576 3887 692 3976 itaque
704 3886 853 3953 Christus
868 3907 1028 3973 magnam
1043 3886 1224 3952 utilitatem
1238 3885 1384 3975 Spiritus
1395 3885 1431 3949 in
1443 3883 1688 3970 redargutione

360 3993 491 4062 mundi.
510 3998 581 4059 lam
594 3993 739 4060 alteram
765 4016 901 4082 quoque
921 3993 1073 4060 declarat
1090 3993 1133 4059 ad
1158 3992 1424 4059 consolationem
1447 4011 1586 4057 suorum
1602 3993 1688 4076 (cup-

273 4085 278 4094 ’
360 4112 441 4189 φέρει
464 4112 549 4185 ὑμῖν,
572 4121 604 4164 v.
625 4103 672 4184 7),
688 4100 893 4188 completam
909 4108 941 4165 et
959 4101 1126 4185 integram
1148 4098 1340 4164 doctrinam
1358 4096 1478 4184 (Tol.);
1498 4117 1579 4162 nam
1594 4120 1626 4162 v.
1647 4103 1687 4162 m

359 4206 472 4274 adhuc
498 4205 611 4274 multu
635 4205 740 4273 habeo
760 4208 848 4272 cobis
868 4206 999 4288 dicere,·
1017 4205 1077 4271 sed
1097 4228 1166 4270 nori
1182 4205 1325 4294 potestis
1340 4217 1481 4294 portare
1497 4203 1595 4269 modo
1612 4204 1636 4271 i.
1656 4228 1685 4269 e.

360 4338 429 4383 non
445 4314 580 4405 potestis
595 4337 636 4380 ea
654 4336 747 4380 nunc
766 4313 959 4399 intelligere
986 4321 1045 4379 aut
1063 4335 1142 4379 cum
1170 4312 1282 4377 fructu
1307 4310 1426 4376 audire
1451 4311 1590 4400 (lons.);
1612 4310 1688 4376 ideo

361 4423 491 4490 indicat
512 4423 702 4490 doctrinam
723 4406 755 4486 tt
779 4420 1025 4487 institutionem
1046 4442 1149 4509 quam
1175 4419 1243 4485 illis
1269 4418 1412 4485 tradidit
1436 4417 1592 4483 nondum
1618 4438 1688 4483 esse

361 4529 535 4617 integram
549 4534 583 4595 et
593 4529 816 4618 completam,
832 4527 889 4593 sed
903 4549 1078 4616 superesse
1092 4526 1198 4592 multa
1216 4548 1305 4616 quae
1320 4526 1398 4591 illos
1410 4524 1496 4591 seire
1514 4528 1685 4611 oporteat,

359 4623 420 4703 sed
448 4659 536 4727 quae
564 4641 705 4725 propter
729 4634 1002 4701 imbecillitatem
1029 4637 1232 4721 animosque
1263 4633 1401 4699 tristitia
1421 4635 1690 4720 praeoccupatos

361 4765 451 4810 nunc
473 4744 651 4834 percipere
677 4744 901 4832 nonpossint.
934 4742 993 4806 llla
1017 4741 1129 4830 itaque
1154 4763 1211 4806 eos
1229 4740 1367 4806 edocuit
1387 4760 1475 4826 quae
1492 4759 1554 4826 pro
1568 4758 1687 4803 eorum

360 4849 557 4917 conditione
584 4857 617 4918 et
636 4857 739 4930 statu,
758 4852 806 4916 uti
829 4856 908 4915 tunc
928 4857 1019 4926 erat,
1036 4849 1226 4914 necessaria
1252 4853 1283 4912 et
1307 4845 1407 4910 utilia
1432 4850 1531 4910 erant
1550 4844 1604 4930 (cl.
1631 4850 1684 4921 15,

363 4962 431 5047 15).
459 4963 629 5036 Quaenam
653 4960 719 5025 sint
741 4957 801 5024 illa
828 4957 934 5023 multa
954 4979 1041 5045 quae
1069 4955 1221 5021 nondum
1248 4975 1370 5041 capere
1394 4958 1529 5040 possent
1549 4957 1687 5039 atquae
