4050 5648
317 780 504 849 dammodo
524 795 609 863 prae
629 772 771 841 horrore
793 777 913 842 mortis
933 772 1106 865 proximae
1132 793 1228 837 more
1245 770 1442 838 timentium
1463 798 1473 841 :
1493 771 1580 864 quid
1592 772 1646 837 di·

317 891 415 956 am?
426 905 497 974 qno
509 900 566 946 me
584 885 739 947 vertam?
751 883 802 948 ad
823 886 958 948 Patrem
975 901 1012 945 er
1028 879 1133 945 vertit
1151 877 1320 965 hrenqne
1332 878 1488 947 orabone
1499 881 1646 949 salutem

315 995 470 1062 etvitam
497 988 648 1077 podutat
670 989 860 1056 seeundum
883 989 1095 1053 voluntatem
1117 983 1313 1053 naturalem
1337 1013 1352 1040 ·
1383 987 1510 1072 nm).
1529 991 1646 1062 Putet,

314 1096 473 1182 salvifico
490 1117 545 1161 me
562 1119 606 1162 ex
629 1095 695 1161 hoc
708 1097 814 1161 horo!
831 1095 954 1161 eadem
976 1099 1029 1157 est
1055 1093 1176 1181 petitio
1192 1113 1299 1180 quam
1317 1092 1357 1157 iu
1375 1091 1476 1157 horto
1490 1094 1643 1160 obtulit:

315 1202 464 1269 tundet
479 1202 621 1270 mlioem
646 1204 739 1269 huuc
761 1225 784 1268 a
806 1223 861 1266 me
881 1203 992 1285 ilaue.
1019 1201 1152 1285 tt,ao};
1167 1199 1228 1265 aed
1242 1198 1378 1277 statim,
1394 1198 1447 1263 uti
1466 1199 1503 1263 in
1525 1201 1644 1279 horto,

314 1330 387 1376 uon
410 1308 619 1378 don'derium
642 1330 743 1374 mum
767 1305 925 1372 naturale
948 1306 1139 1373 humanum
1157 1305 1233 1372 heri
1254 1304 1345 1385 vult,
1368 1326 1489 1371 rerum
1513 1314 1646 1372 motum

163 1371 180 1399 ·.
312 1415 412 1483 sslum
433 1415 584 1484 excludit
608 1437 673 1504 per
691 1414 859 1481 rationem
878 1410 1026 1498 isdum}
1047 1436 1057 1480 :
1079 1412 1143 1479 sed
1159 1425 1343 1502 μορίω
1366 1413 1445 1477 reni
1465 1413 1502 1477 in
1522 1410 1643 1477 boem

314 1520 421 1607 hnc,
435 1525 511 1590 roei
529 1521 641 1612 priori
658 1542 730 1610 qua
749 1525 896 1584 mortem
916 1527 952 1586 et
966 1519 1157 1608 passionem
1171 1517 1377 1585 horribilem
1391 1521 1430 1584 in
1445 1516 1647 1585 seeoueide

314 1637 426 1698 ratam
440 1628 664 1696 aversabatur
683 1635 719 1694 et
741 1624 879 1714 petebat
893 1648 936 1692 ne
948 1626 985 1692 in
996 1625 1095 1691 illam
1110 1626 1233 1692 horam
1245 1624 1397 1695 reniret.
1418 1627 1489 1692 iam
1500 1624 1647 1714 opponit

180 1738 183 1743 '
314 1737 525 1804 voluntatem
540 1733 771 1800 deliberatam
797 1754 806 1798 ε
827 1734 901 1817 sed,
920 1741 956 1798 at
973 1753 1045 1798 non
1064 1731 1101 1796 id
1116 1732 1288 1818 efflagito:
1296 1744 1499 1820 propterea,
1515 1739 1555 1797 ut
1570 1752 1648 1820 pas·

313 1845 445 1910 doum
461 1848 498 1908 et
508 1846 654 1906 mortem
672 1839 798 1905 oham
813 1838 975 1928 [Theoph.
998 1838 1104 1904 Euat.
1120 1841 1209 1927 unp.
1229 1837 1306 1904 ath.
1324 1840 1410 1903 Bon.
1436 1837 1551 1903 nom.
1572 1835 1643 1903 Tot.

312 1946 424 2016 naid.
437 1949 518 2014 Bor.
533 1945 624 2014 Cori.
641 1945 742 2012 seltz.
759 1944 824 2012 Ft'l.
848 1947 969 2029 Weiss)
984 1947 1033 2010 ih
1046 1954 1085 2011 tlt
1097 1949 1143 2012 Ξά
1158 1964 1244 2012 τεῦτε
1256 1944 1486 2011 ῐθῖεηωηᾶ
1500 1943 1540 2010 id
1550 1944 1647 2034 quod

311 2055 352 2122 iu
364 2062 457 2123 ὤεὲν
476 2062 587 2137 prete.
604 2053 772 2141 implicite
786 2052 983 2118 continetur
994 2060 1030 2119 et
1042 2052 1258 2142 exprimitur,
1275 2052 1357 2117 reni
1374 2053 1411 2116 in
1424 2051 1545 2117 horum
1557 2050 1648 2117 hunc

311 2163 336 2228 i.
357 2184 391 2229 e.
410 2182 482 2227 non
501 2182 577 2226 mea
596 2159 752 2226 voluntas
777 2159 854 2238 hat,
874 2158 932 2224 sed
951 2167 1027 2235 tna,
1047 2158 1093 2224 ad
1111 2180 1217 2248 quam
1244 2157 1441 2225 taciendam
1462 2179 1529 2244 ego
1546 2160 1644 2237 reni,

445 2289 521 2333 sum
541 2267 599 2353 iet.
618 2271 715 2343 t‚at;
732 2273 830 2343 &303
846 2268 954 2335 ⁶381.
971 2266 1085 2333 ‚tnimi
1100 2266 1453 2354 oommotionemipsa
1466 2266 1542 2332 eius
1551 2264 1647 2331 dicta

311 2374 549 2464 abruptaoqne
563 2373 729 2439 orationis
745 2374 855 2439 torma
869 2373 1012 2438 mirifice
1023 2373 1221 2462 exprimunt
1236 2375 1346 2441 ‹Patr
1355 2390 1374 2443 t.

351 2588 432 2650 Sunt
442 2589 500 2668 qni
515 2589 558 2647 ita
573 2587 704 2665 tegunt:
725 2587 848 2664 etquid
863 2587 987 2646 diuam?
1000 2587 1248 2647 Patersatrihoa
1265 2604 1318 2647 me
1336 2604 1376 2647 ex
1390 2587 1449 2646 hae
1463 2586 1560 2647 hora?
1574 2588 1598 2646 i.
1614 2604 1643 2646 e.

311 2685 391 2764 quid
403 2685 528 2746 dium?
539 2703 581 2745 an
596 2684 676 2745 illud
691 2703 699 2744 :
716 2686 857 2747 Pater...:
869 2703 912 2745 au
922 2685 1029 2744 dinam
1042 2685 1251 2745 :Patersatra
1261 2685 1336 2744 me?
1347 2686 1484 2744 minime
1499 2685 1553 2761 xet.
1569 2681 1644 2744 Chr.

317 2781 451 2864 noph.
465 2780 548 2857 Keil,
572 2779 684 2855 Weim
699 2779 784 2843 Cort.
800 2800 945 2859 qnoque,
959 2783 1016 2860 qui
1029 2783 1126 2842 retert
1147 2783 1194 2842 ita
1208 2783 1345 2843 Bossuet
1363 2784 1460 2842 etiam
1473 2782 1644 2860 explicare,

313 2881 476 2943 existima
488 2881 569 2940 hane
587 2880 821 2958 expositionem
836 2881 918 2940 bene
933 2883 1096 2940 oontextui
1112 2881 1239 2959 aptarit.
1255 2883 1374 2939 t'erum
1389 2896 1462 2939 eam
1482 2880 1646 2958 acceptio-

311 2996 388 3040 nem
401 2980 465 3040 iam
482 2976 550 3039 Tot.
565 2980 648 3039 bene
668 2977 818 3037 refutarit
833 2996 841 3034 ;
857 2994 931 3037 nam
946 2995 982 3037 ea
998 2977 1128 3037 exhibet
1139 2995 1272 3038 sensum
1285 2977 1402 3037 falsum
1418 2995 1426 3036 :
1447 2978 1580 3039 minime
1594 2978 1645 3037 di·

312 3093 385 3138 am
400 3095 410 3135 ε
425 3077 565 3137 aalrihoe
584 3093 653 3147 me;
671 3076 771 3136 immo
786 3075 885 3135 dixit:
902 3081 1076 3135 transeata
1097 3093 1148 3136 me
1161 3074 1242 3136 mlix
1265 3076 1341 3136 iste:
1366 3114 1377 3125 ·-
1395 3080 1519 3136 constat
1535 3081 1646 3136 autem

313 3174 348 3235 iu
367 3175 525 3253 praesenti
544 3173 584 3233 de
606 3191 645 3233 ea
666 3175 830 3233 voluntate
854 3172 962 3233 haberi
986 3191 1184 3247 sermonem;
1207 3190 1282 3234 nam
1308 3175 1453 3234 turbatus
1477 3179 1508 3233 et
1528 3174 1646 3234 timens

313 3272 393 3333 haee
412 3272 518 3351 priora
533 3272 628 3330 rerba
642 3272 826 3348 pronuntiat
844 3291 874 3337 κ
892 3289 986 3348 porro
1004 3272 1037 3329 in
1051 3288 1090 3330 ea
1108 3272 1292 3349 acceptione
1306 3273 1389 3350 perit
1405 3271 1474 3350 ipsa
1488 3271 1645 3332 turbatio

313 3368 366 3430 nis
379 3369 549 3446 descriptio
563 3373 595 3428 et
607 3369 768 3446 expressio
780 3375 812 3427 et
831 3368 902 3428 talis
915 3386 1021 3428 secum
1038 3368 1206 3428 meditatio
1220 3387 1228 3426 :
1244 3398 1257 3419 κ
1274 3387 1314 3429 an
1330 3369 1362 3429 id
1377 3370 1506 3446 petam?
1516 3370 1574 3429 sed
1586 3370 1647 3430 hoc

315 3472 425 3545 petere
436 3484 499 3526 non
513 3467 632 3535 debeo,
647 3467 725 3543 quia
740 3473 943 3542 propterea...
963 3492 977 3519 2
992 3466 1087 3526 habet
1104 3468 1214 3527 nescio
1229 3466 1307 3544 quid
1319 3469 1422 3545 arguti
1437 3473 1469 3527 et
1488 3468 1645 3539 attentati,

315 3563 404 3642 qnod
426 3565 459 3623 iu
483 3563 640 3624 Christum
666 3564 800 3623 minime
824 3564 938 3623 cadere
967 3565 1095 3642 poterit.
1118 3564 1223 3634 Quare
1248 3565 1410 3642 pteriqne.
1436 3567 1534 3625 etiam
1557 3564 1643 3625 lons.

316 3660 429 3736 natu„
444 3661 530 3721 ittam
541 3662 760 3739 arreptionem
774 3678 837 3720 non
852 3661 1037 3722 admittunt.

363 3860 446 3922 Cum
455 3856 569 3944 itaque
580 3854 735 3921 naturale
751 3856 816 3921 hoe
825 3857 1033 3923 desiderium
1044 3865 1233 3923 revocasset
1242 3864 1420 3946 umquam
1434 3860 1644 3926 eontrarium

317 3962 501 4030 auooffieio
511 3968 544 4027 et
554 3961 733 4037 functioni,
750 3963 874 4028 adiecit
884 3963 978 4052 quod
990 3963 1177 4030 deliberate
1186 3972 1221 4030 et
1229 3972 1325 4030 certo
1334 3965 1548 4054 preoaudum
1555 3974 1647 4033 reeta

320 4071 407 4136 ratio
415 4067 623 4154 suggerebat
640 4068 739 4132 tam.
751 4112 774 4139 ..
791 4070 1047 4159 sequiturenim
1060 4072 1218 4138 voluntas
1230 4071 1423 4138 deliberata
1443 4072 1541 4158 Iol.)
1555 4096 1587 4138 r.
1602 4079 1646 4139 28

319 4179 435 4257 Pater,
452 4173 605 4262 almifica
618 4195 742 4239 nomen
760 4189 876 4253 tuum,
896 4199 936 4241 eo
954 4176 1029 4241 scit.
1047 4176 1148 4242 modo
1165 4200 1235 4265 quo
1249 4181 1349 4244 Pater
1363 4179 1553 4257 constituit,
1569 4181 1643 4247 soil.

319 4289 357 4350 nt
371 4305 434 4373 per
444 4289 587 4347 mortem
605 4281 728 4346 Christi
744 4280 855 4367 gloria
871 4283 927 4347 Dei
946 4284 1146 4348 restituatur
1161 4283 1357 4372 expiatione
1368 4293 1402 4351 et
1416 4286 1646 4353 satisfactione

319 4390 494 4478 praestita,
513 4395 549 4453 ut
568 4387 757 4452 innoteseat
778 4396 811 4453 et
826 4387 1041 4454 diffundatur
1052 4387 1164 4474 gloria
1182 4396 1216 4455 et
1234 4390 1346 4457 cultus
1365 4393 1424 4458 Dei
1445 4415 1509 4482 per
1526 4393 1645 4460 orbem

319 4502 503 4563 terrarum:
520 4495 596 4559 aliis
611 4493 718 4579 igitur
734 4494 847 4559 verbis
862 4518 870 4557 :
888 4498 946 4560 tiat
958 4495 1118 4560 voluntas
1132 4502 1208 4575 tna,
1223 4519 1313 4586 quae
1328 4499 1536 4565 voluntasin
1549 4521 1645 4566 man·

318 4601 398 4669 dato
412 4602 519 4668 Patris
555 4606 648 4673 tati
656 4646 665 4685 ,-
688 4608 722 4665 et
740 4601 774 4664 in
795 4600 990 4666 ohedientia
1012 4601 1085 4667 Filii
1099 4624 1108 4685 t
1113 4601 1202 4668 Phil.
1220 4609 1290 4677 281
1311 4626 1467 4693 expneasa
1482 4606 1641 4674 hahetur.

319 4710 407 4773 ilaec
418 4708 564 4774 nominis
576 4707 635 4773 [tei
650 4707 777 4792 gloria,
796 4713 882 4786 3332,
902 4708 1050 4774 habetur
1067 4709 1218 4797 eoquod
1240 4712 1392 4796 cognitio
1407 4713 1559 4780 nominis
1571 4715 1645 4782 eius

317 4814 342 4879 i.
356 4834 388 4880 e.
413 4814 564 4879 omnium
580 4836 671 4902 quae
683 4813 728 4879 de
747 4836 780 4878 se
798 4818 884 4880 [teus
899 4817 1113 4881 manifestare
1128 4816 1292 4902 dignatus
1310 4826 1378 4889 est.
1399 4821 1561 4888 omnihus
1581 4845 1643 4911 po·

319 4919 413 5011 pulis
437 4918 607 4986 obveniat.
631 4924 696 4987 ttoe
723 4944 805 4987 vero
832 4922 871 4986 tit
891 4922 1143 5010 praedicatione
1167 4924 1358 5010 evangelii,
1386 4948 1456 5016 qua
1480 4928 1645 5018 impletur
