4050 5648
861 525 943 581 lodus
958 513 1101 586 ·8,16-19.

317 684 384 752 eqo
397 676 431 731 et
445 666 508 756 qui
521 665 617 733 misit
633 680 686 725 me
692 709 702 742 ,
719 659 839 747 Pater,·
855 683 970 729 meum
983 658 1150 729 iudicium
1165 663 1215 725 est
1228 656 1331 724 simul
1342 658 1509 728 iudicium
1522 657 1642 741 Patris,

313 791 398 858 ergo
417 771 589 846 divinum,
609 786 693 851 ergo
714 787 849 851 verum;
873 769 916 834 cl.
947 774 1045 852 5,19;
1068 762 1169 831 Filius
1188 763 1282 832 enim
1299 763 1362 832 illa
1380 767 1462 835 tacit
1477 788 1565 857 quac
1581 769 1644 833 Pa·

252 871 253 875 ’
314 881 403 950 trem
419 879 513 945 videt
531 872 737 958 facientem,
756 898 846 967 quae
858 879 957 941 Pater
970 877 1002 941 ei
1016 871 1272 940 communicans
1289 868 1513 941 demonstrat.
1528 879 1598 940 lam
1615 868 1646 938 si

314 985 482 1053 indicium
500 980 573 1045 eius
590 1000 715 1048 verum
732 987 797 1062 est,
815 981 1046 1047 testimonium
1060 978 1133 1044 eius
1148 1000 1285 1069 quoque
1297 999 1417 1045 verum
1435 986 1497 1047 est.

356 1089 440 1158 Inde
455 1106 535 1151 vero
550 1088 726 1155 enascitur
744 1088 843 1153 tertia
867 1088 957 1154 ratio
972 1106 1040 1176 qna
1059 1083 1369 1177 interpellationem
1384 1085 1645 1171 pharisaeorum

312 1197 441 1274 refutat
462 1214 493 1258 v.
521 1199 560 1258 17
581 1206 614 1261 et
636 1195 674 1261 in
694 1195 898 1281 legecestra
920 1191 1179 1280 scriptumest:
1200 1191 1284 1282 quia
1305 1188 1451 1271 duorum
1465 1190 1644 1260 hominum

312 1298 546 1368 testimonium
561 1323 683 1368 cerum
697 1310 765 1383 est,·
783 1319 861 1365 cnm
877 1296 1032 1389 emphasi
1051 1296 1135 1366 dicit
1153 1297 1358 1389 pharisaeis,
1373 1296 1644 1367 aemulatoribus

314 1407 415 1496 (quos
433 1428 468 1473 se
490 1407 633 1496 iactant)
648 1404 738 1490 legis
756 1402 818 1471 rin
832 1405 908 1492 lege
922 1417 1055 1488 Μείνας
1069 1426 1176 1493 quare
1191 1428 1232 1472 eo
1242 1405 1352 1493 magis
1361 1410 1442 1472 sunt
1453 1403 1640 1490 arguendi,

166 1573 175 1603 ,.
312 1513 341 1579 si
367 1535 450 1580 suae
470 1515 558 1600 legis
575 1517 700 1580 statuta
725 1532 794 1577 non
812 1512 1004 1579 attendunt.
1022 1515 1097 1577 lam
1110 1503 1418 1599 igitursecundum
1441 1511 1556 1598 legem
1575 1508 1644 1576 illis

166 1627 210 1698 ζζῑ,
280 1705 281 1709 ¹
314 1619 514 1709 impositam
531 1617 739 1709 (Rup.)'lesu
753 1616 987 1697 testimonium
999 1616 1127 1685 debent
1140 1618 1295 1708 accipere
1311 1639 1343 1684 v.
1363 1624 1405 1686 18
1420 1640 1482 1707 epo
1497 1615 1645 1706 sumqui

169 1734 173 1743 ⁴
315 1727 551 1795 testimonium
566 1722 729 1814 perhibeo
749 1721 791 1791 dc
814 1725 941 1814 meipso
966 1737 999 1792 et
1025 1723 1259 1791 testimonium
1284 1723 1438 1813 perhibet
1456 1723 1564 1791 &me
1583 1721 1645 1812 qui

314 1833 407 1901 misit
416 1854 480 1917 me,
496 1834 600 1898 Pater
603 1831 806 1920 ,quomodo
816 1836 917 1899 Pater
928 1830 1112 1920 perhibeat
1124 1829 1358 1899 testimonium
1368 1829 1445 1910 vide
1455 1837 1536 1913 5,36
1550 1848 1641 1920 seq.;

313 1967 331 2002 a
351 1959 435 2006 nam
458 1937 487 2004 si
510 1936 630 2004 Filium
654 1937 712 2004 Dei
734 1959 807 2004 sese
826 1935 1018 2027 profitendo
1041 1939 1257 2017 mentiretur,
1274 1937 1427 2027 profecto
1445 1957 1515 2004 non
1534 1936 1645 2023 gloria

317 2045 564 2113 miraculorum
587 2043 835 2112 clarificaretur
855 2071 872 2106 a
897 2043 1027 2134 (hup).
1049 2044 1192 2112 Obiiciet
1210 2044 1336 2133 aliquis
1350 2041 1439 2110 illud
1453 2047 1548 2111 Deut.
1565 2049 1644 2127 ino
1739 2049 1744 2060 '

317 2159 352 2220 et
367 2157 469 2235 19,15
483 2150 634 2237 intelligi
649 2151 692 2227 de
704 2148 840 2218 duobus
852 2151 993 2218 testibus
1004 2173 1075 2218 non
1086 2156 1283 2241 computato
1295 2173 1336 2218 eo
1351 2150 1395 2218 da
1405 2174 1478 2240 ,quo
1487 2149 1645 2217 redditur

313 2257 565 2328 testimonium„
590 2262 715 2325 Verum
743 2265 793 2324 est
821 2259 898 2326 hoc.
928 2263 1036 2337 Quare
1060 2257 1192 2348 explica
1214 2279 1293 2325 cum
1318 2255 1388 2325 Tol.
1414 2259 1506 2326 lans.
1533 2255 1642 2339 Mala.

167 2351 168 2354 Ἴ
229 2436 232 2442 ,
315 2364 406 2434 Cori.
423 2365 601 2433 :Christus
614 2371 688 2432 erat
701 2366 749 2432 ho
759 2386 815 2432 mo
832 2370 866 2432 et
885 2369 986 2445 Dcus;
1011 2363 1145 2432 ratione
1162 2364 1349 2432 divinitatis
1365 2386 1427 2456 per
1440 2384 1546 2454 opera
1559 2362 1645 2430 divi·
1745 2400 1747 2403 -

312 2471 429 2540 nitatis
441 2471 584 2562 propria
599 2470 770 2539 reddebat
789 2472 1021 2540 testimonium
1040 2471 1083 2538 de
1096 2494 1132 2539 se
1151 2470 1289 2539 homine
1306 2471 1488 2562 probando
1503 2470 1568 2539 sub
1581 2469 1644 2537 illa

313 2578 529 2647 humanitate
554 2580 663 2646 latere
684 2585 802 2647 Deum.
829 2580 923 2648 Unde
938 2578 1171 2646 testimonium
1185 2579 1334 2675 duarum
1351 2600 1577 2669 personarum
1589 2577 1643 2645 di-

312 2685 474 2756 vinarum
497 2686 655 2752 habetur.
681 2690 746 2753 Pro
773 2685 904 2754 ludaeis
925 2687 986 2777 qui
1008 2687 1081 2754 eius
1099 2690 1259 2753 naturam
1284 2685 1437 2753 divinam
1455 2706 1644 2772 nonagno-

312 2797 412 2860 scunt
436 2794 487 2858 vis
514 2792 727 2881 probationis
746 2792 783 2858 in
806 2815 847 2860 eo
873 2798 925 2861 est
948 2785 1041 2883 quod
1065 2799 1241 2862 lesussuo
1260 2794 1389 2881 agendi
1407 2791 1643 2881 loquendique

314 2898 415 2967 modo
437 2897 480 2964 de
501 2920 537 2965 se
559 2902 703 2965 testatur
721 2904 755 2965 et
776 2898 871 2988 quod
889 2899 955 2965 hoc
972 2899 1047 2966 eius
1066 2897 1334 2966 testimoniuma
1353 2905 1450 2965 Patre
1465 2918 1645 2989 peropaca

311 3005 372 3072 illa
389 3004 596 3073 miraculosa
610 3010 791 3094 tamquam
810 3027 932 3073 verum
951 3006 1209 3096 comprobatur.
1224 3005 1348 3073 Christi
1363 3006 1455 3072 enim
1474 3005 1545 3072 vita
1553 3004 1642 3093 ipsa,

311 3133 381 3201 qua
395 3133 468 3178 non
481 3132 577 3177 suam
593 3111 742 3198 gloriam
753 3112 889 3201 quaerit
902 3111 961 3179 sed
970 3111 1071 3179 unice
1084 3112 1203 3195 Patris,
1220 3134 1292 3180 non
1305 3134 1403 3179 snam
1418 3111 1641 3194 voluntatem,

311 3218 370 3285 sed
379 3218 481 3285 unice
498 3217 607 3284 Patris
623 3217 809 3308 (qenai),
830 3219 959 3308 optima
974 3224 1024 3285 est
1038 3219 1131 3286 testis
1149 3240 1284 3309 proe03
1308 3218 1400 3286 unde
1421 3241 1541 3286 revera
1556 3224 1645 3286 lesus

311 3324 384 3414 ipsa
404 3324 470 3390 sihi
490 3331 541 3390 est
564 3325 659 3391 testis
686 3331 720 3391 et
744 3328 843 3392 Pater
860 3331 912 3392 est
931 3324 1040 3405 testis
1060 3347 1145 3413 ergo
1164 3324 1312 3393 habetur
1336 3325 1486 3400 duorum
1507 3325 1645 3392 testium
1739 3351 1744 3359 ·

311 3429 548 3497 testimonium
572 3430 626 3516 (ci.
646 3431 720 3498 Gai.
737 3430 868 3518 Scina),
886 3454 997 3522 neque
1015 3431 1189 3520 pharisaei
1202 3438 1447 3519 argumentum
1464 3454 1505 3498 ex
1525 3454 1565 3498 eo
1582 3452 1645 3520 op·

296 3536 297 3539 ’
311 3542 485 3627 pugnant,
505 3536 600 3626 quod
614 3559 685 3603 non
700 3537 768 3604 sint
780 3537 849 3603 duo
873 3543 984 3605 testes.

357 3646 441 3710 Cum
464 3642 623 3710 irrisione
648 3649 681 3710 et
706 3643 838 3711 malitia
860 3651 1038 3734 opponunt
1057 3667 1091 3711 v.
1115 3652 1155 3713 19
1170 3644 1329 3713 dicebant
1344 3668 1425 3735 erpo
1441 3646 1500 3713 ei:
1517 3645 1577 3712 ubi
1595 3657 1644 3712 est

312 3753 417 3817 Pater
429 3752 530 3816 tuus?
550 3751 638 3817 alter
658 3751 731 3818 scil.
756 3750 866 3830 testis;
888 3752 1017 3842 optime
1028 3751 1181 3821 sciebant
1193 3774 1297 3843 quem
1316 3774 1416 3819 suum
1436 3751 1567 3820 diceret
1584 3758 1643 3819 Pa·

311 3863 418 3940 trem3
434 3857 477 3923 cl.
504 3863 596 3938 5,18.
626 3864 684 3941 363
707 3857 910 3925 cavillantur
931 3880 939 3926 :
958 3859 1094 3941 nbiest,
1116 3865 1154 3926 ut
1167 3860 1240 3926 cius
1255 3860 1475 3950 exquiramus
1491 3860 1643 3926 testimo·

310 3962 426 4045 nium;
465 3984 638 4052 nusquam
677 3964 832 4031 videmus
867 3987 965 4047 eum,
1000 3965 1127 4034 nullibi
1168 3965 1327 4033 audimus
1360 3968 1470 4035 eum!-
1492 3972 1643 4034 Fortasse

311 4069 418 4136 etiam
437 4075 627 4159 quaerunt,
641 4078 680 4136 ut
697 4071 810 4138 denuo
837 4093 914 4139 eum
935 4070 1168 4162 blasphemiae
1188 4094 1346 4141 accusare
1362 4080 1395 4139 et
1413 4074 1531 4139 mortis
1546 4095 1643 4140 reum

312 4174 493 4242 declarare
507 4176 648 4265 possint.
666 4177 819 4245 Christus
833 4179 943 4269 primo
958 4177 1138 4264 redarguit
1146 4177 1288 4246 illorum
1301 4180 1546 4267 ignorantiam,
1564 4179 1644 4246 dein

313 4282 469 4350 ostendit
478 4282 653 4373 quomodo
667 4285 798 4373 possint
812 4285 857 4352 ad
871 4285 1021 4352 veritatis
1035 4284 1266 4371 cognitionem
1281 4286 1461 4375 pervenire
1475 4286 1641 4375 (Thom.);

312 4389 495 4481 respondit
519 4392 611 4457 Iesus
628 4411 764 4479 :neque
778 4414 831 4458 mc
842 4393 936 4460 scitis
955 4414 1064 4482 neque
1079 4394 1218 4459 Patrem
1233 4414 1367 4478 meum,·
1381 4396 1413 4461 si
1426 4393 1641 4475 mesenatis,

315 4496 466 4584 forsitan
481 4510 513 4564 et
529 4500 668 4564 Patrem
681 4519 795 4564 meum
810 4499 941 4567 sciretis
946 4522 960 4584 ;
974 4499 1062 4568 illud
1073 4507 1107 4567 ἄν
1123 4499 1208 4566 alias
1217 4501 1338 4568 melius
1353 4501 1511 4568 redditur
1526 4500 1645 4588 utique

318 4606 423 4689 (stil-
445 4607 518 4688 28),
546 4627 658 4695 neque
689 4605 782 4672 enim
804 4606 974 4674 sententia
995 4629 1073 4675 eum
1090 4605 1197 4672 dubio
1212 4610 1421 4675 enuntiatur.
1440 4612 1645 4696 Interpretes

318 4709 418 4776 latini
428 4709 584 4796 forsitan
597 4713 769 4802 explicant
782 4712 991 4802 increpative
1008 4714 1113 4802 (Aup.
1133 4716 1220 4802 Rup.
1240 4714 1354 4782 Thom.
1373 4714 1475 4803 Bon.)
1491 4714 1545 4781 vel
1561 4719 1643 4781 tam·

318 4837 425 4905 quam
453 4818 658 4906 particulam
683 4818 883 4887 affirmantis
903 4820 927 4889 i.
957 4843 988 4888 e.
1023 4819 1373 4910 utique(Cai.1ans.
1404 4820 1474 4887 Tol.
1502 4820 1641 4909 Mala).

324 4922 515 4991 Pharisaeis
540 4925 602 5015 qui
621 4925 708 5013 legis
733 4926 875 4995 scientia
890 4910 932 4994 'et
955 4928 1190 4996 observatione
1212 4952 1247 4996 se
1265 4930 1393 4997 iactant
1412 4929 1480 4995 iam
1497 4937 1644 5016 negatur
