4050 5648
14 494 112 610 {js
135 508 140 516 ’
182 530 186 537 ’
244 522 301 582 sta
796 531 880 578 roan.
905 519 1006 583 tart.

244 676 374 766 accepit
392 696 468 741 cam
483 660 671 751 discipulus
692 662 730 728 ie
743 686 806 730 sun
828 671 868 747 εἰς
884 672 919 735 τὰ
938 674 1011 743 ἴδια,
1030 664 1066 729 in
1080 663 1222 730 domum
1238 685 1351 748 suam,
1369 667 1403 731 in
1420 684 1489 752 qua
1503 663 1562 728 ha-

245 781 377 849 bitabat
395 787 428 845 et
448 769 657 858 singularem
679 771 753 835 cius
774 775 917 858 gerebat
935 792 1053 837 curam
1076 771 1113 837 in
1135 769 1336 838 exhibendis
1358 770 1496 863 pietatis
1515 768 1563 834 ol-

245 887 339 955 ficiis.
366 889 448 950 Cum
471 882 581 943 mater
605 878 742 943 loannis
766 885 982 947 recenseatur
1004 877 1092 944 inter
1118 877 1278 944 mulieres
1306 900 1395 967 quae
1422 875 1563 944 Domino

244 984 510 1061 ministraverint
530 984 654 1070 (llatth.
679 990 813 1074 tibh),
839 983 1058 1053 facultatibus
1073 987 1195 1052 matris
1212 983 1263 1050 uti
1277 989 1413 1072 poterat
1427 983 1473 1052 ad
1493 976 1570 1048 Vir-'

244 1100 358 1185 ginem
382 1090 652 1158 sustentandam.
682 1097 764 1159 Nam
792 1093 857 1159 etsi
880 1090 1022 1178 apostoli
1055 1091 1176 1158 omnia
1197 1090 1422 1180 reliquerant,
1444 1112 1564 1157 eorum

243 1197 428 1290 propinqui
444 1204 557 1264 tamen
573 1199 795 1288 possidebant
809 1219 897 1287 quae
918 1196 1082 1264 advitam
1102 1197 1292 1265 necessaria
1305 1201 1404 1263 erant
1421 1194 1562 1284 (Selia).

243 1305 307 1373 hlii
322 1305 492 1394 explicant
509 1327 516 1371 :
531 1305 622 1372 adse
637 1335 653 1367 «
668 1328 756 1393 quae
771 1302 1170 1394 explicatiopraeplacet,
1189 1305 1271 1392 quia
1288 1302 1436 1393 pressius
1447 1301 1565 1369 inhae-

244 1419 295 1480 ret
318 1414 434 1480 textui.
461 1416 552 1478 luxta
576 1419 768 1479 contextum
796 1409 947 1476 Christus
978 1410 1237 1478 commendavit
1255 1410 1396 1500 quidem
1418 1415 1564 1475 matrem

242 1519 428 1609 discipulo,
449 1528 484 1587 at
511 1541 576 1585 non
602 1518 738 1583 videtur
755 1515 961 1607 discipulum
987 1518 1142 1585 vicissim
1164 1517 1267 1584 matri
1287 1515 1562 1598 commendasse,

242 1626 398 1716 quamvis
415 1631 564 1716 nequeat
582 1623 732 1691 dubitari
753 1622 786 1688 b.
811 1623 983 1710 Virginem
1004 1631 1159 1691 materno
1180 1624 1284 1712 plane
1299 1645 1416 1691 amore
1432 1621 1565 1689 loannis

242 1754 325 1821 erga
343 1755 378 1799 se
402 1731 666 1798 sollicitudinem
688 1729 883 1819 rependisse
907 1759 922 1790 η
947 1729 1086 1819 (Cart).
1112 1728 1149 1797 ld
1174 1730 1276 1819 plane
1296 1750 1412 1797 verum
1438 1736 1504 1808 est3
1531 1733 1565 1795 ct

241 1840 382 1928 insuper
394 1839 462 1904 dici
479 1838 617 1926 poterit,
634 1859 674 1903 ex
686 1836 799 1901 verbis
813 1835 957 1903 Christi:
973 1859 1046 1904 ecce
1056 1835 1151 1925 filius
1165 1848 1260 1922 tuus,
1278 1837 1406 1925 quibus
1420 1835 1453 1903 ei
1468 1841 1564 1903 loan-

242 1967 302 2013 nes
316 1946 505 2031 assignatus
520 1950 569 2009 est
584 1951 620 2007 ut
634 1964 751 2008 curam
772 1964 905 2027 gerens,
926 1945 1108 2032 consequi,
1132 1950 1169 2009 ut
1184 1949 1294 2010 mater
1309 1964 1387 2009 cum
1408 1943 1512 2008 etiam
1528 1947 1566 2007 nt

242 2051 345 2119 talem
360 2051 530 2139 acceperit
549 2054 582 2115 et
600 2057 738 2136 gratum
763 2048 923 2115 habuerit
945 2056 978 2114 ct
998 2049 1097 2138 quasi
1117 2049 1226 2115 lilium
1248 2050 1368 2116 matris
1391 2055 1565 2115 amantem

241 2158 408 2227 dilexerit.

283 2398 363 2470 Ouid
379 2399 476 2477 igitur
493 2397 532 2458 de
548 2398 728 2475 pervulgata
744 2398 795 2457 illa
811 2399 962 2475 opinione
983 2401 1132 2459 loannem
1152 2400 1212 2459 sub
1227 2416 1321 2460 cruce
1337 2404 1476 2460 stantem
1495 2415 1565 2478 ges·

243 2498 321 2558 sisse
336 2513 504 2576 personam
525 2495 667 2555 fidelium
684 2497 842 2566 omnium,
859 2514 979 2573 nosque
995 2513 1106 2557 omnes
1129 2498 1248 2567 Mariae
1262 2498 1379 2577 virgini
1399 2503 1565 2575 umquam

242 2596 323 2656 tilios
344 2613 415 2656 esse
434 2593 675 2654 commendatos
695 2598 726 2652 et
745 2593 903 2653 Christum
924 2596 1016 2654 nobis
1036 2599 1172 2654 matrem
1193 2612 1282 2655 suam
1303 2595 1335 2656 in
1354 2600 1489 2655 matrem
1509 2612 1566 2655 no

242 2697 341 2755 stram
356 2692 499 2778 dedisse,
518 2692 646 2752 Mariam
662 2692 721 2750 sub
738 2709 830 2751 cruce
852 2692 943 2769 quasi
962 2698 1153 2752 testamento
1166 2692 1237 2752 Filii
1253 2708 1324 2753 esse
1342 2697 1484 2752 nostram
1500 2708 1567 2752 ma·

243 2796 324 2853 trem
335 2790 562 2851 constitutam?
581 2789 628 2850 Uti
640 2806 677 2848 er
689 2788 901 2865 explicatione
918 2795 1020 2850 textus
1036 2794 1123 2869 patet
1137 2807 1235 2868 quam
1247 2790 1323 2850 dant
1333 2790 1523 2868 interpretes
1535 2795 1566 2850 et

242 2894 364 2950 veteres
378 2892 410 2949 et
422 2887 626 2957 recentiores,
644 2886 720 2946 haec
734 2889 765 2946 in
779 2905 874 2947 sensu
890 2887 1015 2948 litterali
1033 2906 1097 2948 non
1113 2889 1318 2949 continentur
1331 2905 1435 2966 neque
1448 2890 1487 2948 ab
1498 2887 1565 2948 ullo

242 3005 267 3046 s.
285 2988 373 3046 Patre
389 2985 484 3045 verba
500 2984 532 3042 in
553 3001 626 3043 eum
643 3000 773 3044 sensum
797 2986 1008 3061 accipiuntur.
1028 2986 1138 3046 Verbis
1154 2987 1240 3046 enim
1263 2986 1328 3046 illis
1348 2986 1454 3048 solum
1476 3011 1490 3039 «
1508 2986 1564 3046 do-

241 3101 352 3146 cemur
373 3083 530 3143 Christum
560 3081 699 3141 voluisse
724 3088 797 3141 ante
821 3089 956 3143 mortem
979 3100 1071 3143 suam
1096 3085 1207 3143 matris
1227 3084 1356 3144 orbitati
1380 3084 1564 3155 subvenire,

242 3180 438 3260 procurando
466 3180 493 3239 ei
520 3178 677 3256 retugium
702 3179 785 3257 apud
811 3180 990 3239 dilectionis
1013 3180 1223 3257 discipulum;
1245 3181 1330 3242 unde
1352 3179 1466 3241 cailla
1490 3181 1565 3241 torn

242 3278 358 3360 accepit
373 3297 440 3336 eom
456 3273 627 3355 disciputus
641 3276 672 3334 in
686 3296 742 3334 sna
756 3303 769 3329 »
785 3275 883 3354 (Cart.
901 3275 929 3335 F
928 3276 985 3356 rt).
1000 3279 1081 3338 llaec
1096 3284 1143 3338 est
1159 3278 1378 3357 interpretatio
1394 3283 1474 3358 Aug.
1492 3280 1562 3340 Chr.

241 3378 311 3456 Cyr.
328 3382 387 3437 etc.
403 3374 489 3436 Unde
506 3373 559 3433 illa
575 3375 713 3451 vulgaris
728 3375 837 3453 opinio
854 3393 915 3435 non
934 3382 983 3435 est
1003 3377 1223 3454 interpretatio
1244 3381 1361 3448 textus,
1378 3395 1491 3439 verum
1511 3396 1564 3438 so·

241 3475 311 3535 lum
325 3492 415 3533 sensu
430 3468 694 3531 accommodando
710 3490 747 3531 ex
763 3474 929 3550 evangelio
946 3474 1066 3534 eruitur
1081 3472 1180 3552 (cort.
1199 3473 1286 3553 Fit).
1302 3475 1428 3536 Primus
1443 3477 1499 3554 qui
1515 3493 1564 3538 re·

242 3571 337 3650 periri
359 3571 464 3649 potnit
486 3571 580 3629 verba
605 3570 659 3628 illa
687 3570 836 3629 adhunc
862 3588 994 3631 sensum
1020 3573 1181 3632 transtulit
1207 3572 1288 3654 [lup.
1315 3574 1361 3633 ita
1384 3575 1529 3635 scribens
1555 3593 1562 3634 :

244 3694 258 3724 «
275 3669 348 3746 qnia
361 3668 392 3727 in
409 3666 553 3745 passione
568 3666 726 3743 unigeniti
740 3668 886 3726 omnium
900 3675 1045 3730 nostrum
1060 3670 1195 3730 salutem
1212 3671 1305 3730 beata
1319 3672 1413 3751 Virgo
1428 3673 1563 3751 peperit,

242 3765 334 3844 plane
348 3765 492 3825 omnium
510 3770 653 3824 nostrum
670 3770 770 3824 mater
785 3770 842 3824 est.
862 3765 960 3844 igitur
978 3767 1065 3844 quod
1081 3767 1120 3828 de
1136 3767 1196 3828 boc
1211 3767 1367 3846 discipulo
1380 3769 1502 3830 dictum
1518 3776 1567 3832 est

241 3864 348 3933 abeo,
366 3867 451 3922 recte
471 3866 502 3921 et
522 3862 559 3921 de
575 3861 636 3921 alio
652 3863 793 3938 quolibet
813 3863 984 3941 discipulo,
1002 3865 1028 3924 si
1045 3883 1193 3943 praesens
1212 3866 1339 3927 adesset
1356 3867 1420 3929 diei
1440 3869 1565 3947 potuis·

242 3966 304 4030 set,
326 3960 387 4019 nisi
410 3959 485 4036 quia
510 3959 583 4018 licet
601 3959 766 4028 omnium,
792 3966 827 4019 ut
848 3961 968 4021 dictum
989 3968 1053 4034 est,
1070 3968 1173 4024 mater
1194 3965 1249 4036 sit,
1270 3964 1435 4042 pulchrius
1458 3971 1565 4028 tamen

241 4058 316 4118 huic
338 4062 375 4117 ut
394 4057 481 4134 virgo
503 4057 615 4135 virgini
638 4058 856 4117 commendari
881 4059 992 4120 debuit
1014 4087 1041 4119 ».
1062 4061 1271 4122 Postmodum
1295 4062 1373 4123 haec
1394 4064 1565 4142 applicatio

242 4156 411 4217 verborum
429 4173 435 4213 :
454 4154 487 4212 in
504 4155 617 4214 loanne
638 4173 695 4214 nos
718 4173 830 4215 omncs
852 4156 940 4216 datos
964 4175 1032 4219 esse
1054 4160 1169 4219 Mariae
1186 4160 1266 4219 filios
1289 4160 1443 4238 nobisque
1459 4163 1565 4223 datam

242 4271 310 4314 esse
326 4254 452 4313 Mariam
470 4253 502 4311 in
518 4259 669 4323 matrem,
687 4254 764 4312 satis
777 4257 959 4315 communis
975 4256 1074 4316 evasit
1089 4257 1140 4335 (cl.
1160 4254 1258 4316 Satur.
1279 4255 1343 4318 Tol.
1362 4257 1438 4318 Bor.
1456 4258 1563 4341 Lep.);

242 4352 340 4412 multa
359 4350 573 4411 recentiorum
597 4356 771 4410 ascetarum
794 4353 888 4412 ellata
910 4353 1017 4414 ridere
1035 4359 1125 4431 potes
1147 4355 1178 4414 in
1194 4361 1280 4416 tomo
1301 4357 1338 4416 l3
1359 4374 1494 4419 coronae
1507 4377 1565 4420 au·

241 4466 328 4523 reae,
345 4466 442 4526 qnam
458 4448 557 4507 edidit
572 4447 683 4528 tityre.

280 4547 313 4606 ln
329 4563 399 4606 eam
416 4547 632 4623 acceptionem
654 4552 761 4624 posset
779 4546 921 4626 Oripcner
943 4550 1004 4610 dici
1027 4551 1113 4610 viam
1134 4554 1328 4628 ostendisse,
1346 4556 1372 4614 si
1393 4555 1432 4615 ab
1454 4555 1563 4635 aliquo

240 4661 297 4720 pro
318 4661 355 4704 ea
369 4644 580 4721 applicatione
597 4646 795 4723 allegaretur.
815 4651 853 4705 tlt
873 4650 941 4707 eius
958 4648 1204 4725 applicationem
1220 4653 1294 4712 satis
1315 4654 1483 4731 mysticam
1498 4672 1562 4716 non

240 4741 304 4801 vidi
319 4744 357 4802 ab
374 4742 438 4801 ullo
456 4741 569 4800 alterii.
588 4743 703 4802 Scribit
717 4744 800 4803 enim
819 4745 850 4802 in
866 4747 1060 4823 praelatione
1076 4747 1116 4807 ad
1132 4750 1405 4812 Commentarium
1421 4752 1454 4811 in
1472 4753 1562 4813 loan-

240 4854 313 4897 nem
327 4857 358 4896 n.
375 4843 413 4898 6:
433 4863 447 4892 r
462 4839 615 4916 evangelii
629 4859 757 4901 sensum
774 4859 869 4902 nemo
886 4845 1049 4922 percipere
1064 4851 1180 4923 potest,
1193 4847 1253 4907 nisi
1269 4849 1325 4927 qui
1342 4866 1438 4928 supra
1449 4857 1561 4930 pectus

240 4935 311 4995 lesu
327 4938 506 4997 recubuerit
522 4938 570 4996 rel
589 4940 748 5018 acceperit
766 4957 783 4999 a
799 4940 869 5000 lcsn
892 4943 1018 5003 llariam
1035 4961 1118 5021 quae
1140 4947 1237 5007 etiam
1255 4946 1355 5025 ipsius
1371 4955 1473 5010 mater
1488 4949 1559 5010 fiat:
