4116 5648
849 493 987 540 sussum
1009 491 1311 545 tursnrunrnrtoms.

417 635 509 701 dim
523 634 556 696 et
575 633 790 719 quaesilffllsss
808 626 1024 716 d⁰gmaticas
1042 631 1193 699 dilucide
1212 632 1347 695 tractat.
1365 627 1586 700 Luculentum
1602 649 1738 721 quoque

417 739 703 806 Commentarium
719 735 882 824 (exceptis
905 745 1054 825 capiti.
1075 740 1127 824 19)
1150 733 1289 823 reliquit
1309 733 1528 801 Maldonctus
1548 732 1659 823 (1597)
1681 741 1741 823 qui
1834 830 1836 835 Ι

416 850 569 912 veterum
588 841 810 933 expositiones
824 841 938 910 varias
952 848 1083 933 pariter
1110 847 1262 908 recenset
1277 848 1312 909 et
1323 841 1394 908 acri
1409 843 1549 927 ingenio
1568 840 1606 908 in
1620 863 1737 908 verum

415 971 551 1019 sensum
564 958 598 1018 et
610 950 853 1041 connexionem
868 947 1026 1037 inquirit.
1043 948 1209 1017 Omnibus
1223 956 1342 1014 notum
1357 952 1407 1012 est
1417 955 1632 1036 quantopere
1645 970 1739 1016 oom-
1833 954 1838 967 '
1868 1036 1872 1046 ,
1888 948 1904 1045 J

417 1058 574 1129 mentorii
595 1053 667 1119 eius
692 1057 862 1134 ubertate,
883 1055 1147 1147 perspicuitate,
1172 1054 1367 1121 felicissima
1386 1052 1634 1141 interpretandi
1648 1062 1739 1138 arte,

414 1163 565 1251 eleganti
580 1159 719 1229 dicendi
733 1182 862 1249 genere
879 1155 1073 1238 emineant3
1093 1164 1220 1227 multus
1234 1159 1329 1226 estin
1342 1159 1578 1226 controversiis
1592 1159 1644 1226 sui
1656 1166 1739 1228 tem-

416 1271 508 1360 poris
529 1268 770 1348 enucleandis,
797 1289 946 1356 quarum
973 1268 1151 1335 occasione
1170 1266 1468 1357 interpretationes
1488 1265 1740 1356 sententiasque

416 1374 666 1444 haereticorum
689 1373 792 1441 modo
808 1377 958 1443 caustica
981 1373 1084 1441 modo
1103 1373 1210 1440 tacete
1225 1371 1424 1463 perstringit
1434 1378 1468 1437 et
1482 1372 1583 1439 ridet.
1600 1378 1738 1441 Praeter

415 1501 550 1550 sensum
570 1480 749 1549 litteralem
772 1481 953 1567 mysticum
975 1481 1029 1548 vel
1050 1480 1299 1569 tropologicum
1324 1477 1452 1546 addere
1467 1479 1553 1546 solet
1567 1466 1739 1548 Cornelius

415 1612 438 1656 a
459 1584 588 1675 Lepide
609 1587 738 1678 (Lup.);
761 1586 869 1653 voluit
888 1589 983 1655 enim
1006 1590 1041 1655 in
1062 1588 1133 1654 suis
1157 1585 1410 1654 commentariis
1427 1585 1642 1675 potissimum
1659 1609 1740 1654 con-

414 1693 648 1761 cionatoribus
666 1692 819 1782 amplam
838 1693 980 1761 dicendi
1002 1694 1182 1762 materiam
1199 1699 1396 1783 suppetere,
1415 1698 1448 1759 et
1461 1699 1512 1760 tot
1534 1693 1741 1760 editionibus

415 1799 516 1867 etiam
536 1799 784 1868 recentioribus
797 1800 1054 1887 demonstratur
1072 1807 1203 1889 quanto
1223 1800 1259 1867 in
1276 1800 1407 1867 honore
1423 1800 1602 1867 habeatur.
1621 1805 1740 1867 Breves
1848 1800 1850 1807 ⁴
1883 1803 1886 1816 “

414 1909 651 1974 annotationes
672 1912 705 1973 et
728 1908 861 1974 scholia
881 1908 1097 1997 reliquerunt
1115 1911 1176 1989 Sa,
1199 1906 1364 1986 llariana,
1380 1907 1587 1987 llenochius,
1611 1906 1741 1974 Gordo-

414 2035 494 2095 nus,
514 2013 663 2092 Tirinus;
684 2013 777 2080 locos
795 2022 847 2082 sat
871 2011 998 2081 multos
1019 2015 1122 2081 etiam
1149 2013 1258 2080 Estius
1278 2015 1456 2092 tractavit;
1482 2015 1742 2082 commentarios

415 2119 551 2201 breves,
574 2120 767 2209 perspicuos
781 2120 976 2187 Alexander
1000 2119 1138 2188 Natalis
1159 2119 1294 2208 (Nat),
1321 2117 1491 2187 Calneetus
1512 2118 1616 2186 etiam
1631 2119 1667 2185 in
1684 2142 1737 2187 ev.

418 2229 508 2294 loan.
524 2227 811 2316 conscripserunt.
1701 2233 1704 2239 ’

461 2333 555 2399 llisce
564 2332 692 2401 addere
701 2338 902 2423 oporteteos
913 2337 973 2424 qui
989 2341 1155 2424 quattuor
1166 2334 1453 2422 evangelistarum
1466 2334 1572 2401 libros
1584 2333 1621 2400 in
1635 2355 1742 2402 unum

415 2438 617 2505 concordiae
643 2462 727 2528 opus
757 2439 912 2512 redactos
937 2442 1172 2531 explicarunt,
1194 2443 1284 2508 inter
1308 2464 1393 2530 quos
1416 2442 1543 2508 eminet
1566 2440 1743 2507 [amenius

416 2545 536 2632 (lans.)
550 2545 728 2636 episcopus
740 2547 971 2615 Gandavensis
989 2574 996 2617 :
1013 2548 1343 2615 Commentariorum
1358 2548 1392 2613 in
1410 2569 1506 2614 suam
1522 2546 1742 2613 concordiam

414 2675 455 2720 ae
472 2656 576 2719 totam
598 2652 773 2720 historiam
793 2654 1030 2741 evangelicam
1055 2659 1170 2744 partes
1191 2660 1363 2744 quattuor,
1387 2652 1662 2741 Lugduni15963
1680 2675 1743 2720 no-

415 2759 569 2825 minandi
585 2782 722 2849 quoque
744 2781 821 2827 cum
844 2760 946 2828 laude
972 2761 1192 2828 Sebastianus
1212 2759 1401 2827 Bcrradius
1420 2761 1624 2848 (lloguntiae
1642 2763 1737 2845 1601)

415 2866 545 2954 (Bau),
569 2866 629 2955 qui
654 2873 728 2957 post
750 2866 998 2956 expositionem
1022 2867 1208 2934 litteralem
1234 2867 1441 2954 subiungere
1460 2868 1547 2934 solet
1564 2867 1644 2934 satis
1663 2889 1744 2956 pro-

416 2972 517 3038 lixam
538 2973 799 3061 applicationem
828 2973 1014 3055 moralem,
1045 2980 1188 3042 loannes
1205 2975 1250 3041 da
1275 2974 1433 3063 Syloeirc
1449 2973 1621 3062 (Lugduni
1641 2979 1743 3040 1697-

418 3080 534 3165 1700),
552 3078 745 3144 Bernardus
759 3082 868 3168 Luem
883 3080 991 3168 (Paris
1015 3081 1131 3168 1799);
1157 3081 1254 3171 prior
1277 3080 1428 3169 quinque
1448 3079 1582 3166 magnis
1597 3079 1742 3147 volumi-

417 3183 517 3251 nibus
550 3189 676 3249 textum
709 3185 782 3251 lose
813 3191 1001 3273 pertractat
1029 3187 1146 3252 multis
1175 3186 1432 3277 quaestionibus
1457 3191 1490 3252 et
1514 3186 1741 3275 plurimorum

414 3291 591 3356 sententiis
610 3291 786 3378 expositis,
809 3291 896 3358 alter
917 3292 1017 3359 brevi
1044 3315 1083 3359 ac
1099 3294 1281 3382 perspicuo
1296 3293 1543 3360 commentario
1559 3296 1688 3358 textum
1702 3291 1740 3356 it·

417 3396 547 3463 lustrat.
573 3400 686 3485 Neque
709 3397 917 3464 omittendus
943 3406 993 3464 est
1015 3400 1213 3488 alphonsus
1237 3399 1415 3467 Saluaeron
1443 3399 1504 3489 qui
1529 3400 1566 3465 in
1587 3397 1743 3488 pluribus

417 3502 646 3568 voluminibus
666 3504 789 3570 multos
808 3503 948 3571 exhibet
966 3510 1128 3572 tractatus
1150 3506 1192 3572 de
1213 3505 1354 3573 historia
1369 3505 1587 3593 evangelica,
1609 3507 1646 3572 in
1665 3503 1741 3594 qui-

418 3607 480 3673 bus
496 3609 666 3698 permulta
681 3610 900 3699 reperiuntur
913 3611 1091 3701 interpreti
1108 3611 1206 3678 utilia
1219 3612 1390 3701 (Coloniae
1403 3612 1612 3701 Agrippinae
1627 3611 1739 3701 1601).

462 3715 599 3781 Recenti
624 3722 776 3804 tempore
795 3716 970 3805 permulta
990 3718 1118 3807 scripta
1141 3724 1222 3785 sunt
1244 3741 1333 3808 quae
1350 3719 1393 3786 ad
1411 3718 1629 3805 evangelium
1647 3722 1742 3784 loan-
1811 3763 1815 3768 ‡
1874 3768 1891 3788 .-

418 3820 484 3900 nis,
503 3822 575 3887 eius
594 3823 825 3905 authentiam,
848 3822 1108 3911 explicationem
1132 3831 1274 3915 spectat.
1297 3825 1347 3892 hb
1372 3847 1463 3892 anno
1481 3831 1565 3892 1800
1581 3827 1743 3914 usquead

416 3949 544 3993 annum
567 3933 651 3994 1875
677 3937 924 3996 enumerantur
951 3929 989 3995 in
1009 3929 1142 4005 indice,
1167 3932 1226 4020 qui
1245 3933 1386 4021 scripta,
1411 3932 1679 4011 dissertationes,
1701 3931 1744 3996 li-

417 4032 539 4110 bellos,
559 4033 680 4113 libros,
708 4033 823 4124 aliquo
847 4037 948 4102 modo
972 4035 1018 4101 ad
1041 4036 1107 4102 hoc
1130 4036 1349 4123 evangelium
1377 4037 1506 4104 eteius
1531 4039 1743 4128 quaestiones
1835 4096 1840 4104 .
1905 4066 1922 4100 .’

416 4142 605 4228 spectantia
628 4149 793 4224 recenset,
811 4164 880 4208 non
901 4142 1014 4208 minus
1030 4165 1134 4230 quarn
1151 4150 1228 4223 tir,
1244 4150 1277 4210 et
1294 4150 1409 4210 tamen
1424 4145 1541 4235 aliqua
1559 4166 1647 4233 quac
1662 4144 1743 4211 addi

418 4254 557 4335 possunt
570 4247 777 4314 omissasunt
788 4247 845 4336 (cl.
861 4248 1038 4331 Luthardt,
1055 4255 1118 4315 lter
1129 4251 1377 4337 johanneisehe
1391 4255 1569 4340 Ursprung
1583 4274 1617 4338 p.
1637 4251 1741 4338 6-19).

418 4357 454 4418 nt
474 4360 558 4441 quot
581 4353 707 4442 scripta
736 4361 813 4420 sunt
840 4356 883 4422 ab
909 4377 1000 4421 anno
1029 4362 1112 4423 1875
1140 4362 1174 4422 et
1203 4357 1385 4446 deinceps?
1411 4357 1454 4422 cl.
1474 4356 1739 4442 Theologischer

416 4458 678 4527 labresbericht.
694 4460 1176 4529 Hicsulhcieteosenumerare
1191 4461 1251 4551 qui
1266 4461 1527 4529 commentarios
1542 4461 1736 4528 ediderunt.

417 4571 501 4631 Sunt
522 4572 635 4632 autem
663 4590 702 4632 ex
726 4566 928 4635 catholicis:
957 4567 1053 4651 Klec,
1073 4573 1293 4634 commentar
1313 4568 1397 4635 ttber
1417 4568 1449 4634 d.
1475 4574 1532 4635 Ev.
1556 4569 1643 4636 nach
1667 4569 1738 4636 loh.

419 4675 522 4739 llainz
553 4678 652 4751 182ae
680 4672 840 4739 hdalbert
860 4675 982 4753 llcier,
1007 4679 1227 4742 Commentar
1245 4675 1332 4742 ttber
1353 4675 1415 4742 das
1440 4680 1497 4741 Er.
1520 4675 1579 4742 des
1603 4680 1742 4743 loannes

419 4780 536 4861 ivel,
563 4779 742 4848 Carlsruhe
766 4780 837 4848 und
860 4782 1024 4870 Freiburg
1046 4786 1257 4863 18t3-18t53
1275 4782 1440 4849 Francisci
1455 4782 1589 4849 llaverii
1607 4782 1744 4850 Patr-itii

417 4906 435 4949 e
450 4888 523 4952 Soc.
552 4891 575 4952 l.
601 4885 635 4951 in
652 4888 812 4953 loannem
828 4887 1133 4970 Commentarium,
1153 4890 1280 4955 Romae
1297 4893 1401 4969 1857;
1417 4891 1588 4973 lleesueer,
1607 4888 1743 4957 11111116-
