4050 5648
381 434 386 442 Ι
482 440 484 447 ’
523 432 664 461 ·Ι·”ι,”’“
707 446 710 450 ·

543 453 678 488 .›·'·.-0¹‘

296 505 297 508 t
532 487 554 515 γ’
673 488 675 492 ’

261 518 321 580 m
412 536 415 541 .

246 576 256 595 ἱ

102 628 205 839 fif,
230 641 244 655 v
260 664 371 756 priam
391 667 532 758 quidem
548 657 687 732 uxorem
709 657 951 754 alloquendam
975 684 1044 732 esse
1059 657 1216 726 dicerent
1233 658 1341 747 (varia
1360 661 1462 729 eade
1478 680 1515 726 re
1533 661 1587 724 af-

258 770 374 840 ferunt
398 775 514 844 Wetst.
542 763 737 858 thnsclte).
756 774 839 838 Cum
858 769 994 839 dicatur
1005 768 1079 854 μετὰ
1093 772 1232 854 γυναικὸς
1248 769 1336 835 ratio
1348 764 1587 836 admirationis

102 876 149 1129 Ξ

112 1134 139 1198 ..3²

102 846 112 885 t
257 882 328 947 non
347 886 397 949 est
415 870 617 969 reponenda
639 873 733 965 quod
756 897 835 943 eum
857 875 1002 944 muliero
1023 871 1101 954 vili,
1117 894 1289 963 paupere,
1304 875 1516 944 samaritana
1532 873 1586 940 lo·

256 987 427 1077 quebatur
445 978 628 1071 (ota-cat.
643 982 699 1050 Gr.
718 980 863 1070 Theoph.
881 982 984 1050 Euth.
1002 977 1116 1047 Thom.
1137 983 1217 1047 Bor.
1235 979 1328 1046 lons.
1345 984 1426 1048 Not.
1446 980 1584 1071 Sehp.);

102 1058 121 1169 l
256 1114 377 1161 verum
391 1098 466 1157 tum
480 1085 665 1157 dicendum
680 1093 771 1169 erat,
791 1093 828 1155 ut
842 1090 927 1179 Lap.
945 1092 1076 1168 monet,
1088 1108 1167 1154 eum
1186 1084 1332 1153 muliere
1349 1087 1411 1152 illo
1430 1088 1486 1154 vel
1500 1087 1587 1172 tali‚·

102 1177 113 1299 ζ
257 1220 365 1293 quare
384 1194 457 1262 sola
471 1195 560 1263 ratio
576 1193 816 1263 admirationis
832 1194 1000 1276 redditur,
1021 1192 1103 1283 quia
1119 1193 1295 1261 insolitum
1320 1199 1393 1258 erat
1411 1186 1521 1261 lesum
1535 1192 1588 1260 lo-

102 1302 139 1391 t,
174 1364 177 1371 ,
199 1388 201 1392 ¹
258 1303 411 1396 quicum
429 1300 632 1399 mulieribus
648 1298 736 1390 (cai.
763 1300 790 1365 Τ
788 1299 870 1391 ol),
885 1302 1013 1393 quippe
1032 1299 1125 1389 quod
1141 1299 1180 1367 in
1195 1301 1267 1367 vita
1285 1298 1425 1389 publiea
1440 1299 1589 1367 maxima

122 1400 182 1501 ‘3315'
258 1404 429 1500 quaedam
451 1407 623 1502 separatio
641 1427 783 1485 sexuum
803 1396 840 1474 in
856 1430 920 1476 usu
943 1412 1017 1474 erat
1036 1404 1179 1498 (Solus).
1200 1406 1310 1474 Nolim
1335 1412 1451 1473 umen
1471 1403 1587 1473 dieere

182 1533 200 1613 ‚¹
258 1536 337 1595 eum
351 1514 462 1585 Mala.
486 1537 546 1597 eos
563 1536 640 1584 esse
663 1511 804 1580 miratos
822 1514 916 1605 quod
934 1534 1004 1580 non
1017 1511 1098 1581 satis
1112 1515 1295 1582 honestum
1310 1535 1381 1581 esse
1396 1512 1584 1592 videretur,

257 1629 295 1690 ut
309 1622 403 1691 aolus
417 1643 496 1690 eum
507 1609 583 1689 sola
595 1618 800 1688 muliercula
814 1619 1028 1710 loqueretur;
1045 1620 1213 1687 eiusmodi
1231 1620 1326 1687 enim
1339 1619 1586 1707 cogitationem

113 1714 162 1827 ,ζῇ
186 1778 188 1782 ψ
257 1735 342 1819 puto
357 1724 721 1815 longissimoabfuiue
731 1724 776 1793 ab
790 1747 909 1793 eorum
926 1726 1096 1794 mentibus
1110 1726 1189 1817 quia
1203 1732 1313 1794 lesum
1324 1726 1361 1793 id
1371 1748 1475 1815 agere
1489 1725 1586 1792 vide·

256 1835 359 1914 bunt,
375 1833 472 1902 ouius
489 1834 639 1901 maxima
661 1832 854 1913 reverentia
872 1833 1087 1901 tenebantur.
1104 1837 1227 1899 Verum
1251 1834 1366 1922 potius
1389 1832 1463 1899 eius
1476 1834 1587 1912 animi

102 1998 109 2024 ,
257 1939 490 2009 humilitatem
507 1938 724 2008 mirabantur
738 1936 833 2029 (etr.
849 1936 928 2030 ὂψ.
944 1931 1048 2007 Ειιίὴζ
1067 1939 1217 2029 Tium),
1234 1939 1316 2029 quia
1334 1961 1421 2019 non,
1439 1939 1490 2005 uti
1505 1939 1586 2004 rab·

102 2092 143 2115 ‚-
184 2038 185 2043 ¹
257 2033 348 2130 bini,
366 2044 572 2131 muliebrem
596 2033 714 2138 sexum
735 2045 999 2136 aspernabatur;
1026 2074 1042 2108 «
1072 2068 1207 2114 rursum
1226 2045 1386 2135 discipuli
1400 2045 1583 2112 salvatoris

256 2151 508 2241 benignitatem
529 2158 563 2220 et
586 2150 829 2220 demissionem
852 2151 950 2220 illam
968 2152 1101 2221 attoniti
1124 2153 1309 2231 mirantum
1337 2175 1406 2219 non
1430 2154 1524 2218 enirn
1545 2157 1584 2217 ut

102 2250 135 2357 'J'
256 2259 418 2328 nortnulli
432 2256 617 2326 immodice
633 2256 798 2347 religione
814 2258 945 2327 efferati
957 2259 1167 2351 oolloquium
1186 2281 1264 2327 cum
1282 2258 1428 2325 muliere
1444 2279 1582 2325 avorsa-

102 2347 104 2362 Ι
152 2351 159 2413 ',
256 2372 324 2450 tur,
342 2365 402 2434 sod
415 2365 453 2434 in
464 2384 584 2434 omnes
598 2364 762 2455 expandit
775 2387 873 2447 suam
887 2365 1182 2458 mansuetudinem
1200 2395 1216 2428 a
1239 2365 1361 2456 (Gya).

301 2472 481 2565 Proprium
508 2469 650 2564 quidem
674 2477 723 2540 est
747 2471 995 2541 admirantium
1017 2473 1169 2565 aliquem
1194 2473 1354 2541 ellectum
1381 2473 1467 2539 scire
1492 2471 1584 2538 velle

257 2601 414 2662 eausam;
442 2584 479 2648 at
493 2577 655 2670 discipuli
680 2601 764 2670 prae
787 2579 921 2649 Domini
943 2580 1133 2649 reverentia
1155 2603 1223 2649 non
1248 2580 1469 2666 interrogant
1488 2578 1582 2667 (Chr.

258 2684 374 2753 Titum.
393 2684 464 2753 Tot.
480 2685 623 2776 διάη),
639 2707 738 2753 nemo
755 2699 871 2754 tamen
883 2685 975 2755 diuit
988 2709 1001 2753 .·
1013 2687 1100 2778 quid
1117 2687 1278 2778 quoeris?
1292 2700 1353 2754 aut
1365 2684 1455 2775 quid
1470 2685 1585 2775 loque-

256 2790 304 2860 ris
325 2813 404 2859 cum
423 2789 511 2858 illa?
526 2791 612 2882 quid
627 2793 795 2883 requiris?
809 2800 868 2861 aut
888 2795 916 2860 si
939 2793 1027 2860 nihil
1041 2796 1203 2885 requiris,
1227 2816 1290 2860 our
1309 2814 1386 2860 eum
1402 2814 1442 2858 ea
1463 2791 1584 2881 loque-

254 2897 325 2966 risl
336 2920 357 2965 a
370 2919 441 2989 qua
452 2896 649 2981 curiositate
659 2897 821 2990 discipuli
833 2922 867 2968 se
877 2899 1135 2982 continuerunt3
1149 2899 1238 2967 nihil
1251 2901 1343 2966 onim
1356 2900 1482 2965 horum
1496 2900 1582 2964 seire

254 3004 299 3074 ad
312 3005 404 3097 ipsos
418 3003 587 3073 attinebat
602 3003 717 3095 (Tot).
739 3005 857 3073 Verbis
872 3011 945 3074 lesu
962 3027 970 3075 :
987 3029 1051 3095 ego
1067 3030 1142 3075 sum
1157 3008 1288 3075 llessias
1308 3029 1339 3071 v.
1364 3013 1419 3088 26,
1442 3006 1488 3071 ita
1504 3027 1583 3094 per-

252 3111 390 3195 cellitur
405 3110 541 3193 mulier,
555 3116 593 3179 ut
607 3111 702 3179 velut
715 3133 831 3180 rerum
841 3113 996 3181 omnium
1011 3114 1120 3181 oblita
1134 3118 1168 3182 et
1181 3136 1292 3204 aquae
1308 3114 1405 3179 ouius
1419 3111 1582 3178 haurien-

77 3239 94 3291 s
143 3219 151 3292 ,’
251 3208 434 3287 daeoausa
455 3223 596 3286 venerat
612 3223 647 3286 et
670 3217 816 3307 hydriae
835 3241 940 3309 quam
957 3241 1070 3287 seeum
1089 3221 1269 3302 attulerat,
1287 3220 1375 3285 nihil
1393 3217 1490 3284 aliud
1513 3219 1581 3284 iam

255 3325 381 3413 cogitet
398 3346 503 3414 quam
519 3325 563 3392 de
576 3324 710 3393 christo
723 3323 835 3414 deque
853 3325 1139 3394 communicando
1159 3349 1238 3393 eum
1262 3325 1424 3392 omnibus
1443 3325 1582 3390 invento

50 3420 115 3526 .·;,.”ς.
255 3454 327 3500 ase
350 3431 512 3499 thesauro
532 3428 694 3524 (Malam
716 3430 778 3520 qui
793 3430 947 3498 mulieris
969 3431 1083 3498 fervor
1106 3421 1312 3498 describitur
1328 3454 1358 3497 v.
1380 3437 1422 3498 28
1442 3431 1582 3520 reliquit

136 3607 145 3617 ,
255 3560 336 3626 erqo
352 3534 516 3626 hydriam
525 3557 625 3603 suam
634 3534 759 3603 mulier
770 3548 804 3604 et
815 3536 903 3603 abiit
915 3536 952 3604 in
962 3538 1133 3605 ciuitatem
1148 3551 1180 3604 et
1193 3537 1277 3605 dicit
1289 3537 1360 3604 illis
1370 3536 1584 3623 bonumeam·

43 3667 57 3693 ν
82 3628 91 3653 ”
107 3714 111 3727 ,
153 3640 158 3653 ’
258 3666 289 3710 v.
307 3648 350 3709 29
365 3632 477 3710 venite
490 3655 521 3711 et
538 3640 648 3711 videte
663 3641 835 3710 hominem
847 3642 909 3733 qui
920 3643 1010 3711 dizit
1021 3643 1109 3710 nnita·
1120 3644 1237 3711 omnio
1247 3667 1480 3734 quoecumque
1492 3645 1583 3732 feet}

256 3748 430 3839 numquid
452 3750 598 3840 apseest
624 3748 800 3816 Christus?
818 3748 896 3816 vide
920 3771 1023 3838 quam
1047 3750 1235 3840 prudenter
1258 3750 1420 3839 loquatur
1441 3750 1579 3839 (Chalz

256 3855 389 3938 venito,
414 3855 637 3945 experimini,
661 3856 851 3946 explorate,
879 3854 1043 3938 iudicate,
1071 3878 1155 3924 num
1181 3856 1239 3924 ille
1260 3858 1394 3923 llessias
1418 3856 1477 3938 sit,
1512 3868 1582 3941 μήτι

259 3992 275 4026 o
299 3985 413 4053 neque
425 3963 561 4052 penitus
573 3961 740 4047 affirmat,
753 3985 865 4053 neque
880 3962 1014 4045 retieet;
1028 3963 1165 4031 volebat
1175 3964 1269 4030 enim
1281 3987 1353 4030 non
1366 3986 1405 4030 ex
1420 3964 1580 4053 opinione

59 4139 69 4165 γ
256 4091 320 4139 sua
339 4068 418 4137 illos
431 4066 614 4150 inducere,
630 4067 690 4136 sed
710 4068 770 4137 illo
784 4068 902 4137 audito
922 4069 1108 4161 ipsos-suae
1123 4072 1311 4138 sententiae
1328 4077 1497 4137 consortes
1519 4071 1581 4136 ha-

56 4166 116 4241 '‘1:-
153 4209 157 4218 ,
256 4177 356 4259 bere,
373 4175 465 4244 unde
475 4197 529 4242 res
540 4174 653 4261 magis
666 4175 857 4264 probabilis
867 4199 1010 4245 evasura
1023 4183 1096 4244 erat
1111 4205 1125 4236 »
1142 4176 1269 4266 (Cl›·.);
1284 4185 1317 4243 et
1329 4185 1365 4243 ut
1380 4176 1457 4243 illos
1471 4177 1581 4264 magis

49 4270 54 4279 ’
71 4266 75 4273 ’
257 4284 424 4365 attrahat,
440 4282 538 4350 ollert
555 4281 606 4349 eis
621 4281 726 4349 veluti
743 4304 854 4350 eseam
880 4283 1053 4374 quandam
1071 4306 1208 4351 suorum
1235 4290 1452 4373 peecatorum
1468 4283 1580 4351 detec-

257 4388 388 4456 tionem
404 4387 554 4480 (suta).
571 4393 648 4479 lpsa
663 4387 805 4478 quidem
816 4388 886 4456 iam
899 4388 1059 4470 eredidit;
1077 4396 1112 4457 at
1124 4389 1275 4480 loquitur
1287 4389 1464 4471 dubitans,
1481 4414 1522 4457 ne
1537 4393 1579 4458 <le

258 4516 295 4562 re
309 4494 512 4581 gravissima
524 4516 546 4562 a
557 4516 593 4561 se
612 4496 690 4585 ipsa
703 4493 857 4563 iudicare
873 4501 906 4564 et
919 4496 1103 4563 decernere
1118 4497 1290 4578 videatur;
1309 4503 1399 4563 certo
1416 4498 1519 4577 enim,
1544 4505 1579 4563 ut

261 4601 339 4688 Oyr.
361 4607 473 4687 notat,
493 4601 654 4691 despeela
674 4601 793 4668 luisset
813 4624 876 4669 nee
899 4604 1070 4671 immerito
1092 4608 1129 4670 nt
1150 4627 1238 4694 quae
1253 4605 1358 4691 longo
1382 4606 1470 4671 ultra
1484 4626 1577 4670 suram

260 4701 491 4782 conditionem
504 4712 638 4798 saperet
650 4730 856 4776 neemorum
865 4731 1003 4778 suorum
1017 4711 1154 4796 ignaros
1167 4712 1339 4779 auditores
1350 4712 1502 4778 haberet.
1518 4715 1579 4777 No-

260 4835 328 4904 que
343 4813 469 4883 trustra
483 4837 540 4894 eos
550 4812 771 4894 invitaverat3
785 4837 817 4880 v.
835 4823 876 4883 30
889 4818 1045 4884 exierunt
1054 4839 1132 4907 erqo
1144 4818 1185 4885 cle
1200 4819 1337 4886 civitate
1356 4833 1387 4885 et
1401 4818 1578 4884 veniebant

261 4918 309 4987 od
319 4942 411 5013 qum,
426 4950 441 4983 a
459 4921 662 4991 ludaeorum
671 4921 833 4990 duritiem
841 4925 1129 4992 Samaritanorum
1139 4925 1407 5012 laoilitasarguit
1420 4953 1435 4984 a
1450 4927 1575 5015 (Cyn).

122 906 143 949 ι]
