<?xml version="1.0" encoding="UTF-8"?>
<!DOCTYPE html PUBLIC "-//W3C//DTD XHTML 1.0 Transitional//EN"
    "http://www.w3.org/TR/xhtml1/DTD/xhtml1-transitional.dtd">
<html xmlns="http://www.w3.org/1999/xhtml" xml:lang="en" lang="en">
 <head>
  <title>
</title>
<meta http-equiv="Content-Type" content="text/html;charset=utf-8" />
  <meta name='ocr-system' content='tesseract 3.04.00' />
  <meta name='ocr-capabilities' content='ocr_page ocr_carea ocr_par ocr_line ocrx_word'/>
</head>
<body>
  <div class='ocr_page' id='page_1' title='image "./commentariusinq00knabgoog_0248.png"; bbox 0 0 4050 5648; ppageno 0'>
   <div class='ocr_carea' id='block_1_1' title="bbox 513 38 1144 82">
    <p class='ocr_par' dir='ltr' id='par_1_1' title="bbox 513 38 1144 82">
     <span class='ocr_line' id='line_1_1' title="bbox 513 38 1144 79; baseline 0.003 -24"><span class='ocrx_word' id='word_1_1' title='bbox 513 54 520 78; x_wconf 32' lang='lat' dir='ltr'><strong>p</strong></span> <span class='ocrx_word' id='word_1_2' title='bbox 588 40 592 48; x_wconf 79' lang='lat'>¹</span> <span class='ocrx_word' id='word_1_3' title='bbox 616 42 658 77; x_wconf 50' lang='lat' dir='ltr'><strong>&#39;W&#39;</strong></span> <span class='ocrx_word' id='word_1_4' title='bbox 685 40 710 55; x_wconf 64' lang='lat' dir='ltr'><em>w</em></span> <span class='ocrx_word' id='word_1_5' title='bbox 736 40 835 75; x_wconf 37' lang='lat' dir='ltr'><strong>3*anst</strong></span> <span class='ocrx_word' id='word_1_6' title='bbox 884 38 1144 79; x_wconf 50' lang='lat' dir='ltr'><strong>¹02,¹*,&#39;·.¹-*·‘t*-4l“&#39;*p¹‘xi&#39;¹·v</strong></span> 
     </span>
     <span class='ocr_line' id='line_1_2' title="bbox 772 68 1137 82; baseline -0.008 0"><span class='ocrx_word' id='word_1_7' title='bbox 772 68 779 82; x_wconf 76' lang='grc' dir='ltr'><strong>ι’</strong></span> <span class='ocrx_word' id='word_1_8' title='bbox 1130 70 1137 79; x_wconf 71' lang='lat' dir='ltr'><em>a</em></span> 
     </span>
    </p>
   </div>
   <div class='ocr_carea' id='block_1_2' title="bbox 366 39 1950 165">
    <p class='ocr_par' dir='ltr' id='par_1_2' title="bbox 366 39 1950 165">
     <span class='ocr_line' id='line_1_3' title="bbox 367 39 1913 84; baseline 0.001 -12"><span class='ocrx_word' id='word_1_9' title='bbox 367 56 380 79; x_wconf 82' lang='grc'><strong>’,</strong></span> <span class='ocrx_word' id='word_1_10' title='bbox 426 56 461 75; x_wconf 55' lang='lat' dir='ltr'><strong>flul</strong></span> <span class='ocrx_word' id='word_1_11' title='bbox 481 54 495 70; x_wconf 68' lang='lat'><strong>⁴1</strong></span> <span class='ocrx_word' id='word_1_12' title='bbox 506 64 510 72; x_wconf 72' lang='grc' dir='ltr'>ι</span> <span class='ocrx_word' id='word_1_13' title='bbox 555 62 563 71; x_wconf 76' lang='grc' dir='ltr'><strong>ι-</strong></span> <span class='ocrx_word' id='word_1_14' title='bbox 605 69 618 79; x_wconf 38' lang='lat' dir='ltr'><strong>‚A</strong></span> <span class='ocrx_word' id='word_1_15' title='bbox 643 53 688 81; x_wconf 40' lang='lat' dir='ltr'><strong>&#39;str-</strong></span> <span class='ocrx_word' id='word_1_16' title='bbox 744 59 758 78; x_wconf 44' lang='grc' dir='ltr'><strong>ι’</strong></span> <span class='ocrx_word' id='word_1_17' title='bbox 788 61 810 84; x_wconf 21' lang='grc' dir='ltr'><strong>,ιβ</strong></span> <span class='ocrx_word' id='word_1_18' title='bbox 868 66 880 81; x_wconf 49' lang='grc' dir='ltr'><em>Γ</em></span> <span class='ocrx_word' id='word_1_19' title='bbox 935 59 941 66; x_wconf 91' lang='lat'><strong>··</strong></span> <span class='ocrx_word' id='word_1_20' title='bbox 959 71 961 74; x_wconf 52' lang='lat'><strong>,</strong></span> <span class='ocrx_word' id='word_1_21' title='bbox 999 54 1074 81; x_wconf 49' lang='lat' dir='ltr'><strong>¹13!er</strong></span> <span class='ocrx_word' id='word_1_22' title='bbox 1091 57 1098 73; x_wconf 65' lang='lat' dir='ltr'><strong>t</strong></span> <span class='ocrx_word' id='word_1_23' title='bbox 1147 39 1301 82; x_wconf 38' lang='lat' dir='ltr'><strong>&#39;Sill2vl&#39;11l&#39;*1⁸¹&#39;f¹1</strong></span> <span class='ocrx_word' id='word_1_24' title='bbox 1311 54 1369 77; x_wconf 47' lang='lat'>‘4⁴¹&#39;</span> <span class='ocrx_word' id='word_1_25' title='bbox 1383 66 1388 75; x_wconf 87' lang='grc'>,</span> <span class='ocrx_word' id='word_1_26' title='bbox 1401 44 1447 77; x_wconf 41' lang='lat' dir='ltr'><strong>a&#39;ffitl&#39;</strong></span> <span class='ocrx_word' id='word_1_27' title='bbox 1456 40 1512 77; x_wconf 50' lang='lat' dir='ltr'><strong>&#39;&#39;⁴5¹⁴fi&#39;</strong></span> <span class='ocrx_word' id='word_1_28' title='bbox 1520 40 1529 74; x_wconf 57' lang='grc' dir='ltr'><strong>ἰ,</strong></span> <span class='ocrx_word' id='word_1_29' title='bbox 1549 43 1583 81; x_wconf 50' lang='lat'><strong>&#39;,&#39;&#39;</strong></span> <span class='ocrx_word' id='word_1_30' title='bbox 1602 75 1606 79; x_wconf 34' lang='grc' dir='ltr'><strong><em>Δ</em></strong></span> <span class='ocrx_word' id='word_1_31' title='bbox 1647 48 1716 74; x_wconf 58' lang='lat' dir='ltr'><strong>.“.¹.¹t</strong></span> <span class='ocrx_word' id='word_1_32' title='bbox 1737 49 1773 84; x_wconf 42' lang='grc' dir='ltr'><strong>,λζ’</strong></span> <span class='ocrx_word' id='word_1_33' title='bbox 1802 51 1843 78; x_wconf 64' lang='grc' dir='ltr'><strong>Ιιμ</strong></span> <span class='ocrx_word' id='word_1_34' title='bbox 1909 72 1913 81; x_wconf 71' lang='lat'><strong>,</strong></span> 
     </span>
     <span class='ocr_line' id='line_1_4' title="bbox 366 62 1950 151; baseline -0.001 -19"><span class='ocrx_word' id='word_1_35' title='bbox 366 118 370 132; x_wconf 85' lang='lat'><em>.</em></span> <span class='ocrx_word' id='word_1_36' title='bbox 425 76 462 145; x_wconf 48' lang='lat'><strong>³,-</strong></span> <span class='ocrx_word' id='word_1_37' title='bbox 490 82 559 116; x_wconf 54' lang='lat' dir='ltr'><strong>r&#39;r&#39;</strong></span> <span class='ocrx_word' id='word_1_38' title='bbox 627 76 670 137; x_wconf 46' lang='lat' dir='ltr'><strong>*a</strong></span> <span class='ocrx_word' id='word_1_39' title='bbox 703 62 1685 151; x_wconf 38' lang='lat' dir='ltr'><strong>·a:rsa-..mdaz«.tatus-&#39;ramosqest:*fr-ert·creatricis-21:a‘zo-e</strong></span> <span class='ocrx_word' id='word_1_40' title='bbox 1760 64 1794 130; x_wconf 72' lang='lat'><strong>,.“</strong></span> <span class='ocrx_word' id='word_1_41' title='bbox 1822 80 1830 91; x_wconf 64' lang='lat'><strong>⁹</strong></span> <span class='ocrx_word' id='word_1_42' title='bbox 1908 119 1915 147; x_wconf 84' lang='lat'><strong>,</strong></span> <span class='ocrx_word' id='word_1_43' title='bbox 1943 103 1950 120; x_wconf 69' lang='lat'><strong>,-</strong></span> 
     </span>
     <span class='ocr_line' id='line_1_5' title="bbox 475 139 1675 165; baseline -0.001 -18"><span class='ocrx_word' id='word_1_44' title='bbox 475 139 480 147; x_wconf 75' lang='grc' dir='ltr'>ι</span> <span class='ocrx_word' id='word_1_45' title='bbox 811 140 817 145; x_wconf 87' lang='lat'><em>-</em></span> <span class='ocrx_word' id='word_1_46' title='bbox 904 145 908 155; x_wconf 52' lang='lat'><strong>¹</strong></span> <span class='ocrx_word' id='word_1_47' title='bbox 998 147 1005 162; x_wconf 38' lang='grc' dir='ltr'>κ</span> <span class='ocrx_word' id='word_1_48' title='bbox 1245 143 1249 165; x_wconf 18' lang='grc' dir='ltr'><strong>Ἰ,</strong></span> <span class='ocrx_word' id='word_1_49' title='bbox 1475 150 1477 154; x_wconf 94' lang='lat'>.</span> <span class='ocrx_word' id='word_1_50' title='bbox 1576 151 1578 154; x_wconf 34' lang='grc' dir='ltr'><strong><em>ι</em></strong></span> <span class='ocrx_word' id='word_1_51' title='bbox 1651 142 1653 145; x_wconf 92' lang='grc'>.</span> <span class='ocrx_word' id='word_1_52' title='bbox 1673 143 1675 146; x_wconf 75' lang='grc'>,</span> 
     </span>
    </p>
   </div>
   <div class='ocr_carea' id='block_1_3' title="bbox 1063 332 1266 414">
    <p class='ocr_par' dir='ltr' id='par_1_3' title="bbox 1063 332 1266 414">
     <span class='ocr_line' id='line_1_6' title="bbox 1063 332 1266 414; baseline -0.044 -4"><span class='ocrx_word' id='word_1_53' title='bbox 1063 332 1159 410; x_wconf 70' lang='lat' dir='ltr'><strong>&#39;rma</strong></span> <span class='ocrx_word' id='word_1_54' title='bbox 1182 344 1266 414; x_wconf 68' lang='lat' dir='ltr'><strong>osa.</strong></span> 
     </span>
    </p>
   </div>
   <div class='ocr_carea' id='block_1_4' title="bbox 509 468 1836 587">
    <p class='ocr_par' dir='ltr' id='par_1_4' title="bbox 509 468 1836 587">
     <span class='ocr_line' id='line_1_7' title="bbox 509 468 1836 587; baseline 0 -23"><span class='ocrx_word' id='word_1_55' title='bbox 509 468 621 587; x_wconf 84' lang='lat' dir='ltr'><strong>posse,</strong></span> <span class='ocrx_word' id='word_1_56' title='bbox 648 493 690 562; x_wconf 91' lang='lat' dir='ltr'><strong>de</strong></span> <span class='ocrx_word' id='word_1_57' title='bbox 713 498 925 564; x_wconf 89' lang='lat' dir='ltr'><strong>sacramento</strong></span> <span class='ocrx_word' id='word_1_58' title='bbox 947 498 1160 583; x_wconf 88' lang='lat' dir='ltr'><strong>potissimum</strong></span> <span class='ocrx_word' id='word_1_59' title='bbox 1184 492 1333 580; x_wconf 73' lang='lat' dir='ltr'><strong>intelligi</strong></span> <span class='ocrx_word' id='word_1_60' title='bbox 1357 501 1553 586; x_wconf 79' lang='lat' dir='ltr'><strong>oportere»</strong></span> <span class='ocrx_word' id='word_1_61' title='bbox 1587 493 1734 579; x_wconf 66' lang='lat' dir='ltr'><strong>(Malu).</strong></span> <span class='ocrx_word' id='word_1_62' title='bbox 1753 502 1836 564; x_wconf 91' lang='lat' dir='ltr'><strong>Nam</strong></span> 
     </span>
    </p>
   </div>
   <div class='ocr_carea' id='block_1_5' title="bbox 508 600 1929 693">
    <p class='ocr_par' dir='ltr' id='par_1_5' title="bbox 508 578 2025 695">
     <span class='ocr_line' id='line_1_8' title="bbox 508 600 1929 693; baseline -0.007 -26"><span class='ocrx_word' id='word_1_63' title='bbox 508 602 659 669; x_wconf 86' lang='lat' dir='ltr'><strong>nonium</strong></span> <span class='ocrx_word' id='word_1_64' title='bbox 683 626 718 671; x_wconf 91' lang='lat' dir='ltr'><strong>se</strong></span> <span class='ocrx_word' id='word_1_65' title='bbox 739 609 865 680; x_wconf 89' lang='lat' dir='ltr'><strong>totum,</strong></span> <span class='ocrx_word' id='word_1_66' title='bbox 883 605 920 666; x_wconf 88' lang='lat' dir='ltr'><strong>ut</strong></span> <span class='ocrx_word' id='word_1_67' title='bbox 935 609 1052 685; x_wconf 86' lang='lat' dir='ltr'><strong>antea,</strong></span> <span class='ocrx_word' id='word_1_68' title='bbox 1070 621 1194 693; x_wconf 90' lang='lat' dir='ltr'><strong>panem</strong></span> <span class='ocrx_word' id='word_1_69' title='bbox 1208 600 1307 683; x_wconf 85' lang='lat' dir='ltr'><strong>dicit,</strong></span> <span class='ocrx_word' id='word_1_70' title='bbox 1325 602 1383 668; x_wconf 89' lang='lat' dir='ltr'><strong>sed</strong></span> <span class='ocrx_word' id='word_1_71' title='bbox 1400 623 1538 668; x_wconf 89' lang='lat' dir='ltr'><strong>carnem</strong></span> <span class='ocrx_word' id='word_1_72' title='bbox 1555 623 1670 683; x_wconf 86' lang='lat' dir='ltr'><strong>suam;</strong></span> <span class='ocrx_word' id='word_1_73' title='bbox 1689 600 1779 667; x_wconf 88' lang='lat' dir='ltr'><strong>uude</strong></span> <span class='ocrx_word' id='word_1_74' title='bbox 1794 601 1837 668; x_wconf 91' lang='lat' dir='ltr'><strong>de</strong></span> <span class='ocrx_word' id='word_1_75' title='bbox 1891 665 1894 669; x_wconf 83' lang='grc'><strong>,</strong></span> <span class='ocrx_word' id='word_1_76' title='bbox 1926 649 2009 695; x_wconf 15' lang='grc' dir='ltr'><em>Δ</em></span> 
     </span>
    </p>
   </div>
   <div class='ocr_carea' id='block_1_6' title="bbox 508 705 1837 800">
    <p class='ocr_par' dir='ltr' id='par_1_6' title="bbox 508 705 1837 800">
     <span class='ocr_line' id='line_1_9' title="bbox 508 705 1837 800; baseline 0.002 -27"><span class='ocrx_word' id='word_1_77' title='bbox 508 729 549 773; x_wconf 89' lang='lat' dir='ltr'><strong>ea</strong></span> <span class='ocrx_word' id='word_1_78' title='bbox 573 711 767 800; x_wconf 80' lang='lat' dir='ltr'><strong>sumptione</strong></span> <span class='ocrx_word' id='word_1_79' title='bbox 786 705 950 796; x_wconf 87' lang='lat' dir='ltr'><strong>loquitur,</strong></span> <span class='ocrx_word' id='word_1_80' title='bbox 973 708 1201 798; x_wconf 84' lang='lat' dir='ltr'><strong>quaproprio</strong></span> <span class='ocrx_word' id='word_1_81' title='bbox 1223 729 1264 774; x_wconf 88' lang='lat' dir='ltr'><strong>ac</strong></span> <span class='ocrx_word' id='word_1_82' title='bbox 1285 707 1450 795; x_wconf 82' lang='lat' dir='ltr'>peculiari</span> <span class='ocrx_word' id='word_1_83' title='bbox 1471 707 1573 773; x_wconf 91' lang='lat' dir='ltr'><strong>modo</strong></span> <span class='ocrx_word' id='word_1_84' title='bbox 1593 731 1672 775; x_wconf 88' lang='lat' dir='ltr'><strong>caro</strong></span> <span class='ocrx_word' id='word_1_85' title='bbox 1691 709 1762 775; x_wconf 90' lang='lat' dir='ltr'><strong>eius</strong></span> <span class='ocrx_word' id='word_1_86' title='bbox 1779 730 1837 774; x_wconf 89' lang='lat' dir='ltr'><strong>su-</strong></span> 
     </span>
    </p>
   </div>
   <div class='ocr_carea' id='block_1_7' title="bbox 507 811 2025 1222">
    <p class='ocr_par' dir='ltr' id='par_1_7' title="bbox 507 798 2025 1232">
     <span class='ocr_line' id='line_1_10' title="bbox 508 811 2025 903; baseline -0.003 -23"><span class='ocrx_word' id='word_1_87' title='bbox 508 813 623 898; x_wconf 80' lang='lat' dir='ltr'><strong>mitur,</strong></span> <span class='ocrx_word' id='word_1_88' title='bbox 641 835 729 903; x_wconf 90' lang='lat' dir='ltr'><strong>qnae</strong></span> <span class='ocrx_word' id='word_1_89' title='bbox 741 831 821 880; x_wconf 90' lang='lat' dir='ltr'><strong>sane</strong></span> <span class='ocrx_word' id='word_1_90' title='bbox 837 822 887 880; x_wconf 90' lang='lat' dir='ltr'><strong>est</strong></span> <span class='ocrx_word' id='word_1_91' title='bbox 899 817 1048 903; x_wconf 88' lang='lat' dir='ltr'><strong>sumptio</strong></span> <span class='ocrx_word' id='word_1_92' title='bbox 1062 834 1123 902; x_wconf 89' lang='lat' dir='ltr'><strong>per</strong></span> <span class='ocrx_word' id='word_1_93' title='bbox 1137 818 1405 880; x_wconf 88' lang='lat' dir='ltr'><strong>sacramentum.</strong></span> <span class='ocrx_word' id='word_1_94' title='bbox 1424 811 1599 899; x_wconf 82' lang='lat' dir='ltr'>Singulari</span> <span class='ocrx_word' id='word_1_95' title='bbox 1612 815 1742 881; x_wconf 87' lang='lat' dir='ltr'><strong>ratione</strong></span> <span class='ocrx_word' id='word_1_96' title='bbox 1760 815 1835 883; x_wconf 83' lang='lat' dir='ltr'><strong>Gai.</strong></span> <span class='ocrx_word' id='word_1_97' title='bbox 1934 798 2004 909; x_wconf 37' lang='lat' dir='ltr'><strong>ff:</strong></span> <span class='ocrx_word' id='word_1_98' title='bbox 2022 815 2025 821; x_wconf 73' lang='lat'>‘</span> 
     </span>
     <span class='ocr_line' id='line_1_11' title="bbox 507 918 1921 1011; baseline 0 -24"><span class='ocrx_word' id='word_1_99' title='bbox 507 921 624 988; x_wconf 76' lang='lat' dir='ltr'><strong>scribit</strong></span> <span class='ocrx_word' id='word_1_100' title='bbox 653 941 660 984; x_wconf 93' lang='lat'>:</span> <span class='ocrx_word' id='word_1_101' title='bbox 693 920 1005 987; x_wconf 75' lang='lat' dir='ltr'><strong>«manifestissime</strong></span> <span class='ocrx_word' id='word_1_102' title='bbox 1033 918 1181 1008; x_wconf 89' lang='lat' dir='ltr'><strong>explicat</strong></span> <span class='ocrx_word' id='word_1_103' title='bbox 1211 941 1334 1011; x_wconf 88' lang='lat' dir='ltr'><strong>panem</strong></span> <span class='ocrx_word' id='word_1_104' title='bbox 1364 921 1453 986; x_wconf 92' lang='lat' dir='ltr'><strong>hunc</strong></span> <span class='ocrx_word' id='word_1_105' title='bbox 1483 918 1557 985; x_wconf 89' lang='lat' dir='ltr'><strong>fore</strong></span> <span class='ocrx_word' id='word_1_106' title='bbox 1585 919 1776 1007; x_wconf 83' lang='lat' dir='ltr'><strong>passionem</strong></span> <span class='ocrx_word' id='word_1_107' title='bbox 1805 931 1839 987; x_wconf 88' lang='lat' dir='ltr'><strong>et</strong></span> <span class='ocrx_word' id='word_1_108' title='bbox 1920 999 1921 1003; x_wconf 7' lang='grc' dir='ltr'><strong>Ἰ</strong></span> 
     </span>
     <span class='ocr_line' id='line_1_12' title="bbox 508 1024 1917 1114; baseline 0 -19"><span class='ocrx_word' id='word_1_109' title='bbox 508 1035 653 1095; x_wconf 90' lang='lat' dir='ltr'><strong>mortem</strong></span> <span class='ocrx_word' id='word_1_110' title='bbox 682 1047 778 1094; x_wconf 92' lang='lat' dir='ltr'><strong>suam</strong></span> <span class='ocrx_word' id='word_1_111' title='bbox 805 1049 839 1106; x_wconf 78' lang='lat'><strong>»3</strong></span> <span class='ocrx_word' id='word_1_112' title='bbox 865 1024 985 1093; x_wconf 89' lang='lat' dir='ltr'><strong>eadem</strong></span> <span class='ocrx_word' id='word_1_113' title='bbox 1011 1024 1143 1092; x_wconf 86' lang='lat' dir='ltr'><strong>ratione</strong></span> <span class='ocrx_word' id='word_1_114' title='bbox 1171 1028 1264 1093; x_wconf 81' lang='lat' dir='ltr'><strong>lans.</strong></span> <span class='ocrx_word' id='word_1_115' title='bbox 1295 1047 1434 1114; x_wconf 91' lang='lat' dir='ltr'><strong>quoque</strong></span> <span class='ocrx_word' id='word_1_116' title='bbox 1460 1025 1533 1091; x_wconf 90' lang='lat' dir='ltr'><strong>vult</strong></span> <span class='ocrx_word' id='word_1_117' title='bbox 1555 1025 1666 1093; x_wconf 91' lang='lat' dir='ltr'><strong>solum</strong></span> <span class='ocrx_word' id='word_1_118' title='bbox 1691 1026 1839 1093; x_wconf 88' lang='lat' dir='ltr'><strong>indicari</strong></span> <span class='ocrx_word' id='word_1_119' title='bbox 1913 1044 1917 1050; x_wconf 83' lang='lat'><strong><em>‘</em></strong></span> 
     </span>
     <span class='ocr_line' id='line_1_13' title="bbox 510 1131 1937 1222; baseline -0.003 -23"><span class='ocrx_word' id='word_1_120' title='bbox 510 1132 615 1199; x_wconf 86' lang='lat' dir='ltr'><strong>fidem</strong></span> <span class='ocrx_word' id='word_1_121' title='bbox 630 1132 666 1197; x_wconf 93' lang='lat' dir='ltr'><strong>in</strong></span> <span class='ocrx_word' id='word_1_122' title='bbox 682 1133 932 1200; x_wconf 74' lang='lat' dir='ltr'><strong>humanitatem</strong></span> <span class='ocrx_word' id='word_1_123' title='bbox 949 1154 1011 1222; x_wconf 88' lang='lat' dir='ltr'><strong>pro</strong></span> <span class='ocrx_word' id='word_1_124' title='bbox 1026 1131 1125 1198; x_wconf 91' lang='lat' dir='ltr'><strong>nobis</strong></span> <span class='ocrx_word' id='word_1_125' title='bbox 1139 1132 1301 1200; x_wconf 83' lang='lat' dir='ltr'><strong>traditam</strong></span> <span class='ocrx_word' id='word_1_126' title='bbox 1317 1139 1351 1197; x_wconf 89' lang='lat' dir='ltr'><strong>et</strong></span> <span class='ocrx_word' id='word_1_127' title='bbox 1372 1152 1504 1221; x_wconf 90' lang='lat' dir='ltr'><strong>passam</strong></span> <span class='ocrx_word' id='word_1_128' title='bbox 1525 1154 1594 1198; x_wconf 88' lang='lat' dir='ltr'><strong>esse</strong></span> <span class='ocrx_word' id='word_1_129' title='bbox 1614 1133 1838 1199; x_wconf 88' lang='lat' dir='ltr'><strong>necessariam</strong></span> <span class='ocrx_word' id='word_1_130' title='bbox 1934 1194 1937 1199; x_wconf 83' lang='grc'><strong>,</strong></span> 
     </span>
    </p>
   </div>
   <div class='ocr_carea' id='block_1_8' title="bbox 508 1236 1840 1519">
    <p class='ocr_par' dir='ltr' id='par_1_8' title="bbox 508 1236 1840 1519">
     <span class='ocr_line' id='line_1_14' title="bbox 508 1236 1838 1327; baseline 0.002 -24"><span class='ocrx_word' id='word_1_131' title='bbox 508 1244 541 1304; x_wconf 91' lang='lat' dir='ltr'><strong>et</strong></span> <span class='ocrx_word' id='word_1_132' title='bbox 557 1237 623 1305; x_wconf 90' lang='lat' dir='ltr'><strong>hac</strong></span> <span class='ocrx_word' id='word_1_133' title='bbox 639 1238 706 1306; x_wconf 84' lang='lat' dir='ltr'><strong>fide</strong></span> <span class='ocrx_word' id='word_1_134' title='bbox 726 1237 1011 1305; x_wconf 84' lang='lat' dir='ltr'><strong>nos-manducare</strong></span> <span class='ocrx_word' id='word_1_135' title='bbox 1022 1259 1148 1326; x_wconf 89' lang='lat' dir='ltr'><strong>panem</strong></span> <span class='ocrx_word' id='word_1_136' title='bbox 1164 1241 1265 1305; x_wconf 89' lang='lat' dir='ltr'><strong>vitae.</strong></span> <span class='ocrx_word' id='word_1_137' title='bbox 1284 1243 1323 1304; x_wconf 86' lang='lat' dir='ltr'><strong>lit</strong></span> <span class='ocrx_word' id='word_1_138' title='bbox 1337 1238 1457 1304; x_wconf 90' lang='lat' dir='ltr'><strong>eodem</strong></span> <span class='ocrx_word' id='word_1_139' title='bbox 1476 1236 1577 1304; x_wconf 90' lang='lat' dir='ltr'><strong>modo</strong></span> <span class='ocrx_word' id='word_1_140' title='bbox 1591 1237 1747 1327; x_wconf 86' lang='lat' dir='ltr'><strong>plerique</strong></span> <span class='ocrx_word' id='word_1_141' title='bbox 1763 1261 1838 1305; x_wconf 86' lang='lat' dir='ltr'><strong>aca-</strong></span> 
     </span>
     <span class='ocr_line' id='line_1_15' title="bbox 510 1343 1840 1433; baseline 0.002 -23"><span class='ocrx_word' id='word_1_142' title='bbox 510 1344 630 1412; x_wconf 88' lang='lat' dir='ltr'><strong>tholici</strong></span> <span class='ocrx_word' id='word_1_143' title='bbox 656 1345 763 1411; x_wconf 89' lang='lat' dir='ltr'><strong>verba</strong></span> <span class='ocrx_word' id='word_1_144' title='bbox 780 1344 952 1432; x_wconf 90' lang='lat' dir='ltr'><strong>accipiunt</strong></span> <span class='ocrx_word' id='word_1_145' title='bbox 970 1345 1054 1410; x_wconf 87' lang='lat' dir='ltr'><strong>acsi</strong></span> <span class='ocrx_word' id='word_1_146' title='bbox 1074 1345 1161 1412; x_wconf 92' lang='lat' dir='ltr'><strong>nihil</strong></span> <span class='ocrx_word' id='word_1_147' title='bbox 1177 1344 1274 1411; x_wconf 91' lang='lat' dir='ltr'><strong>aliud</strong></span> <span class='ocrx_word' id='word_1_148' title='bbox 1292 1343 1461 1411; x_wconf 87' lang='lat' dir='ltr'><strong>diceretur</strong></span> <span class='ocrx_word' id='word_1_149' title='bbox 1475 1366 1579 1433; x_wconf 93' lang='lat' dir='ltr'><strong>quam</strong></span> <span class='ocrx_word' id='word_1_150' title='bbox 1594 1366 1733 1411; x_wconf 89' lang='lat' dir='ltr'><strong>carnem</strong></span> <span class='ocrx_word' id='word_1_151' title='bbox 1750 1345 1840 1412; x_wconf 89' lang='lat' dir='ltr'><strong>tradi</strong></span> 
     </span>
     <span class='ocr_line' id='line_1_16' title="bbox 509 1451 1280 1519; baseline -0.001 -2"><span class='ocrx_word' id='word_1_152' title='bbox 509 1451 545 1518; x_wconf 90' lang='lat' dir='ltr'><strong>iu</strong></span> <span class='ocrx_word' id='word_1_153' title='bbox 566 1457 723 1519; x_wconf 88' lang='lat' dir='ltr'><strong>mortem.</strong></span> <span class='ocrx_word' id='word_1_154' title='bbox 1279 1461 1280 1466; x_wconf 77' lang='grc'>’</span> 
     </span>
    </p>
   </div>
   <div class='ocr_carea' id='block_1_9' title="bbox 551 1631 1997 1721">
    <p class='ocr_par' dir='ltr' id='par_1_9' title="bbox 551 1623 2021 1721">
     <span class='ocr_line' id='line_1_17' title="bbox 551 1631 1997 1721; baseline 0.002 -23"><span class='ocrx_word' id='word_1_155' title='bbox 551 1642 596 1698; x_wconf 83' lang='lat' dir='ltr'><strong>Ex</strong></span> <span class='ocrx_word' id='word_1_156' title='bbox 614 1637 676 1698; x_wconf 93' lang='lat' dir='ltr'><strong>hoc</strong></span> <span class='ocrx_word' id='word_1_157' title='bbox 696 1637 765 1699; x_wconf 93' lang='lat' dir='ltr'><strong>loco</strong></span> <span class='ocrx_word' id='word_1_158' title='bbox 778 1643 811 1699; x_wconf 90' lang='lat' dir='ltr'><strong>et</strong></span> <span class='ocrx_word' id='word_1_159' title='bbox 830 1640 1103 1717; x_wconf 88' lang='lat' dir='ltr'><strong>subsequentibus</strong></span> <span class='ocrx_word' id='word_1_160' title='bbox 1122 1646 1201 1718; x_wconf 88' lang='lat' dir='ltr'><strong>puto</strong></span> <span class='ocrx_word' id='word_1_161' title='bbox 1217 1639 1314 1700; x_wconf 88' lang='lat' dir='ltr'><strong>ctiam</strong></span> <span class='ocrx_word' id='word_1_162' title='bbox 1329 1639 1408 1699; x_wconf 91' lang='lat' dir='ltr'><strong>solvi</strong></span> <span class='ocrx_word' id='word_1_163' title='bbox 1424 1639 1644 1720; x_wconf 86' lang='lat' dir='ltr'><strong>quaestionem</strong></span> <span class='ocrx_word' id='word_1_164' title='bbox 1657 1657 1754 1721; x_wconf 89' lang='lat' dir='ltr'><strong>quam</strong></span> <span class='ocrx_word' id='word_1_165' title='bbox 1768 1656 1837 1700; x_wconf 93' lang='lat' dir='ltr'><strong>mo·</strong></span> <span class='ocrx_word' id='word_1_166' title='bbox 1931 1664 1942 1709; x_wconf 63' lang='grc' dir='ltr'><em>γ</em></span> <span class='ocrx_word' id='word_1_167' title='bbox 1967 1623 2021 1715; x_wconf 64' lang='grc' dir='ltr'><strong>,ξῗῖξ</strong></span> 
     </span>
    </p>
   </div>
   <div class='ocr_carea' id='block_1_10' title="bbox 508 1736 1838 1816">
    <p class='ocr_par' dir='ltr' id='par_1_10' title="bbox 508 1736 1838 1816">
     <span class='ocr_line' id='line_1_18' title="bbox 508 1736 1838 1816; baseline 0.002 -21"><span class='ocrx_word' id='word_1_168' title='bbox 508 1740 586 1797; x_wconf 90' lang='lat' dir='ltr'><strong>vent</strong></span> <span class='ocrx_word' id='word_1_169' title='bbox 600 1736 792 1813; x_wconf 87' lang='lat' dir='ltr'><strong>loquaturne</strong></span> <span class='ocrx_word' id='word_1_170' title='bbox 812 1736 956 1798; x_wconf 82' lang='lat' dir='ltr'><strong>Christus</strong></span> <span class='ocrx_word' id='word_1_171' title='bbox 970 1755 1027 1816; x_wconf 90' lang='lat' dir='ltr'><strong>per</strong></span> <span class='ocrx_word' id='word_1_172' title='bbox 1042 1741 1144 1798; x_wconf 87' lang='lat' dir='ltr'><strong>toturn</strong></span> <span class='ocrx_word' id='word_1_173' title='bbox 1162 1753 1347 1798; x_wconf 88' lang='lat' dir='ltr'><strong>sermonem</strong></span> <span class='ocrx_word' id='word_1_174' title='bbox 1364 1736 1404 1798; x_wconf 91' lang='lat' dir='ltr'><strong>de</strong></span> <span class='ocrx_word' id='word_1_175' title='bbox 1420 1736 1622 1807; x_wconf 87' lang='lat' dir='ltr'><strong>eucharistia,</strong></span> <span class='ocrx_word' id='word_1_176' title='bbox 1639 1755 1677 1796; x_wconf 91' lang='lat' dir='ltr'><strong>an</strong></span> <span class='ocrx_word' id='word_1_177' title='bbox 1693 1737 1783 1815; x_wconf 91' lang='lat' dir='ltr'><strong>prius</strong></span> <span class='ocrx_word' id='word_1_178' title='bbox 1798 1736 1838 1797; x_wconf 88' lang='lat' dir='ltr'><strong>dc</strong></span> 
     </span>
    </p>
   </div>
   <div class='ocr_carea' id='block_1_11' title="bbox 507 1833 1941 2015">
    <p class='ocr_par' dir='ltr' id='par_1_11' title="bbox 507 1812 2025 2019">
     <span class='ocr_line' id='line_1_19' title="bbox 507 1833 1935 1913; baseline -0.003 -19"><span class='ocrx_word' id='word_1_179' title='bbox 507 1833 603 1895; x_wconf 90' lang='lat' dir='ltr'><strong>modo</strong></span> <span class='ocrx_word' id='word_1_180' title='bbox 623 1852 688 1913; x_wconf 92' lang='lat' dir='ltr'><strong>quo</strong></span> <span class='ocrx_word' id='word_1_181' title='bbox 711 1834 771 1894; x_wconf 85' lang='lat' dir='ltr'><strong>ude</strong></span> <span class='ocrx_word' id='word_1_182' title='bbox 793 1833 832 1894; x_wconf 87' lang='lat' dir='ltr'><strong>ad</strong></span> <span class='ocrx_word' id='word_1_183' title='bbox 853 1851 886 1895; x_wconf 90' lang='lat' dir='ltr'><strong>se</strong></span> <span class='ocrx_word' id='word_1_184' title='bbox 906 1834 1123 1897; x_wconf 85' lang='lat' dir='ltr'><strong>accedendum</strong></span> <span class='ocrx_word' id='word_1_185' title='bbox 1149 1836 1192 1894; x_wconf 93' lang='lat' dir='ltr'><strong>sit</strong></span> <span class='ocrx_word' id='word_1_186' title='bbox 1215 1838 1248 1895; x_wconf 91' lang='lat' dir='ltr'><strong>et</strong></span> <span class='ocrx_word' id='word_1_187' title='bbox 1272 1834 1389 1895; x_wconf 92' lang='lat' dir='ltr'><strong>deinde</strong></span> <span class='ocrx_word' id='word_1_188' title='bbox 1410 1835 1449 1896; x_wconf 89' lang='lat' dir='ltr'><strong>de</strong></span> <span class='ocrx_word' id='word_1_189' title='bbox 1470 1836 1540 1913; x_wconf 89' lang='lat' dir='ltr'><strong>ipso</strong></span> <span class='ocrx_word' id='word_1_190' title='bbox 1559 1839 1772 1909; x_wconf 86' lang='lat' dir='ltr'><strong>sacramento;</strong></span> <span class='ocrx_word' id='word_1_191' title='bbox 1789 1833 1838 1895; x_wconf 90' lang='lat' dir='ltr'><strong>vel</strong></span> <span class='ocrx_word' id='word_1_192' title='bbox 1933 1859 1935 1863; x_wconf 50' lang='grc'>’</span> 
     </span>
     <span class='ocr_line' id='line_1_20' title="bbox 511 1915 1941 2015; baseline -0.002 -24"><span class='ocrx_word' id='word_1_193' title='bbox 511 1931 582 1991; x_wconf 84' lang='lat' dir='ltr'><strong>aliis</strong></span> <span class='ocrx_word' id='word_1_194' title='bbox 595 1932 701 1991; x_wconf 87' lang='lat' dir='ltr'><strong>verbis</strong></span> <span class='ocrx_word' id='word_1_195' title='bbox 715 1951 722 1990; x_wconf 92' lang='lat'>:</span> <span class='ocrx_word' id='word_1_196' title='bbox 738 1936 846 1993; x_wconf 90' lang='lat' dir='ltr'><strong>utrum</strong></span> <span class='ocrx_word' id='word_1_197' title='bbox 858 1937 993 1992; x_wconf 84' lang='lat' dir='ltr'><strong>sevocat</strong></span> <span class='ocrx_word' id='word_1_198' title='bbox 1006 1949 1124 2010; x_wconf 88' lang='lat' dir='ltr'><strong>panem</strong></span> <span class='ocrx_word' id='word_1_199' title='bbox 1135 1933 1219 1993; x_wconf 87' lang='lat' dir='ltr'><strong>vitae</strong></span> <span class='ocrx_word' id='word_1_200' title='bbox 1233 1932 1327 2010; x_wconf 90' lang='lat' dir='ltr'><strong>plane</strong></span> <span class='ocrx_word' id='word_1_201' title='bbox 1342 1932 1455 1994; x_wconf 89' lang='lat' dir='ltr'><strong>eodem</strong></span> <span class='ocrx_word' id='word_1_202' title='bbox 1469 1932 1564 1993; x_wconf 92' lang='lat' dir='ltr'><strong>modo</strong></span> <span class='ocrx_word' id='word_1_203' title='bbox 1579 1948 1638 2011; x_wconf 87' lang='lat' dir='ltr'><strong>per</strong></span> <span class='ocrx_word' id='word_1_204' title='bbox 1651 1938 1756 1994; x_wconf 89' lang='lat' dir='ltr'><strong>totum</strong></span> <span class='ocrx_word' id='word_1_205' title='bbox 1770 1915 1839 1992; x_wconf 87' lang='lat' dir='ltr'><strong>ser·</strong></span> <span class='ocrx_word' id='word_1_206' title='bbox 1928 2005 1941 2015; x_wconf 7' lang='grc' dir='ltr'><strong>Ἰ·</strong></span> 
     </span>
    </p>
   </div>
   <div class='ocr_carea' id='block_1_12' title="bbox 509 2029 1837 2107">
    <p class='ocr_par' dir='ltr' id='par_1_12' title="bbox 509 2029 1837 2107">
     <span class='ocr_line' id='line_1_21' title="bbox 509 2029 1837 2107; baseline -0.001 -18"><span class='ocrx_word' id='word_1_207' title='bbox 509 2046 657 2102; x_wconf 90' lang='lat' dir='ltr'><strong>monem,</strong></span> <span class='ocrx_word' id='word_1_208' title='bbox 672 2048 711 2090; x_wconf 88' lang='lat' dir='ltr'><strong>an</strong></span> <span class='ocrx_word' id='word_1_209' title='bbox 728 2030 821 2090; x_wconf 91' lang='lat' dir='ltr'><strong>aliter</strong></span> <span class='ocrx_word' id='word_1_210' title='bbox 840 2031 879 2090; x_wconf 85' lang='lat' dir='ltr'><strong>ab</strong></span> <span class='ocrx_word' id='word_1_211' title='bbox 899 2029 989 2090; x_wconf 91' lang='lat' dir='ltr'><strong>initio</strong></span> <span class='ocrx_word' id='word_1_212' title='bbox 1007 2035 1039 2090; x_wconf 91' lang='lat' dir='ltr'><strong>et</strong></span> <span class='ocrx_word' id='word_1_213' title='bbox 1058 2030 1150 2091; x_wconf 88' lang='lat' dir='ltr'><strong>aliter</strong></span> <span class='ocrx_word' id='word_1_214' title='bbox 1168 2031 1206 2090; x_wconf 88' lang='lat' dir='ltr'><strong>ab</strong></span> <span class='ocrx_word' id='word_1_215' title='bbox 1222 2030 1284 2090; x_wconf 92' lang='lat' dir='ltr'><strong>hoc</strong></span> <span class='ocrx_word' id='word_1_216' title='bbox 1303 2029 1384 2091; x_wconf 95' lang='lat' dir='ltr'><strong>loco.</strong></span> <span class='ocrx_word' id='word_1_217' title='bbox 1403 2032 1439 2090; x_wconf 83' lang='lat' dir='ltr'><strong>Et</strong></span> <span class='ocrx_word' id='word_1_218' title='bbox 1455 2029 1534 2090; x_wconf 89' lang='lat' dir='ltr'><strong>mihi</strong></span> <span class='ocrx_word' id='word_1_219' title='bbox 1550 2029 1680 2107; x_wconf 89' lang='lat' dir='ltr'><strong>quidem</strong></span> <span class='ocrx_word' id='word_1_220' title='bbox 1701 2029 1837 2098; x_wconf 89' lang='lat' dir='ltr'><strong>videtur,</strong></span> 
     </span>
    </p>
   </div>
   <div class='ocr_carea' id='block_1_13' title="bbox 510 2107 1940 2206">
    <p class='ocr_par' dir='ltr' id='par_1_13' title="bbox 510 2103 2025 2222">
     <span class='ocr_line' id='line_1_22' title="bbox 510 2107 1940 2206; baseline 0 -19"><span class='ocrx_word' id='word_1_221' title='bbox 510 2143 547 2187; x_wconf 91' lang='lat' dir='ltr'><strong>eo</strong></span> <span class='ocrx_word' id='word_1_222' title='bbox 570 2128 639 2204; x_wconf 91' lang='lat' dir='ltr'><strong>ipso</strong></span> <span class='ocrx_word' id='word_1_223' title='bbox 661 2127 745 2205; x_wconf 91' lang='lat' dir='ltr'><strong>quod</strong></span> <span class='ocrx_word' id='word_1_224' title='bbox 764 2145 850 2188; x_wconf 91' lang='lat' dir='ltr'><strong>nunc</strong></span> <span class='ocrx_word' id='word_1_225' title='bbox 872 2128 1002 2206; x_wconf 89' lang='lat' dir='ltr'><strong>incipiat</strong></span> <span class='ocrx_word' id='word_1_226' title='bbox 1021 2128 1109 2206; x_wconf 90' lang='lat' dir='ltr'><strong>loqui</strong></span> <span class='ocrx_word' id='word_1_227' title='bbox 1130 2127 1170 2188; x_wconf 90' lang='lat' dir='ltr'><strong>de</strong></span> <span class='ocrx_word' id='word_1_228' title='bbox 1188 2127 1394 2199; x_wconf 85' lang='lat' dir='ltr'><strong>eucharistia,</strong></span> <span class='ocrx_word' id='word_1_229' title='bbox 1409 2128 1506 2188; x_wconf 90' lang='lat' dir='ltr'><strong>etiam</strong></span> <span class='ocrx_word' id='word_1_230' title='bbox 1527 2128 1604 2188; x_wconf 89' lang='lat' dir='ltr'><strong>satis</strong></span> <span class='ocrx_word' id='word_1_231' title='bbox 1624 2127 1750 2189; x_wconf 90' lang='lat' dir='ltr'><strong>ostendi</strong></span> <span class='ocrx_word' id='word_1_232' title='bbox 1766 2143 1840 2188; x_wconf 89' lang='lat' dir='ltr'><strong>eum</strong></span> <span class='ocrx_word' id='word_1_233' title='bbox 1935 2107 1940 2165; x_wconf 54' lang='lat' dir='ltr'><em>f</em></span> 
     </span>
    </p>
   </div>
   <div class='ocr_carea' id='block_1_14' title="bbox 511 2223 1840 2304">
    <p class='ocr_par' dir='ltr' id='par_1_14' title="bbox 511 2223 1840 2304">
     <span class='ocr_line' id='line_1_23' title="bbox 511 2223 1840 2304; baseline 0 -20"><span class='ocrx_word' id='word_1_234' title='bbox 511 2241 651 2302; x_wconf 89' lang='lat' dir='ltr'><strong>eousque</strong></span> <span class='ocrx_word' id='word_1_235' title='bbox 665 2243 728 2285; x_wconf 92' lang='lat' dir='ltr'><strong>non</strong></span> <span class='ocrx_word' id='word_1_236' title='bbox 745 2224 784 2286; x_wconf 89' lang='lat' dir='ltr'><strong>de</strong></span> <span class='ocrx_word' id='word_1_237' title='bbox 797 2243 835 2286; x_wconf 90' lang='lat' dir='ltr'><strong>ea</strong></span> <span class='ocrx_word' id='word_1_238' title='bbox 848 2242 1031 2287; x_wconf 89' lang='lat' dir='ltr'><strong>sermonem</strong></span> <span class='ocrx_word' id='word_1_239' title='bbox 1046 2225 1176 2299; x_wconf 76' lang='lat' dir='ltr'><strong>lecisse3</strong></span> <span class='ocrx_word' id='word_1_240' title='bbox 1191 2243 1303 2286; x_wconf 88' lang='lat' dir='ltr'><strong>verum</strong></span> <span class='ocrx_word' id='word_1_241' title='bbox 1319 2243 1357 2286; x_wconf 86' lang='lat' dir='ltr'><strong>ex</strong></span> <span class='ocrx_word' id='word_1_242' title='bbox 1374 2226 1490 2287; x_wconf 89' lang='lat' dir='ltr'><strong>unione</strong></span> <span class='ocrx_word' id='word_1_243' title='bbox 1505 2225 1561 2285; x_wconf 86' lang='lat' dir='ltr'><strong>illa</strong></span> <span class='ocrx_word' id='word_1_244' title='bbox 1575 2243 1658 2304; x_wconf 88' lang='lat' dir='ltr'><strong>quae</strong></span> <span class='ocrx_word' id='word_1_245' title='bbox 1673 2242 1730 2303; x_wconf 89' lang='lat' dir='ltr'><strong>per</strong></span> <span class='ocrx_word' id='word_1_246' title='bbox 1745 2223 1840 2286; x_wconf 82' lang='lat' dir='ltr'><strong>fidem</strong></span> 
     </span>
    </p>
   </div>
   <div class='ocr_carea' id='block_1_15' title="bbox 521 2320 2003 2410">
    <p class='ocr_par' dir='ltr' id='par_1_15' title="bbox 521 2320 2003 2410">
     <span class='ocr_line' id='line_1_24' title="bbox 521 2320 2003 2410; baseline 0.001 -29"><span class='ocrx_word' id='word_1_247' title='bbox 521 2323 575 2381; x_wconf 89' lang='lat' dir='ltr'><strong>liat</strong></span> <span class='ocrx_word' id='word_1_248' title='bbox 601 2339 674 2382; x_wconf 90' lang='lat' dir='ltr'><strong>eum</strong></span> <span class='ocrx_word' id='word_1_249' title='bbox 698 2323 834 2383; x_wconf 87' lang='lat' dir='ltr'><strong>transire</strong></span> <span class='ocrx_word' id='word_1_250' title='bbox 854 2323 894 2383; x_wconf 87' lang='lat' dir='ltr'><strong>ad</strong></span> <span class='ocrx_word' id='word_1_251' title='bbox 916 2324 1087 2385; x_wconf 87' lang='lat' dir='ltr'><strong>arctiorem</strong></span> <span class='ocrx_word' id='word_1_252' title='bbox 1112 2324 1200 2384; x_wconf 86' lang='lat' dir='ltr'><strong>illam</strong></span> <span class='ocrx_word' id='word_1_253' title='bbox 1227 2341 1310 2402; x_wconf 88' lang='lat' dir='ltr'><strong>quae</strong></span> <span class='ocrx_word' id='word_1_254' title='bbox 1333 2323 1489 2384; x_wconf 86' lang='lat' dir='ltr'><strong>habeatur</strong></span> <span class='ocrx_word' id='word_1_255' title='bbox 1510 2323 1544 2382; x_wconf 94' lang='lat' dir='ltr'><strong>in</strong></span> <span class='ocrx_word' id='word_1_256' title='bbox 1565 2327 1778 2395; x_wconf 89' lang='lat' dir='ltr'><strong>sacramento,</strong></span> <span class='ocrx_word' id='word_1_257' title='bbox 1799 2320 1839 2384; x_wconf 90' lang='lat' dir='ltr'><strong>ad</strong></span> <span class='ocrx_word' id='word_1_258' title='bbox 1924 2348 1933 2356; x_wconf 83' lang='lat'><em>·</em></span> <span class='ocrx_word' id='word_1_259' title='bbox 1960 2397 1966 2410; x_wconf 31' lang='lat'>¹</span> <span class='ocrx_word' id='word_1_260' title='bbox 1998 2356 2003 2365; x_wconf 86' lang='lat'><em>·</em></span> 
     </span>
    </p>
   </div>
   <div class='ocr_carea' id='block_1_16' title="bbox 509 2419 1842 4063">
    <p class='ocr_par' dir='ltr' id='par_1_16' title="bbox 509 2419 1842 4063">
     <span class='ocr_line' id='line_1_25' title="bbox 512 2419 1840 2500; baseline 0.002 -21"><span class='ocrx_word' id='word_1_261' title='bbox 512 2437 607 2497; x_wconf 91' lang='lat' dir='ltr'><strong>quam</strong></span> <span class='ocrx_word' id='word_1_262' title='bbox 630 2419 709 2480; x_wconf 84' lang='lat' dir='ltr'><strong>fides</strong></span> <span class='ocrx_word' id='word_1_263' title='bbox 729 2438 828 2498; x_wconf 87' lang='lat' dir='ltr'><strong>quam</strong></span> <span class='ocrx_word' id='word_1_264' title='bbox 850 2421 988 2482; x_wconf 81' lang='lat' dir='ltr'><strong>maxime</strong></span> <span class='ocrx_word' id='word_1_265' title='bbox 1011 2423 1191 2483; x_wconf 89' lang='lat' dir='ltr'><strong>necessaria</strong></span> <span class='ocrx_word' id='word_1_266' title='bbox 1210 2426 1416 2500; x_wconf 85' lang='lat' dir='ltr'><strong>supponatur.</strong></span> <span class='ocrx_word' id='word_1_267' title='bbox 1435 2421 1506 2497; x_wconf 91' lang='lat' dir='ltr'><strong>Ipso</strong></span> <span class='ocrx_word' id='word_1_268' title='bbox 1530 2436 1657 2498; x_wconf 84' lang='lat' dir='ltr'><strong>quoque</strong></span> <span class='ocrx_word' id='word_1_269' title='bbox 1677 2419 1773 2480; x_wconf 89' lang='lat' dir='ltr'><strong>modo</strong></span> <span class='ocrx_word' id='word_1_270' title='bbox 1792 2419 1840 2481; x_wconf 91' lang='lat' dir='ltr'><strong>lo-</strong></span> 
     </span>
     <span class='ocr_line' id='line_1_26' title="bbox 511 2516 1841 2597; baseline -0.001 -18"><span class='ocrx_word' id='word_1_271' title='bbox 511 2516 628 2595; x_wconf 83' lang='lat' dir='ltr'><strong>quendi</strong></span> <span class='ocrx_word' id='word_1_272' title='bbox 645 2516 818 2578; x_wconf 89' lang='lat' dir='ltr'><strong>discrimen</strong></span> <span class='ocrx_word' id='word_1_273' title='bbox 835 2520 1015 2596; x_wconf 87' lang='lat' dir='ltr'><strong>argumenti</strong></span> <span class='ocrx_word' id='word_1_274' title='bbox 1036 2518 1193 2597; x_wconf 86' lang='lat' dir='ltr'><strong>proditur.</strong></span> <span class='ocrx_word' id='word_1_275' title='bbox 1212 2521 1292 2579; x_wconf 89' lang='lat' dir='ltr'><strong>Nam</strong></span> <span class='ocrx_word' id='word_1_276' title='bbox 1312 2519 1346 2578; x_wconf 93' lang='lat' dir='ltr'><strong>iu</strong></span> <span class='ocrx_word' id='word_1_277' title='bbox 1367 2518 1471 2596; x_wconf 88' lang='lat' dir='ltr'><strong>priore</strong></span> <span class='ocrx_word' id='word_1_278' title='bbox 1490 2520 1580 2596; x_wconf 87' lang='lat' dir='ltr'><strong>parte</strong></span> <span class='ocrx_word' id='word_1_279' title='bbox 1601 2518 1693 2577; x_wconf 87' lang='lat' dir='ltr'><strong>Pater</strong></span> <span class='ocrx_word' id='word_1_280' title='bbox 1711 2516 1765 2577; x_wconf 89' lang='lat' dir='ltr'><strong>dat</strong></span> <span class='ocrx_word' id='word_1_281' title='bbox 1784 2534 1841 2596; x_wconf 89' lang='lat' dir='ltr'><strong>pa·</strong></span> 
     </span>
     <span class='ocr_line' id='line_1_27' title="bbox 511 2615 1842 2694; baseline 0.001 -20"><span class='ocrx_word' id='word_1_282' title='bbox 511 2633 584 2676; x_wconf 91' lang='lat' dir='ltr'><strong>nem</strong></span> <span class='ocrx_word' id='word_1_283' title='bbox 600 2615 640 2676; x_wconf 93' lang='lat' dir='ltr'><strong>de</strong></span> <span class='ocrx_word' id='word_1_284' title='bbox 660 2616 750 2676; x_wconf 90' lang='lat' dir='ltr'><strong>coelo</strong></span> <span class='ocrx_word' id='word_1_285' title='bbox 766 2633 893 2687; x_wconf 89' lang='lat' dir='ltr'><strong>verum,</strong></span> <span class='ocrx_word' id='word_1_286' title='bbox 911 2623 942 2676; x_wconf 91' lang='lat' dir='ltr'><strong>et</strong></span> <span class='ocrx_word' id='word_1_287' title='bbox 956 2616 1100 2678; x_wconf 83' lang='lat' dir='ltr'><strong>Christus</strong></span> <span class='ocrx_word' id='word_1_288' title='bbox 1120 2617 1198 2677; x_wconf 91' lang='lat' dir='ltr'><strong>dicit</strong></span> <span class='ocrx_word' id='word_1_289' title='bbox 1217 2634 1223 2675; x_wconf 95' lang='lat'>:</span> <span class='ocrx_word' id='word_1_290' title='bbox 1249 2633 1307 2694; x_wconf 82' lang='lat' dir='ltr'><strong>ego</strong></span> <span class='ocrx_word' id='word_1_291' title='bbox 1329 2634 1399 2677; x_wconf 90' lang='lat' dir='ltr'><strong>sum</strong></span> <span class='ocrx_word' id='word_1_292' title='bbox 1420 2616 1509 2694; x_wconf 87' lang='lat' dir='ltr'><strong>panis</strong></span> <span class='ocrx_word' id='word_1_293' title='bbox 1531 2615 1632 2687; x_wconf 88' lang='lat' dir='ltr'><strong>vitae,</strong></span> <span class='ocrx_word' id='word_1_294' title='bbox 1649 2620 1682 2676; x_wconf 91' lang='lat' dir='ltr'><strong>et</strong></span> <span class='ocrx_word' id='word_1_295' title='bbox 1700 2615 1842 2692; x_wconf 86' lang='lat' dir='ltr'><strong>postulat</strong></span> 
     </span>
     <span class='ocr_line' id='line_1_28' title="bbox 509 2707 1839 2792; baseline -0.001 -19"><span class='ocrx_word' id='word_1_296' title='bbox 509 2719 545 2773; x_wconf 91' lang='lat' dir='ltr'><strong>ut</strong></span> <span class='ocrx_word' id='word_1_297' title='bbox 561 2714 592 2772; x_wconf 92' lang='lat' dir='ltr'><strong>in</strong></span> <span class='ocrx_word' id='word_1_298' title='bbox 608 2731 641 2773; x_wconf 90' lang='lat' dir='ltr'><strong>sc</strong></span> <span class='ocrx_word' id='word_1_299' title='bbox 658 2715 808 2774; x_wconf 83' lang='lat' dir='ltr'><strong>credatur</strong></span> <span class='ocrx_word' id='word_1_300' title='bbox 821 2718 853 2775; x_wconf 89' lang='lat' dir='ltr'><strong>ct</strong></span> <span class='ocrx_word' id='word_1_301' title='bbox 868 2714 922 2791; x_wconf 92' lang='lat' dir='ltr'><strong>qni</strong></span> <span class='ocrx_word' id='word_1_302' title='bbox 937 2707 1040 2775; x_wconf 82' lang='lat' dir='ltr'><strong>credit</strong></span> <span class='ocrx_word' id='word_1_303' title='bbox 1054 2716 1083 2774; x_wconf 88' lang='lat' dir='ltr'><strong>ei</strong></span> <span class='ocrx_word' id='word_1_304' title='bbox 1104 2715 1264 2792; x_wconf 90' lang='lat' dir='ltr'><strong>promittit</strong></span> <span class='ocrx_word' id='word_1_305' title='bbox 1279 2715 1376 2775; x_wconf 89' lang='lat' dir='ltr'><strong>vitam</strong></span> <span class='ocrx_word' id='word_1_306' title='bbox 1392 2718 1568 2774; x_wconf 88' lang='lat' dir='ltr'><strong>aeternam.</strong></span> <span class='ocrx_word' id='word_1_307' title='bbox 1587 2714 1621 2773; x_wconf 92' lang='lat' dir='ltr'><strong>ln</strong></span> <span class='ocrx_word' id='word_1_308' title='bbox 1637 2713 1737 2773; x_wconf 89' lang='lat' dir='ltr'><strong>altera</strong></span> <span class='ocrx_word' id='word_1_309' title='bbox 1751 2717 1839 2791; x_wconf 88' lang='lat' dir='ltr'><strong>parte</strong></span> 
     </span>
     <span class='ocr_line' id='line_1_29' title="bbox 509 2811 1838 2891; baseline 0.002 -22"><span class='ocrx_word' id='word_1_310' title='bbox 509 2817 615 2872; x_wconf 90' lang='lat' dir='ltr'><strong>autem</strong></span> <span class='ocrx_word' id='word_1_311' title='bbox 635 2811 777 2888; x_wconf 88' lang='lat' dir='ltr'><strong>loquitur</strong></span> <span class='ocrx_word' id='word_1_312' title='bbox 793 2811 833 2871; x_wconf 91' lang='lat' dir='ltr'><strong>de</strong></span> <span class='ocrx_word' id='word_1_313' title='bbox 849 2829 931 2891; x_wconf 88' lang='lat' dir='ltr'><strong>panc</strong></span> <span class='ocrx_word' id='word_1_314' title='bbox 949 2829 1044 2889; x_wconf 87' lang='lat' dir='ltr'><strong>quem</strong></span> <span class='ocrx_word' id='word_1_315' title='bbox 1058 2812 1248 2873; x_wconf 83' lang='lat' dir='ltr'><strong>daturussit</strong></span> <span class='ocrx_word' id='word_1_316' title='bbox 1264 2813 1347 2890; x_wconf 89' lang='lat' dir='ltr'><strong>ipse,</strong></span> <span class='ocrx_word' id='word_1_317' title='bbox 1364 2811 1403 2872; x_wconf 91' lang='lat' dir='ltr'><strong>de</strong></span> <span class='ocrx_word' id='word_1_318' title='bbox 1418 2828 1500 2891; x_wconf 88' lang='lat' dir='ltr'><strong>pane</strong></span> <span class='ocrx_word' id='word_1_319' title='bbox 1518 2827 1599 2888; x_wconf 87' lang='lat' dir='ltr'><strong>qnae</strong></span> <span class='ocrx_word' id='word_1_320' title='bbox 1615 2811 1657 2870; x_wconf 91' lang='lat' dir='ltr'><strong>sit</strong></span> <span class='ocrx_word' id='word_1_321' title='bbox 1671 2811 1740 2871; x_wconf 91' lang='lat' dir='ltr'><strong>eius</strong></span> <span class='ocrx_word' id='word_1_322' title='bbox 1754 2827 1838 2882; x_wconf 92' lang='lat' dir='ltr'><strong>caro,</strong></span> 
     </span>
     <span class='ocr_line' id='line_1_30' title="bbox 509 2908 1840 2989; baseline 0 -21"><span class='ocrx_word' id='word_1_323' title='bbox 509 2908 650 2985; x_wconf 91' lang='lat' dir='ltr'><strong>loquitur</strong></span> <span class='ocrx_word' id='word_1_324' title='bbox 665 2908 705 2969; x_wconf 91' lang='lat' dir='ltr'><strong>de</strong></span> <span class='ocrx_word' id='word_1_325' title='bbox 723 2909 972 2970; x_wconf 87' lang='lat' dir='ltr'><strong>manducatione</strong></span> <span class='ocrx_word' id='word_1_326' title='bbox 987 2911 1091 2970; x_wconf 91' lang='lat' dir='ltr'><strong>carnis</strong></span> <span class='ocrx_word' id='word_1_327' title='bbox 1106 2910 1177 2971; x_wconf 85' lang='lat' dir='ltr'><strong>Filii</strong></span> <span class='ocrx_word' id='word_1_328' title='bbox 1192 2909 1334 2971; x_wconf 92' lang='lat' dir='ltr'><strong>hominis</strong></span> <span class='ocrx_word' id='word_1_329' title='bbox 1348 2913 1381 2969; x_wconf 87' lang='lat' dir='ltr'><strong>et</strong></span> <span class='ocrx_word' id='word_1_330' title='bbox 1395 2909 1435 2970; x_wconf 91' lang='lat' dir='ltr'><strong>de</strong></span> <span class='ocrx_word' id='word_1_331' title='bbox 1451 2909 1615 2987; x_wconf 89' lang='lat' dir='ltr'><strong>potatione</strong></span> <span class='ocrx_word' id='word_1_332' title='bbox 1631 2909 1699 2969; x_wconf 92' lang='lat' dir='ltr'><strong>eius</strong></span> <span class='ocrx_word' id='word_1_333' title='bbox 1712 2908 1840 2989; x_wconf 87' lang='lat' dir='ltr'><strong>sangui-</strong></span> 
     </span>
     <span class='ocr_line' id='line_1_31' title="bbox 510 3006 1838 3085; baseline 0.002 -21"><span class='ocrx_word' id='word_1_334' title='bbox 510 3006 571 3077; x_wconf 88' lang='lat' dir='ltr'><strong>nis,</strong></span> <span class='ocrx_word' id='word_1_335' title='bbox 585 3022 713 3066; x_wconf 87' lang='lat' dir='ltr'><strong>carnem</strong></span> <span class='ocrx_word' id='word_1_336' title='bbox 729 3023 822 3067; x_wconf 88' lang='lat' dir='ltr'><strong>suam</strong></span> <span class='ocrx_word' id='word_1_337' title='bbox 833 3006 912 3067; x_wconf 89' lang='lat' dir='ltr'><strong>dicit</strong></span> <span class='ocrx_word' id='word_1_338' title='bbox 927 3025 997 3068; x_wconf 88' lang='lat' dir='ltr'><strong>esse</strong></span> <span class='ocrx_word' id='word_1_339' title='bbox 1014 3008 1122 3069; x_wconf 91' lang='lat' dir='ltr'><strong>cibum</strong></span> <span class='ocrx_word' id='word_1_340' title='bbox 1138 3024 1262 3078; x_wconf 86' lang='lat' dir='ltr'><strong>verum,</strong></span> <span class='ocrx_word' id='word_1_341' title='bbox 1278 3024 1389 3067; x_wconf 89' lang='lat' dir='ltr'><strong>verum</strong></span> <span class='ocrx_word' id='word_1_342' title='bbox 1402 3011 1514 3085; x_wconf 90' lang='lat' dir='ltr'><strong>potum</strong></span> <span class='ocrx_word' id='word_1_343' title='bbox 1529 3024 1623 3069; x_wconf 89' lang='lat' dir='ltr'><strong>suum</strong></span> <span class='ocrx_word' id='word_1_344' title='bbox 1636 3007 1838 3085; x_wconf 70' lang='lat' dir='ltr'><strong>sanguinem,</strong></span> 
     </span>
     <span class='ocr_line' id='line_1_32' title="bbox 515 3102 1839 3184; baseline 0.001 -22"><span class='ocrx_word' id='word_1_345' title='bbox 515 3103 558 3162; x_wconf 92' lang='lat' dir='ltr'><strong>ibi</strong></span> <span class='ocrx_word' id='word_1_346' title='bbox 580 3102 659 3162; x_wconf 81' lang='lat' dir='ltr'><strong>dixit</strong></span> <span class='ocrx_word' id='word_1_347' title='bbox 681 3121 687 3163; x_wconf 94' lang='lat'>:</span> <span class='ocrx_word' id='word_1_348' title='bbox 710 3104 763 3180; x_wconf 91' lang='lat' dir='ltr'><strong>qui</strong></span> <span class='ocrx_word' id='word_1_349' title='bbox 785 3103 888 3164; x_wconf 84' lang='lat' dir='ltr'><strong>credit</strong></span> <span class='ocrx_word' id='word_1_350' title='bbox 907 3105 938 3163; x_wconf 92' lang='lat' dir='ltr'><strong>in</strong></span> <span class='ocrx_word' id='word_1_351' title='bbox 960 3121 1028 3178; x_wconf 72' lang='lat' dir='ltr'><strong>mc,</strong></span> <span class='ocrx_word' id='word_1_352' title='bbox 1046 3104 1097 3165; x_wconf 91' lang='lat' dir='ltr'><strong>hic</strong></span> <span class='ocrx_word' id='word_1_353' title='bbox 1122 3123 1129 3164; x_wconf 76' lang='grc' dir='ltr'>ε</span> <span class='ocrx_word' id='word_1_354' title='bbox 1153 3106 1210 3184; x_wconf 92' lang='lat' dir='ltr'><strong>qui</strong></span> <span class='ocrx_word' id='word_1_355' title='bbox 1235 3105 1407 3166; x_wconf 89' lang='lat' dir='ltr'><strong>manducat</strong></span> <span class='ocrx_word' id='word_1_356' title='bbox 1426 3122 1486 3166; x_wconf 88' lang='lat' dir='ltr'><strong>me.</strong></span> <span class='ocrx_word' id='word_1_357' title='bbox 1503 3104 1624 3176; x_wconf 86' lang='lat' dir='ltr'><strong>Quibus</strong></span> <span class='ocrx_word' id='word_1_358' title='bbox 1645 3104 1733 3165; x_wconf 90' lang='lat' dir='ltr'><strong>atiud</strong></span> <span class='ocrx_word' id='word_1_359' title='bbox 1753 3102 1839 3164; x_wconf 92' lang='lat' dir='ltr'><strong>indi-</strong></span> 
     </span>
     <span class='ocr_line' id='line_1_33' title="bbox 511 3201 1838 3280; baseline 0.002 -20"><span class='ocrx_word' id='word_1_360' title='bbox 511 3206 608 3269; x_wconf 90' lang='lat' dir='ltr'><strong>catur,</strong></span> <span class='ocrx_word' id='word_1_361' title='bbox 625 3201 685 3260; x_wconf 90' lang='lat' dir='ltr'><strong>nisi</strong></span> <span class='ocrx_word' id='word_1_362' title='bbox 696 3201 1064 3280; x_wconf 83' lang='lat' dir='ltr'><strong>omuemproprietctem</strong></span> <span class='ocrx_word' id='word_1_363' title='bbox 1075 3203 1249 3263; x_wconf 91' lang='lat' dir='ltr'><strong>verborum</strong></span> <span class='ocrx_word' id='word_1_364' title='bbox 1262 3203 1417 3263; x_wconf 87' lang='lat' dir='ltr'><strong>sublatam</strong></span> <span class='ocrx_word' id='word_1_365' title='bbox 1432 3206 1486 3264; x_wconf 88' lang='lat' dir='ltr'><strong>aut</strong></span> <span class='ocrx_word' id='word_1_366' title='bbox 1499 3202 1677 3280; x_wconf 83' lang='lat' dir='ltr'><strong>neglectam</strong></span> <span class='ocrx_word' id='word_1_367' title='bbox 1693 3201 1838 3264; x_wconf 87' lang='lat' dir='ltr'><strong>volueris.</strong></span> 
     </span>
     <span class='ocr_line' id='line_1_34' title="bbox 512 3300 1840 3378; baseline 0.003 -20"><span class='ocrx_word' id='word_1_368' title='bbox 512 3300 546 3358; x_wconf 91' lang='lat' dir='ltr'><strong>ln</strong></span> <span class='ocrx_word' id='word_1_369' title='bbox 557 3300 662 3376; x_wconf 88' lang='lat' dir='ltr'><strong>priore</strong></span> <span class='ocrx_word' id='word_1_370' title='bbox 673 3305 762 3376; x_wconf 88' lang='lat' dir='ltr'><strong>parte</strong></span> <span class='ocrx_word' id='word_1_371' title='bbox 775 3300 882 3376; x_wconf 89' lang='lat' dir='ltr'><strong>itaque</strong></span> <span class='ocrx_word' id='word_1_372' title='bbox 896 3301 936 3360; x_wconf 91' lang='lat' dir='ltr'><strong>de</strong></span> <span class='ocrx_word' id='word_1_373' title='bbox 947 3317 979 3360; x_wconf 91' lang='lat' dir='ltr'><strong>se</strong></span> <span class='ocrx_word' id='word_1_374' title='bbox 992 3304 1154 3376; x_wconf 87' lang='lat' dir='ltr'><strong>tamquam</strong></span> <span class='ocrx_word' id='word_1_375' title='bbox 1168 3318 1250 3378; x_wconf 91' lang='lat' dir='ltr'><strong>pane</strong></span> <span class='ocrx_word' id='word_1_376' title='bbox 1261 3317 1298 3360; x_wconf 94' lang='lat' dir='ltr'><strong>ea</strong></span> <span class='ocrx_word' id='word_1_377' title='bbox 1309 3301 1433 3360; x_wconf 90' lang='lat' dir='ltr'><strong>ratione</strong></span> <span class='ocrx_word' id='word_1_378' title='bbox 1445 3300 1600 3378; x_wconf 90' lang='lat' dir='ltr'><strong>loquitur,</strong></span> <span class='ocrx_word' id='word_1_379' title='bbox 1615 3301 1720 3378; x_wconf 90' lang='lat' dir='ltr'><strong>quain</strong></span> <span class='ocrx_word' id='word_1_380' title='bbox 1734 3304 1840 3362; x_wconf 88' lang='lat' dir='ltr'><strong>vetere</strong></span> 
     </span>
     <span class='ocr_line' id='line_1_35' title="bbox 511 3397 1838 3474; baseline 0.002 -18"><span class='ocrx_word' id='word_1_381' title='bbox 511 3412 640 3472; x_wconf 91' lang='lat' dir='ltr'><strong>quoque</strong></span> <span class='ocrx_word' id='word_1_382' title='bbox 659 3400 850 3456; x_wconf 86' lang='lat' dir='ltr'><strong>testamento</strong></span> <span class='ocrx_word' id='word_1_383' title='bbox 865 3397 1029 3474; x_wconf 84' lang='lat' dir='ltr'><strong>Sapientia</strong></span> <span class='ocrx_word' id='word_1_384' title='bbox 1042 3398 1178 3474; x_wconf 89' lang='lat' dir='ltr'><strong>loquens</strong></span> <span class='ocrx_word' id='word_1_385' title='bbox 1195 3397 1361 3459; x_wconf 90' lang='lat' dir='ltr'><strong>inducitur</strong></span> <span class='ocrx_word' id='word_1_386' title='bbox 1375 3399 1478 3468; x_wconf 88' lang='lat' dir='ltr'><strong>(Prov.</strong></span> <span class='ocrx_word' id='word_1_387' title='bbox 1493 3399 1557 3468; x_wconf 81' lang='lat'><strong>9,5.</strong></span> <span class='ocrx_word' id='word_1_388' title='bbox 1572 3397 1668 3458; x_wconf 80' lang='lat' dir='ltr'><strong>Eccli.</strong></span> <span class='ocrx_word' id='word_1_389' title='bbox 1686 3400 1771 3472; x_wconf 83' lang='lat' dir='ltr'><strong>t5,3;</strong></span> <span class='ocrx_word' id='word_1_390' title='bbox 1788 3401 1838 3468; x_wconf 74' lang='lat'><strong>24,</strong></span> 
     </span>
     <span class='ocr_line' id='line_1_36' title="bbox 509 3493 1839 3574; baseline 0.001 -20"><span class='ocrx_word' id='word_1_391' title='bbox 509 3493 575 3572; x_wconf 72' lang='lat'><strong>29);</strong></span> <span class='ocrx_word' id='word_1_392' title='bbox 593 3494 625 3552; x_wconf 91' lang='lat' dir='ltr'><strong>in</strong></span> <span class='ocrx_word' id='word_1_393' title='bbox 640 3494 738 3554; x_wconf 88' lang='lat' dir='ltr'><strong>altera</strong></span> <span class='ocrx_word' id='word_1_394' title='bbox 758 3494 799 3554; x_wconf 91' lang='lat' dir='ltr'><strong>de</strong></span> <span class='ocrx_word' id='word_1_395' title='bbox 817 3511 900 3572; x_wconf 88' lang='lat' dir='ltr'><strong>pane</strong></span> <span class='ocrx_word' id='word_1_396' title='bbox 920 3495 1146 3567; x_wconf 87' lang='lat' dir='ltr'><strong>eucharistico,</strong></span> <span class='ocrx_word' id='word_1_397' title='bbox 1166 3497 1206 3557; x_wconf 91' lang='lat' dir='ltr'><strong>dc</strong></span> <span class='ocrx_word' id='word_1_398' title='bbox 1227 3495 1379 3574; x_wconf 83' lang='lat' dir='ltr'><strong>singulari</strong></span> <span class='ocrx_word' id='word_1_399' title='bbox 1401 3495 1453 3556; x_wconf 91' lang='lat' dir='ltr'><strong>illa</strong></span> <span class='ocrx_word' id='word_1_400' title='bbox 1468 3495 1593 3556; x_wconf 87' lang='lat' dir='ltr'><strong>ratione</strong></span> <span class='ocrx_word' id='word_1_401' title='bbox 1612 3512 1673 3574; x_wconf 91' lang='lat' dir='ltr'><strong>qua</strong></span> <span class='ocrx_word' id='word_1_402' title='bbox 1693 3513 1726 3556; x_wconf 89' lang='lat' dir='ltr'><strong>se</strong></span> <span class='ocrx_word' id='word_1_403' title='bbox 1747 3497 1779 3555; x_wconf 94' lang='lat' dir='ltr'><strong>in</strong></span> <span class='ocrx_word' id='word_1_404' title='bbox 1794 3496 1839 3556; x_wconf 91' lang='lat' dir='ltr'><strong>ci-</strong></span> 
     </span>
     <span class='ocr_line' id='line_1_37' title="bbox 514 3591 1842 3672; baseline 0.002 -21"><span class='ocrx_word' id='word_1_405' title='bbox 514 3592 592 3652; x_wconf 92' lang='lat' dir='ltr'><strong>bum</strong></span> <span class='ocrx_word' id='word_1_406' title='bbox 609 3592 742 3669; x_wconf 88' lang='lat' dir='ltr'><strong>praebet</strong></span> <span class='ocrx_word' id='word_1_407' title='bbox 758 3591 855 3653; x_wconf 91' lang='lat' dir='ltr'><strong>modo</strong></span> <span class='ocrx_word' id='word_1_408' title='bbox 875 3593 967 3670; x_wconf 83' lang='lat' dir='ltr'><strong>longe</strong></span> <span class='ocrx_word' id='word_1_409' title='bbox 983 3594 1164 3655; x_wconf 89' lang='lat' dir='ltr'><strong>sublimiori</strong></span> <span class='ocrx_word' id='word_1_410' title='bbox 1183 3610 1278 3672; x_wconf 88' lang='lat' dir='ltr'><strong>quam</strong></span> <span class='ocrx_word' id='word_1_411' title='bbox 1296 3593 1373 3654; x_wconf 91' lang='lat' dir='ltr'><strong>olim</strong></span> <span class='ocrx_word' id='word_1_412' title='bbox 1394 3595 1426 3653; x_wconf 93' lang='lat' dir='ltr'><strong>in</strong></span> <span class='ocrx_word' id='word_1_413' title='bbox 1443 3598 1549 3654; x_wconf 82' lang='lat' dir='ltr'><strong>vetere</strong></span> <span class='ocrx_word' id='word_1_414' title='bbox 1565 3593 1765 3654; x_wconf 84' lang='lat' dir='ltr'><strong>testamento.</strong></span> <span class='ocrx_word' id='word_1_415' title='bbox 1782 3595 1842 3653; x_wconf 88' lang='lat' dir='ltr'><strong>Ne·</strong></span> 
     </span>
     <span class='ocr_line' id='line_1_38' title="bbox 513 3689 1840 3770; baseline 0.001 -20"><span class='ocrx_word' id='word_1_416' title='bbox 513 3707 574 3766; x_wconf 88' lang='lat' dir='ltr'><strong>que</strong></span> <span class='ocrx_word' id='word_1_417' title='bbox 593 3689 685 3750; x_wconf 89' lang='lat' dir='ltr'><strong>video</strong></span> <span class='ocrx_word' id='word_1_418' title='bbox 706 3708 764 3752; x_wconf 90' lang='lat' dir='ltr'><strong>cur</strong></span> <span class='ocrx_word' id='word_1_419' title='bbox 783 3708 845 3750; x_wconf 90' lang='lat' dir='ltr'><strong>non</strong></span> <span class='ocrx_word' id='word_1_420' title='bbox 869 3696 1045 3753; x_wconf 89' lang='lat' dir='ltr'><strong>statuamus</strong></span> <span class='ocrx_word' id='word_1_421' title='bbox 1069 3692 1148 3753; x_wconf 86' lang='lat' dir='ltr'><strong>duas</strong></span> <span class='ocrx_word' id='word_1_422' title='bbox 1170 3692 1329 3752; x_wconf 90' lang='lat' dir='ltr'><strong>sermonis</strong></span> <span class='ocrx_word' id='word_1_423' title='bbox 1352 3697 1470 3770; x_wconf 87' lang='lat' dir='ltr'><strong>partes,</strong></span> <span class='ocrx_word' id='word_1_424' title='bbox 1487 3709 1550 3752; x_wconf 92' lang='lat' dir='ltr'><strong>non</strong></span> <span class='ocrx_word' id='word_1_425' title='bbox 1570 3693 1681 3769; x_wconf 91' lang='lat' dir='ltr'><strong>utique</strong></span> <span class='ocrx_word' id='word_1_426' title='bbox 1706 3693 1788 3752; x_wconf 88' lang='lat' dir='ltr'><strong>inter</strong></span> <span class='ocrx_word' id='word_1_427' title='bbox 1806 3708 1840 3751; x_wconf 91' lang='lat' dir='ltr'><strong>se</strong></span> 
     </span>
     <span class='ocr_line' id='line_1_39' title="bbox 516 3781 1838 3868; baseline 0.002 -22"><span class='ocrx_word' id='word_1_428' title='bbox 516 3787 656 3857; x_wconf 86' lang='lat' dir='ltr'><strong>avulsas,</strong></span> <span class='ocrx_word' id='word_1_429' title='bbox 672 3788 728 3847; x_wconf 88' lang='lat' dir='ltr'><strong>sed</strong></span> <span class='ocrx_word' id='word_1_430' title='bbox 754 3805 925 3862; x_wconf 58' lang='lat' dir='ltr'><strong>connexam</strong></span> <span class='ocrx_word' id='word_1_431' title='bbox 943 3789 977 3848; x_wconf 90' lang='lat' dir='ltr'><strong>lit</strong></span> <span class='ocrx_word' id='word_1_432' title='bbox 1000 3806 1186 3867; x_wconf 84' lang='lat' dir='ltr'><strong>progressus</strong></span> <span class='ocrx_word' id='word_1_433' title='bbox 1208 3807 1227 3848; x_wconf 89' lang='lat' dir='ltr'><strong>a</strong></span> <span class='ocrx_word' id='word_1_434' title='bbox 1249 3789 1392 3867; x_wconf 86' lang='lat' dir='ltr'><strong>generali</strong></span> <span class='ocrx_word' id='word_1_435' title='bbox 1411 3795 1597 3868; x_wconf 87' lang='lat' dir='ltr'><strong>argumento</strong></span> <span class='ocrx_word' id='word_1_436' title='bbox 1621 3790 1661 3849; x_wconf 91' lang='lat' dir='ltr'><strong>ad</strong></span> <span class='ocrx_word' id='word_1_437' title='bbox 1685 3781 1838 3868; x_wconf 86' lang='lat' dir='ltr'><strong>speciale,</strong></span> 
     </span>
     <span class='ocr_line' id='line_1_40' title="bbox 512 3885 1840 3966; baseline 0.003 -22"><span class='ocrx_word' id='word_1_438' title='bbox 512 3903 530 3944; x_wconf 86' lang='lat' dir='ltr'><strong>a</strong></span> <span class='ocrx_word' id='word_1_439' title='bbox 547 3886 608 3945; x_wconf 83' lang='lat' dir='ltr'><strong>tide</strong></span> <span class='ocrx_word' id='word_1_440' title='bbox 624 3885 654 3944; x_wconf 93' lang='lat' dir='ltr'><strong>in</strong></span> <span class='ocrx_word' id='word_1_441' title='bbox 671 3886 777 3963; x_wconf 88' lang='lat' dir='ltr'><strong>ipsum</strong></span> <span class='ocrx_word' id='word_1_442' title='bbox 794 3886 942 3947; x_wconf 86' lang='lat' dir='ltr'><strong>universa</strong></span> <span class='ocrx_word' id='word_1_443' title='bbox 955 3886 994 3946; x_wconf 87' lang='lat' dir='ltr'><strong>ad</strong></span> <span class='ocrx_word' id='word_1_444' title='bbox 1013 3887 1108 3947; x_wconf 80' lang='lat' dir='ltr'><strong>sidem</strong></span> <span class='ocrx_word' id='word_1_445' title='bbox 1135 3887 1166 3946; x_wconf 88' lang='lat' dir='ltr'><strong>iu</strong></span> <span class='ocrx_word' id='word_1_446' title='bbox 1191 3904 1294 3947; x_wconf 89' lang='lat' dir='ltr'><strong>unum</strong></span> <span class='ocrx_word' id='word_1_447' title='bbox 1315 3887 1522 3965; x_wconf 88' lang='lat' dir='ltr'><strong>mysterium,</strong></span> <span class='ocrx_word' id='word_1_448' title='bbox 1539 3885 1580 3948; x_wconf 92' lang='lat' dir='ltr'><strong>ad</strong></span> <span class='ocrx_word' id='word_1_449' title='bbox 1600 3886 1684 3965; x_wconf 91' lang='lat' dir='ltr'><strong>quod</strong></span> <span class='ocrx_word' id='word_1_450' title='bbox 1704 3887 1840 3966; x_wconf 87' lang='lat' dir='ltr'><strong>amplec-</strong></span> 
     </span>
     <span class='ocr_line' id='line_1_41' title="bbox 512 3974 1841 4063; baseline 0.001 -20"><span class='ocrx_word' id='word_1_451' title='bbox 512 3984 646 4044; x_wconf 91' lang='lat' dir='ltr'><strong>tendum</strong></span> <span class='ocrx_word' id='word_1_452' title='bbox 668 3974 762 4061; x_wconf 86' lang='lat' dir='ltr'><strong>quam</strong></span> <span class='ocrx_word' id='word_1_453' title='bbox 784 3983 920 4045; x_wconf 82' lang='lat' dir='ltr'><strong>maxime</strong></span> <span class='ocrx_word' id='word_1_454' title='bbox 946 3985 1036 4045; x_wconf 86' lang='lat' dir='ltr'><strong>firma</strong></span> <span class='ocrx_word' id='word_1_455' title='bbox 1060 4003 1129 4045; x_wconf 89' lang='lat' dir='ltr'><strong>csse</strong></span> <span class='ocrx_word' id='word_1_456' title='bbox 1152 3985 1248 4046; x_wconf 88' lang='lat' dir='ltr'><strong>debet</strong></span> <span class='ocrx_word' id='word_1_457' title='bbox 1270 3984 1348 4045; x_wconf 86' lang='lat' dir='ltr'><strong>tides</strong></span> <span class='ocrx_word' id='word_1_458' title='bbox 1374 3985 1429 4046; x_wconf 88' lang='lat' dir='ltr'><strong>illa</strong></span> <span class='ocrx_word' id='word_1_459' title='bbox 1449 3984 1606 4063; x_wconf 86' lang='lat' dir='ltr'><strong>generalis</strong></span> <span class='ocrx_word' id='word_1_460' title='bbox 1626 3984 1659 4043; x_wconf 92' lang='lat' dir='ltr'><strong>in</strong></span> <span class='ocrx_word' id='word_1_461' title='bbox 1682 3985 1841 4063; x_wconf 89' lang='lat' dir='ltr'><strong>ipsum,a</strong></span> 
     </span>
    </p>
   </div>
   <div class='ocr_carea' id='block_1_17' title="bbox 511 4076 2013 4259">
    <p class='ocr_par' dir='ltr' id='par_1_17' title="bbox 511 4076 2024 4259">
     <span class='ocr_line' id='line_1_42' title="bbox 511 4076 2013 4167; baseline 0.001 -27"><span class='ocrx_word' id='word_1_462' title='bbox 511 4081 755 4141; x_wconf 87' lang='lat' dir='ltr'><strong>manducatione</strong></span> <span class='ocrx_word' id='word_1_463' title='bbox 784 4083 904 4160; x_wconf 88' lang='lat' dir='ltr'><strong>tropica</strong></span> <span class='ocrx_word' id='word_1_464' title='bbox 927 4083 1087 4160; x_wconf 88' lang='lat' dir='ltr'><strong>spirituali</strong></span> <span class='ocrx_word' id='word_1_465' title='bbox 1111 4083 1150 4143; x_wconf 90' lang='lat' dir='ltr'><strong>ad</strong></span> <span class='ocrx_word' id='word_1_466' title='bbox 1179 4082 1462 4144; x_wconf 89' lang='lat' dir='ltr'><strong>manducationem</strong></span> <span class='ocrx_word' id='word_1_467' title='bbox 1485 4100 1568 4160; x_wconf 90' lang='lat' dir='ltr'><strong>quae</strong></span> <span class='ocrx_word' id='word_1_468' title='bbox 1585 4083 1679 4143; x_wconf 92' lang='lat' dir='ltr'><strong>simul</strong></span> <span class='ocrx_word' id='word_1_469' title='bbox 1704 4082 1745 4142; x_wconf 90' lang='lat' dir='ltr'><strong>sit</strong></span> <span class='ocrx_word' id='word_1_470' title='bbox 1766 4098 1840 4142; x_wconf 84' lang='lat' dir='ltr'><strong>vera</strong></span> <span class='ocrx_word' id='word_1_471' title='bbox 1935 4088 1961 4167; x_wconf 56' lang='lat' dir='ltr'><em>J</em></span> <span class='ocrx_word' id='word_1_472' title='bbox 1984 4076 2013 4164; x_wconf 42' lang='lat' dir='ltr'><strong>f,</strong></span> 
     </span>
     <span class='ocr_line' id='line_1_43' title="bbox 513 4179 1896 4259; baseline 0.001 -20"><span class='ocrx_word' id='word_1_473' title='bbox 513 4185 545 4239; x_wconf 87' lang='lat' dir='ltr'><strong>ct</strong></span> <span class='ocrx_word' id='word_1_474' title='bbox 564 4180 751 4256; x_wconf 87' lang='lat' dir='ltr'><strong>spiritualis,</strong></span> <span class='ocrx_word' id='word_1_475' title='bbox 774 4180 813 4239; x_wconf 89' lang='lat' dir='ltr'><strong>ab</strong></span> <span class='ocrx_word' id='word_1_476' title='bbox 836 4181 954 4240; x_wconf 90' lang='lat' dir='ltr'><strong>unione</strong></span> <span class='ocrx_word' id='word_1_477' title='bbox 977 4197 1032 4259; x_wconf 87' lang='lat' dir='ltr'><strong>par</strong></span> <span class='ocrx_word' id='word_1_478' title='bbox 1053 4179 1149 4240; x_wconf 83' lang='lat' dir='ltr'><strong>fidem</strong></span> <span class='ocrx_word' id='word_1_479' title='bbox 1170 4180 1209 4240; x_wconf 88' lang='lat' dir='ltr'><strong>ad</strong></span> <span class='ocrx_word' id='word_1_480' title='bbox 1232 4181 1387 4240; x_wconf 89' lang='lat' dir='ltr'><strong>unionem</strong></span> <span class='ocrx_word' id='word_1_481' title='bbox 1408 4197 1465 4257; x_wconf 88' lang='lat' dir='ltr'><strong>per</strong></span> <span class='ocrx_word' id='word_1_482' title='bbox 1484 4184 1725 4241; x_wconf 85' lang='lat' dir='ltr'><strong>sacramentum.</strong></span> <span class='ocrx_word' id='word_1_483' title='bbox 1744 4181 1841 4240; x_wconf 86' lang='lat' dir='ltr'><strong>litut</strong></span> <span class='ocrx_word' id='word_1_484' title='bbox 1893 4250 1896 4255; x_wconf 39' lang='grc'><em>,</em></span> 
     </span>
    </p>
   </div>
   <div class='ocr_carea' id='block_1_18' title="bbox 511 4276 1839 4650">
    <p class='ocr_par' dir='ltr' id='par_1_18' title="bbox 511 4276 1839 4650">
     <span class='ocr_line' id='line_1_44' title="bbox 511 4276 1839 4356; baseline 0.002 -20"><span class='ocrx_word' id='word_1_485' title='bbox 511 4278 609 4337; x_wconf 79' lang='lat' dir='ltr'><strong>fatear</strong></span> <span class='ocrx_word' id='word_1_486' title='bbox 624 4278 708 4356; x_wconf 89' lang='lat' dir='ltr'><strong>quod</strong></span> <span class='ocrx_word' id='word_1_487' title='bbox 724 4277 851 4337; x_wconf 87' lang='lat' dir='ltr'><strong>sentio:</strong></span> <span class='ocrx_word' id='word_1_488' title='bbox 873 4294 931 4356; x_wconf 89' lang='lat' dir='ltr'><strong>ego</strong></span> <span class='ocrx_word' id='word_1_489' title='bbox 952 4279 1082 4356; x_wconf 90' lang='lat' dir='ltr'><strong>quidem</strong></span> <span class='ocrx_word' id='word_1_490' title='bbox 1104 4294 1168 4337; x_wconf 91' lang='lat' dir='ltr'><strong>non</strong></span> <span class='ocrx_word' id='word_1_491' title='bbox 1190 4276 1349 4355; x_wconf 83' lang='lat' dir='ltr'><strong>intelligo,</strong></span> <span class='ocrx_word' id='word_1_492' title='bbox 1366 4294 1421 4338; x_wconf 92' lang='lat' dir='ltr'><strong>cur</strong></span> <span class='ocrx_word' id='word_1_493' title='bbox 1438 4279 1510 4338; x_wconf 88' lang='lat' dir='ltr'><strong>talis</strong></span> <span class='ocrx_word' id='word_1_494' title='bbox 1531 4277 1751 4356; x_wconf 89' lang='lat' dir='ltr'><strong>interpretatio</strong></span> <span class='ocrx_word' id='word_1_495' title='bbox 1771 4295 1839 4340; x_wconf 89' lang='lat' dir='ltr'><strong>ser-</strong></span> 
     </span>
     <span class='ocr_line' id='line_1_45' title="bbox 512 4373 1838 4452; baseline 0.004 -19"><span class='ocrx_word' id='word_1_496' title='bbox 512 4377 617 4435; x_wconf 88' lang='lat' dir='ltr'><strong>monis</strong></span> <span class='ocrx_word' id='word_1_497' title='bbox 642 4374 824 4435; x_wconf 87' lang='lat' dir='ltr'><strong>traducatur</strong></span> <span class='ocrx_word' id='word_1_498' title='bbox 840 4382 871 4434; x_wconf 89' lang='lat' dir='ltr'><strong>et</strong></span> <span class='ocrx_word' id='word_1_499' title='bbox 891 4375 1142 4452; x_wconf 84' lang='lat' dir='ltr'><strong>reprehendatur</strong></span> <span class='ocrx_word' id='word_1_500' title='bbox 1163 4379 1325 4452; x_wconf 88' lang='lat' dir='ltr'><strong>tamquam</strong></span> <span class='ocrx_word' id='word_1_501' title='bbox 1347 4400 1362 4430; x_wconf 90' lang='lat'>«</span> <span class='ocrx_word' id='word_1_502' title='bbox 1379 4376 1581 4436; x_wconf 88' lang='lat' dir='ltr'><strong>introducens</strong></span> <span class='ocrx_word' id='word_1_503' title='bbox 1602 4376 1634 4434; x_wconf 92' lang='lat' dir='ltr'><strong>in</strong></span> <span class='ocrx_word' id='word_1_504' title='bbox 1656 4373 1838 4438; x_wconf 82' lang='lat' dir='ltr'><strong>contextum</strong></span> 
     </span>
     <span class='ocr_line' id='line_1_46' title="bbox 511 4473 1837 4551; baseline 0.002 -20"><span class='ocrx_word' id='word_1_505' title='bbox 511 4473 651 4550; x_wconf 88' lang='lat' dir='ltr'><strong>aliquam</strong></span> <span class='ocrx_word' id='word_1_506' title='bbox 668 4473 913 4533; x_wconf 87' lang='lat' dir='ltr'><strong>inconstantiam</strong></span> <span class='ocrx_word' id='word_1_507' title='bbox 928 4474 1006 4532; x_wconf 90' lang='lat' dir='ltr'><strong>etin</strong></span> <span class='ocrx_word' id='word_1_508' title='bbox 1019 4475 1125 4534; x_wconf 85' lang='lat' dir='ltr'><strong>verbis</strong></span> <span class='ocrx_word' id='word_1_509' title='bbox 1140 4473 1255 4534; x_wconf 88' lang='lat' dir='ltr'><strong>Christi</strong></span> <span class='ocrx_word' id='word_1_510' title='bbox 1269 4474 1366 4534; x_wconf 89' lang='lat' dir='ltr'><strong>talem</strong></span> <span class='ocrx_word' id='word_1_511' title='bbox 1378 4474 1605 4534; x_wconf 88' lang='lat' dir='ltr'><strong>obscuritatem</strong></span> <span class='ocrx_word' id='word_1_512' title='bbox 1622 4474 1750 4551; x_wconf 90' lang='lat' dir='ltr'><strong>qualem</strong></span> <span class='ocrx_word' id='word_1_513' title='bbox 1766 4475 1837 4534; x_wconf 88' lang='lat' dir='ltr'><strong>lim·</strong></span> 
     </span>
     <span class='ocr_line' id='line_1_47' title="bbox 512 4569 1760 4650; baseline 0 -21"><span class='ocrx_word' id='word_1_514' title='bbox 512 4571 699 4645; x_wconf 86' lang='lat' dir='ltr'><strong>pidissimus</strong></span> <span class='ocrx_word' id='word_1_515' title='bbox 712 4577 854 4631; x_wconf 84' lang='lat' dir='ltr'><strong>narrator</strong></span> <span class='ocrx_word' id='word_1_516' title='bbox 867 4571 1000 4631; x_wconf 84' lang='lat' dir='ltr'><strong>loannes</strong></span> <span class='ocrx_word' id='word_1_517' title='bbox 1016 4573 1148 4632; x_wconf 89' lang='lat' dir='ltr'><strong>minime</strong></span> <span class='ocrx_word' id='word_1_518' title='bbox 1164 4572 1389 4649; x_wconf 79' lang='lat' dir='ltr'><strong>inexplicatum</strong></span> <span class='ocrx_word' id='word_1_519' title='bbox 1405 4571 1588 4646; x_wconf 89' lang='lat' dir='ltr'><strong>reliquisset</strong></span> <span class='ocrx_word' id='word_1_520' title='bbox 1603 4593 1617 4624; x_wconf 78' lang='lat' dir='ltr'><strong>u</strong></span> <span class='ocrx_word' id='word_1_521' title='bbox 1635 4569 1760 4650; x_wconf 79' lang='lat' dir='ltr'><strong>(Cortt.</strong></span> 
     </span>
    </p>
   </div>
   <div class='ocr_carea' id='block_1_19' title="bbox 560 4747 1838 4818">
    <p class='ocr_par' dir='ltr' id='par_1_19' title="bbox 560 4747 1838 4818">
     <span class='ocr_line' id='line_1_48' title="bbox 560 4747 1838 4818; baseline 0.005 -6"><span class='ocrx_word' id='word_1_522' title='bbox 560 4752 633 4814; x_wconf 81' lang='lat' dir='ltr'><strong>Post</strong></span> <span class='ocrx_word' id='word_1_523' title='bbox 656 4756 705 4816; x_wconf 91' lang='lat' dir='ltr'><strong>tot</strong></span> <span class='ocrx_word' id='word_1_524' title='bbox 732 4749 854 4816; x_wconf 82' lang='lat' dir='ltr'><strong>Christi</strong></span> <span class='ocrx_word' id='word_1_525' title='bbox 877 4747 1045 4815; x_wconf 86' lang='lat' dir='ltr'><strong>miracula</strong></span> <span class='ocrx_word' id='word_1_526' title='bbox 1062 4747 1237 4817; x_wconf 89' lang='lat' dir='ltr'><strong>debebant</strong></span> <span class='ocrx_word' id='word_1_527' title='bbox 1254 4750 1536 4817; x_wconf 89' lang='lat' dir='ltr'><strong>sermonem-eius</strong></span> <span class='ocrx_word' id='word_1_528' title='bbox 1554 4772 1631 4817; x_wconf 91' lang='lat' dir='ltr'><strong>cum</strong></span> <span class='ocrx_word' id='word_1_529' title='bbox 1649 4750 1838 4818; x_wconf 86' lang='lat' dir='ltr'><strong>reverentia</strong></span> 
     </span>
    </p>
   </div>
   <div class='ocr_carea' id='block_1_20' title="bbox 0 0 2033 5648">
    <p class='ocr_par' dir='ltr' id='par_1_20' title="bbox 0 0 2033 5648">
     <span class='ocr_line' id='line_1_49' title="bbox 0 0 2033 5648; baseline 0 0"><span class='ocrx_word' id='word_1_530' title='bbox 0 0 2033 5648; x_wconf 95' lang='lat' dir='ltr'><strong> </strong></span> 
     </span>
    </p>
   </div>
  </div>
 </body>
</html>
