<?xml version="1.0" encoding="UTF-8"?>
<!DOCTYPE html PUBLIC "-//W3C//DTD XHTML 1.0 Transitional//EN"
    "http://www.w3.org/TR/xhtml1/DTD/xhtml1-transitional.dtd">
<html xmlns="http://www.w3.org/1999/xhtml" xml:lang="en" lang="en">
 <head>
  <title>
</title>
<meta http-equiv="Content-Type" content="text/html;charset=utf-8" />
  <meta name='ocr-system' content='tesseract 3.04.00' />
  <meta name='ocr-capabilities' content='ocr_page ocr_carea ocr_par ocr_line ocrx_word'/>
</head>
<body>
  <div class='ocr_page' id='page_1' title='image "./commentariusinq00knabgoog_0063.png"; bbox 0 0 4050 5648; ppageno 0'>
   <div class='ocr_carea' id='block_1_1' title="bbox 320 468 1415 567">
    <p class='ocr_par' dir='ltr' id='par_1_1' title="bbox 241 468 1415 593">
     <span class='ocr_line' id='line_1_1' title="bbox 320 468 1415 567; baseline 0 -14"><span class='ocrx_word' id='word_1_1' title='bbox 263 468 383 496; x_wconf 64' lang='lat'><em>&#39;</em></span> <span class='ocrx_word' id='word_1_2' title='bbox 484 507 523 567; x_wconf 70' lang='lat'><strong>48</strong></span> <span class='ocrx_word' id='word_1_3' title='bbox 880 483 960 567; x_wconf 73' lang='lat' dir='ltr'><strong>ause</strong></span> <span class='ocrx_word' id='word_1_4' title='bbox 976 512 1030 556; x_wconf 81' lang='lat' dir='ltr'><strong>sir</strong></span> <span class='ocrx_word' id='word_1_5' title='bbox 1052 512 1257 562; x_wconf 75' lang='lat' dir='ltr'><strong>narracionis</strong></span> <span class='ocrx_word' id='word_1_6' title='bbox 1278 496 1415 558; x_wconf 78' lang='lat' dir='ltr'><strong>innocus.</strong></span> 
     </span>
    </p>
   </div>
   <div class='ocr_carea' id='block_1_2' title="bbox 438 631 1811 1161">
    <p class='ocr_par' dir='ltr' id='par_1_2' title="bbox 438 631 1811 1161">
     <span class='ocr_line' id='line_1_2' title="bbox 528 631 1807 741; baseline 0.001 -28"><span class='ocrx_word' id='word_1_7' title='bbox 528 653 594 713; x_wconf 90' lang='lat' dir='ltr'><strong>lloc</strong></span> <span class='ocrx_word' id='word_1_8' title='bbox 612 648 640 714; x_wconf 91' lang='lat' dir='ltr'><strong>si</strong></span> <span class='ocrx_word' id='word_1_9' title='bbox 660 650 867 728; x_wconf 79' lang='lat' dir='ltr'><strong>attenderis,</strong></span> <span class='ocrx_word' id='word_1_10' title='bbox 884 647 1010 734; x_wconf 87' lang='lat' dir='ltr'><strong>partim</strong></span> <span class='ocrx_word' id='word_1_11' title='bbox 1033 646 1136 714; x_wconf 91' lang='lat' dir='ltr'><strong>etiam</strong></span> <span class='ocrx_word' id='word_1_12' title='bbox 1158 642 1358 741; x_wconf 85' lang='lat' dir='ltr'><strong>responsum</strong></span> <span class='ocrx_word' id='word_1_13' title='bbox 1380 646 1491 712; x_wconf 88' lang='lat' dir='ltr'><strong>estad</strong></span> <span class='ocrx_word' id='word_1_14' title='bbox 1508 631 1671 728; x_wconf 78' lang='lat' dir='ltr'><strong>alterum,</strong></span> <span class='ocrx_word' id='word_1_15' title='bbox 1692 645 1807 714; x_wconf 86' lang='lat' dir='ltr'><strong>obiec-</strong></span> 
     </span>
     <span class='ocr_line' id='line_1_3' title="bbox 482 752 1807 847; baseline 0.001 -26"><span class='ocrx_word' id='word_1_16' title='bbox 482 757 589 821; x_wconf 91' lang='lat' dir='ltr'><strong>tiones</strong></span> <span class='ocrx_word' id='word_1_17' title='bbox 619 759 701 846; x_wconf 91' lang='lat' dir='ltr'><strong>poni</strong></span> <span class='ocrx_word' id='word_1_18' title='bbox 728 778 816 847; x_wconf 89' lang='lat' dir='ltr'><strong>quae</strong></span> <span class='ocrx_word' id='word_1_19' title='bbox 841 773 912 817; x_wconf 92' lang='lat' dir='ltr'><strong>non</strong></span> <span class='ocrx_word' id='word_1_20' title='bbox 939 753 983 819; x_wconf 90' lang='lat' dir='ltr'><strong>ab</strong></span> <span class='ocrx_word' id='word_1_21' title='bbox 1009 753 1212 842; x_wconf 79' lang='lat' dir='ltr'><strong>aequalibus</strong></span> <span class='ocrx_word' id='word_1_22' title='bbox 1238 762 1328 834; x_wconf 87' lang='lat' dir='ltr'><strong>lesu,</strong></span> <span class='ocrx_word' id='word_1_23' title='bbox 1355 752 1414 819; x_wconf 91' lang='lat' dir='ltr'><strong>sed</strong></span> <span class='ocrx_word' id='word_1_24' title='bbox 1442 754 1626 839; x_wconf 87' lang='lat' dir='ltr'><strong>posteriorc</strong></span> <span class='ocrx_word' id='word_1_25' title='bbox 1650 756 1807 843; x_wconf 87' lang='lat' dir='ltr'><strong>tempore</strong></span> 
     </span>
     <span class='ocr_line' id='line_1_4' title="bbox 480 857 1808 951; baseline 0.002 -25"><span class='ocrx_word' id='word_1_26' title='bbox 480 862 589 928; x_wconf 86' lang='lat' dir='ltr'><strong>sactae</strong></span> <span class='ocrx_word' id='word_1_27' title='bbox 614 873 705 932; x_wconf 92' lang='lat' dir='ltr'><strong>sunt.</strong></span> <span class='ocrx_word' id='word_1_28' title='bbox 727 868 810 929; x_wconf 89' lang='lat' dir='ltr'><strong>Nam</strong></span> <span class='ocrx_word' id='word_1_29' title='bbox 834 857 863 923; x_wconf 94' lang='lat' dir='ltr'><strong>si</strong></span> <span class='ocrx_word' id='word_1_30' title='bbox 887 858 1003 927; x_wconf 90' lang='lat' dir='ltr'><strong>docuit</strong></span> <span class='ocrx_word' id='word_1_31' title='bbox 1023 859 1064 925; x_wconf 90' lang='lat' dir='ltr'><strong>de</strong></span> <span class='ocrx_word' id='word_1_32' title='bbox 1086 880 1137 942; x_wconf 90' lang='lat' dir='ltr'><strong>se,</strong></span> <span class='ocrx_word' id='word_1_33' title='bbox 1156 863 1205 928; x_wconf 91' lang='lat' dir='ltr'><strong>uti</strong></span> <span class='ocrx_word' id='word_1_34' title='bbox 1231 883 1270 928; x_wconf 86' lang='lat' dir='ltr'><strong>ex</strong></span> <span class='ocrx_word' id='word_1_35' title='bbox 1291 858 1476 948; x_wconf 85' lang='lat' dir='ltr'><strong>synopticis</strong></span> <span class='ocrx_word' id='word_1_36' title='bbox 1495 882 1632 951; x_wconf 89' lang='lat' dir='ltr'><strong>quoque</strong></span> <span class='ocrx_word' id='word_1_37' title='bbox 1654 859 1808 928; x_wconf 83' lang='lat' dir='ltr'><strong>docuisse</strong></span> 
     </span>
     <span class='ocr_line' id='line_1_5' title="bbox 480 965 1810 1056; baseline -0.001 -22"><span class='ocrx_word' id='word_1_38' title='bbox 480 969 699 1038; x_wconf 82' lang='lat' dir='ltr'><strong>manifestum</strong></span> <span class='ocrx_word' id='word_1_39' title='bbox 719 971 783 1044; x_wconf 90' lang='lat' dir='ltr'><strong>est,</strong></span> <span class='ocrx_word' id='word_1_40' title='bbox 804 965 975 1052; x_wconf 90' lang='lat' dir='ltr'><strong>pharisaei</strong></span> <span class='ocrx_word' id='word_1_41' title='bbox 995 987 1131 1056; x_wconf 93' lang='lat' dir='ltr'><strong>qnoque</strong></span> <span class='ocrx_word' id='word_1_42' title='bbox 1151 976 1184 1035; x_wconf 92' lang='lat' dir='ltr'><strong>et</strong></span> <span class='ocrx_word' id='word_1_43' title='bbox 1205 965 1337 1035; x_wconf 90' lang='lat' dir='ltr'><strong>scribae</strong></span> <span class='ocrx_word' id='word_1_44' title='bbox 1356 967 1388 1033; x_wconf 94' lang='lat' dir='ltr'><strong>ei</strong></span> <span class='ocrx_word' id='word_1_45' title='bbox 1402 965 1702 1047; x_wconf 78' lang='lat' dir='ltr'>contradicebant,</span> <span class='ocrx_word' id='word_1_46' title='bbox 1724 965 1810 1033; x_wconf 92' lang='lat' dir='ltr'><strong>obii-</strong></span> 
     </span>
     <span class='ocr_line' id='line_1_6' title="bbox 438 1069 1811 1161; baseline -0.002 -20"><span class='ocrx_word' id='word_1_47' title='bbox 438 1116 441 1124; x_wconf 91' lang='lat'>·</span> <span class='ocrx_word' id='word_1_48' title='bbox 480 1075 643 1144; x_wconf 91' lang='lat' dir='ltr'><strong>ciebant:</strong></span> <span class='ocrx_word' id='word_1_49' title='bbox 665 1069 759 1139; x_wconf 87' lang='lat' dir='ltr'><strong>tude</strong></span> <span class='ocrx_word' id='word_1_50' title='bbox 783 1076 816 1137; x_wconf 94' lang='lat' dir='ltr'><strong>te</strong></span> <span class='ocrx_word' id='word_1_51' title='bbox 839 1071 1070 1140; x_wconf 86' lang='lat' dir='ltr'><strong>testimonium</strong></span> <span class='ocrx_word' id='word_1_52' title='bbox 1095 1074 1270 1161; x_wconf 58' lang='lat' dir='ltr'><strong>perhibes</strong></span> <span class='ocrx_word' id='word_1_53' title='bbox 1292 1071 1524 1141; x_wconf 82' lang='lat' dir='ltr'><strong>testimonium</strong></span> <span class='ocrx_word' id='word_1_54' title='bbox 1550 1077 1647 1140; x_wconf 93' lang='lat' dir='ltr'><strong>tuum</strong></span> <span class='ocrx_word' id='word_1_55' title='bbox 1667 1095 1737 1139; x_wconf 94' lang='lat' dir='ltr'><strong>non</strong></span> <span class='ocrx_word' id='word_1_56' title='bbox 1761 1077 1811 1139; x_wconf 88' lang='lat' dir='ltr'><strong>est</strong></span> 
     </span>
    </p>
   </div>
   <div class='ocr_carea' id='block_1_3' title="bbox 249 1177 1812 1289">
    <p class='ocr_par' dir='ltr' id='par_1_3' title="bbox 248 1138 1812 1289">
     <span class='ocr_line' id='line_1_7' title="bbox 249 1177 1812 1289; baseline 0.011 -57.989"><span class='ocrx_word' id='word_1_57' title='bbox 249 1244 328 1289; x_wconf 67' lang='lat'><strong>,</strong></span> <span class='ocrx_word' id='word_1_58' title='bbox 379 1234 381 1239; x_wconf 85' lang='grc'>,</span> <span class='ocrx_word' id='word_1_59' title='bbox 448 1222 449 1225; x_wconf 63' lang='lat'><strong>,</strong></span> <span class='ocrx_word' id='word_1_60' title='bbox 481 1206 598 1250; x_wconf 73' lang='lat' dir='ltr'><strong>verum</strong></span> <span class='ocrx_word' id='word_1_61' title='bbox 617 1180 722 1267; x_wconf 79' lang='lat'><strong>(8‚13)</strong></span> <span class='ocrx_word' id='word_1_62' title='bbox 742 1177 1812 1269; x_wconf 80' lang='lat' dir='ltr'><strong>et:nonnehicestsrliusloseph:quomodoergodicittquia</strong></span> 
     </span>
    </p>
   </div>
   <div class='ocr_carea' id='block_1_4' title="bbox 482 1283 1813 1482">
    <p class='ocr_par' dir='ltr' id='par_1_4' title="bbox 482 1283 1813 1482">
     <span class='ocr_line' id='line_1_8' title="bbox 482 1283 1813 1375; baseline -0.003 -19"><span class='ocrx_word' id='word_1_63' title='bbox 482 1289 524 1356; x_wconf 90' lang='lat' dir='ltr'><strong>de</strong></span> <span class='ocrx_word' id='word_1_64' title='bbox 539 1286 634 1355; x_wconf 86' lang='lat' dir='ltr'><strong>coelo</strong></span> <span class='ocrx_word' id='word_1_65' title='bbox 646 1283 807 1352; x_wconf 93' lang='lat' dir='ltr'><strong>descendi</strong></span> <span class='ocrx_word' id='word_1_66' title='bbox 821 1285 945 1375; x_wconf 56' lang='lat' dir='ltr'><strong>(mli</strong></span> <span class='ocrx_word' id='word_1_67' title='bbox 968 1287 1143 1373; x_wconf 92' lang='lat' dir='ltr'><strong>quomodo</strong></span> <span class='ocrx_word' id='word_1_68' title='bbox 1163 1287 1219 1353; x_wconf 94' lang='lat' dir='ltr'><strong>hic</strong></span> <span class='ocrx_word' id='word_1_69' title='bbox 1235 1284 1367 1353; x_wconf 78' lang='lat' dir='ltr'><strong>litteras</strong></span> <span class='ocrx_word' id='word_1_70' title='bbox 1378 1287 1452 1368; x_wconf 90' lang='lat' dir='ltr'><strong>scit,</strong></span> <span class='ocrx_word' id='word_1_71' title='bbox 1474 1307 1552 1352; x_wconf 88' lang='lat' dir='ltr'><strong>cum</strong></span> <span class='ocrx_word' id='word_1_72' title='bbox 1568 1306 1637 1351; x_wconf 92' lang='lat' dir='ltr'><strong>non</strong></span> <span class='ocrx_word' id='word_1_73' title='bbox 1652 1285 1813 1354; x_wconf 78' lang='lat' dir='ltr'><strong>didicerit</strong></span> 
     </span>
     <span class='ocr_line' id='line_1_9' title="bbox 482 1389 1813 1482; baseline 0 -22"><span class='ocrx_word' id='word_1_74' title='bbox 482 1391 600 1481; x_wconf 80' lang='lat'><strong>(7,15);</strong></span> <span class='ocrx_word' id='word_1_75' title='bbox 615 1391 706 1457; x_wconf 89' lang='lat' dir='ltr'><strong>hunc</strong></span> <span class='ocrx_word' id='word_1_76' title='bbox 718 1392 852 1474; x_wconf 90' lang='lat' dir='ltr'><strong>scimus,</strong></span> <span class='ocrx_word' id='word_1_77' title='bbox 871 1392 962 1458; x_wconf 91' lang='lat' dir='ltr'><strong>unde</strong></span> <span class='ocrx_word' id='word_1_78' title='bbox 972 1391 1015 1456; x_wconf 88' lang='lat' dir='ltr'><strong>sit</strong></span> <span class='ocrx_word' id='word_1_79' title='bbox 1031 1390 1157 1480; x_wconf 76' lang='lat' dir='ltr'><strong>(7‚2r);</strong></span> <span class='ocrx_word' id='word_1_80' title='bbox 1170 1389 1232 1457; x_wconf 91' lang='lat' dir='ltr'><strong>ubi</strong></span> <span class='ocrx_word' id='word_1_81' title='bbox 1246 1396 1296 1457; x_wconf 91' lang='lat' dir='ltr'><strong>est</strong></span> <span class='ocrx_word' id='word_1_82' title='bbox 1310 1397 1409 1460; x_wconf 84' lang='lat' dir='ltr'><strong>Pater</strong></span> <span class='ocrx_word' id='word_1_83' title='bbox 1419 1391 1627 1480; x_wconf 82' lang='lat' dir='ltr'><strong>tuus(8,t9),</strong></span> <span class='ocrx_word' id='word_1_84' title='bbox 1640 1391 1813 1482; x_wconf 91' lang='lat' dir='ltr'><strong>numquid</strong></span> 
     </span>
    </p>
   </div>
   <div class='ocr_carea' id='block_1_5' title="bbox 251 1466 1812 1623">
    <p class='ocr_par' dir='ltr' id='par_1_5' title="bbox 248 1466 1812 1623">
     <span class='ocr_line' id='line_1_10' title="bbox 288 1466 1812 1589; baseline 0.003 -29.872"><span class='ocrx_word' id='word_1_85' title='bbox 281 1466 338 1593; x_wconf 51' lang='lat' dir='ltr'><strong>‘fij</strong></span> <span class='ocrx_word' id='word_1_86' title='bbox 394 1530 396 1533; x_wconf 29' lang='lat' dir='ltr'>v</span> <span class='ocrx_word' id='word_1_87' title='bbox 480 1496 663 1565; x_wconf 85' lang='lat' dir='ltr'><strong>interficiet</strong></span> <span class='ocrx_word' id='word_1_88' title='bbox 674 1499 823 1589; x_wconf 90' lang='lat' dir='ltr'><strong>scipsum</strong></span> <span class='ocrx_word' id='word_1_89' title='bbox 839 1497 948 1586; x_wconf 57' lang='lat'>(83⁵2)</span> <span class='ocrx_word' id='word_1_90' title='bbox 962 1520 969 1580; x_wconf 83' lang='lat'><em>3</em></span> <span class='ocrx_word' id='word_1_91' title='bbox 987 1518 1049 1563; x_wconf 91' lang='lat' dir='ltr'><strong>nos</strong></span> <span class='ocrx_word' id='word_1_92' title='bbox 1058 1498 1187 1566; x_wconf 90' lang='lat' dir='ltr'><strong>nemini</strong></span> <span class='ocrx_word' id='word_1_93' title='bbox 1202 1492 1402 1566; x_wconf 88' lang='lat' dir='ltr'><strong>servivimus</strong></span> <span class='ocrx_word' id='word_1_94' title='bbox 1410 1520 1575 1588; x_wconf 90' lang='lat' dir='ltr'><strong>unquam,</strong></span> <span class='ocrx_word' id='word_1_95' title='bbox 1588 1497 1762 1589; x_wconf 93' lang='lat' dir='ltr'><strong>quomodo</strong></span> <span class='ocrx_word' id='word_1_96' title='bbox 1776 1505 1812 1564; x_wconf 90' lang='lat' dir='ltr'><strong>tu</strong></span> 
     </span>
     <span class='ocr_line' id='line_1_11' title="bbox 251 1592 301 1623; baseline 0.02 -12"><span class='ocrx_word' id='word_1_97' title='bbox 251 1598 262 1623; x_wconf 74' lang='lat'><strong>,</strong></span> <span class='ocrx_word' id='word_1_98' title='bbox 296 1592 301 1612; x_wconf 80' lang='lat'><strong>.</strong></span> 
     </span>
    </p>
   </div>
   <div class='ocr_carea' id='block_1_6' title="bbox 481 1604 1814 1802">
    <p class='ocr_par' dir='ltr' id='par_1_6' title="bbox 481 1604 1814 1802">
     <span class='ocr_line' id='line_1_12' title="bbox 481 1604 1813 1695; baseline 0.001 -25"><span class='ocrx_word' id='word_1_99' title='bbox 481 1604 565 1671; x_wconf 91' lang='lat' dir='ltr'><strong>dicis</strong></span> <span class='ocrx_word' id='word_1_100' title='bbox 582 1628 590 1674; x_wconf 93' lang='lat'>:</span> <span class='ocrx_word' id='word_1_101' title='bbox 605 1604 706 1672; x_wconf 92' lang='lat' dir='ltr'><strong>liberi</strong></span> <span class='ocrx_word' id='word_1_102' title='bbox 721 1604 815 1672; x_wconf 86' lang='lat' dir='ltr'><strong>¹eritis</strong></span> <span class='ocrx_word' id='word_1_103' title='bbox 830 1604 952 1692; x_wconf 84' lang='lat'><strong>(8,33);</strong></span> <span class='ocrx_word' id='word_1_104' title='bbox 967 1624 1082 1671; x_wconf 89' lang='lat' dir='ltr'><strong>nonne</strong></span> <span class='ocrx_word' id='word_1_105' title='bbox 1096 1604 1330 1671; x_wconf 84' lang='lat' dir='ltr'><strong>benedicimus</strong></span> <span class='ocrx_word' id='word_1_106' title='bbox 1342 1607 1425 1695; x_wconf 93' lang='lat' dir='ltr'><strong>quia</strong></span> <span class='ocrx_word' id='word_1_107' title='bbox 1438 1606 1671 1673; x_wconf 69' lang='lat' dir='ltr'><strong>Samaritanus</strong></span> <span class='ocrx_word' id='word_1_108' title='bbox 1683 1627 1717 1672; x_wconf 88' lang='lat' dir='ltr'><strong>es</strong></span> <span class='ocrx_word' id='word_1_109' title='bbox 1730 1609 1768 1672; x_wconf 92' lang='lat' dir='ltr'><strong>tu</strong></span> <span class='ocrx_word' id='word_1_110' title='bbox 1779 1609 1813 1671; x_wconf 89' lang='lat' dir='ltr'><strong>et</strong></span> 
     </span>
     <span class='ocr_line' id='line_1_13' title="bbox 483 1710 1814 1802; baseline 0.001 -25"><span class='ocrx_word' id='word_1_111' title='bbox 483 1711 703 1779; x_wconf 88' lang='lat' dir='ltr'><strong>daemonium</strong></span> <span class='ocrx_word' id='word_1_112' title='bbox 712 1710 818 1777; x_wconf 92' lang='lat' dir='ltr'><strong>habes</strong></span> <span class='ocrx_word' id='word_1_113' title='bbox 830 1710 937 1799; x_wconf 78' lang='lat' dir='ltr'><strong>(8‚t8)</strong></span> <span class='ocrx_word' id='word_1_114' title='bbox 949 1732 957 1792; x_wconf 92' lang='grc'>;</span> <span class='ocrx_word' id='word_1_115' title='bbox 969 1712 1139 1801; x_wconf 92' lang='lat' dir='ltr'><strong>numquid</strong></span> <span class='ocrx_word' id='word_1_116' title='bbox 1154 1716 1189 1777; x_wconf 95' lang='lat' dir='ltr'><strong>et</strong></span> <span class='ocrx_word' id='word_1_117' title='bbox 1202 1713 1488 1779; x_wconf 88' lang='lat' dir='ltr'><strong>noscaecisumus</strong></span> <span class='ocrx_word' id='word_1_118' title='bbox 1499 1711 1608 1800; x_wconf 59' lang='lat' dir='ltr'><strong>(thio)</strong></span> <span class='ocrx_word' id='word_1_119' title='bbox 1618 1734 1626 1793; x_wconf 88' lang='lat'>;</span> <span class='ocrx_word' id='word_1_120' title='bbox 1635 1733 1814 1802; x_wconf 85' lang='lat' dir='ltr'><strong>quousque</strong></span> 
     </span>
    </p>
   </div>
   <div class='ocr_carea' id='block_1_7' title="bbox 245 1793 1812 1919">
    <p class='ocr_par' dir='ltr' id='par_1_7' title="bbox 245 1779 1812 1925">
     <span class='ocr_line' id='line_1_14' title="bbox 245 1793 1812 1919; baseline 0.005 -42"><span class='ocrx_word' id='word_1_121' title='bbox 245 1784 366 1925; x_wconf 44' lang='grc' dir='ltr'><strong>,1)ζῖ</strong></span> <span class='ocrx_word' id='word_1_122' title='bbox 407 1880 410 1885; x_wconf 94' lang='grc'>.</span> <span class='ocrx_word' id='word_1_123' title='bbox 483 1820 634 1885; x_wconf 88' lang='lat' dir='ltr'><strong>animam</strong></span> <span class='ocrx_word' id='word_1_124' title='bbox 659 1824 813 1884; x_wconf 90' lang='lat' dir='ltr'><strong>nostram</strong></span> <span class='ocrx_word' id='word_1_125' title='bbox 837 1817 949 1884; x_wconf 82' lang='lat' dir='ltr'><strong>tollis?</strong></span> <span class='ocrx_word' id='word_1_126' title='bbox 969 1815 1049 1882; x_wconf 91' lang='lat' dir='ltr'><strong>situ</strong></span> <span class='ocrx_word' id='word_1_127' title='bbox 1068 1839 1103 1884; x_wconf 89' lang='lat' dir='ltr'><strong>es</strong></span> <span class='ocrx_word' id='word_1_128' title='bbox 1130 1816 1298 1900; x_wconf 90' lang='lat' dir='ltr'><strong>Christus,</strong></span> <span class='ocrx_word' id='word_1_129' title='bbox 1321 1818 1377 1885; x_wconf 92' lang='lat' dir='ltr'><strong>dic</strong></span> <span class='ocrx_word' id='word_1_130' title='bbox 1396 1816 1495 1884; x_wconf 89' lang='lat' dir='ltr'><strong>nobis</strong></span> <span class='ocrx_word' id='word_1_131' title='bbox 1518 1817 1636 1906; x_wconf 91' lang='lat' dir='ltr'><strong>palam</strong></span> <span class='ocrx_word' id='word_1_132' title='bbox 1661 1817 1812 1906; x_wconf 49' lang='lat' dir='ltr'><strong>(lodi),</strong></span> 
     </span>
    </p>
   </div>
   <div class='ocr_carea' id='block_1_8' title="bbox 482 1915 1865 4994">
    <p class='ocr_par' dir='ltr' id='par_1_8' title="bbox 482 1915 1823 3713">
     <span class='ocr_line' id='line_1_15' title="bbox 483 1915 1815 2014; baseline -0.002 -23"><span class='ocrx_word' id='word_1_133' title='bbox 483 1925 526 1991; x_wconf 89' lang='lat' dir='ltr'><strong>de</strong></span> <span class='ocrx_word' id='word_1_134' title='bbox 541 1924 631 1991; x_wconf 94' lang='lat' dir='ltr'><strong>bono</strong></span> <span class='ocrx_word' id='word_1_135' title='bbox 647 1945 752 2014; x_wconf 87' lang='lat' dir='ltr'><strong>opere</strong></span> <span class='ocrx_word' id='word_1_136' title='bbox 767 1944 838 1988; x_wconf 92' lang='lat' dir='ltr'><strong>non</strong></span> <span class='ocrx_word' id='word_1_137' title='bbox 851 1923 1046 2012; x_wconf 88' lang='lat' dir='ltr'><strong>lapidamus</strong></span> <span class='ocrx_word' id='word_1_138' title='bbox 1061 1928 1093 1990; x_wconf 87' lang='lat' dir='ltr'><strong>tc</strong></span> <span class='ocrx_word' id='word_1_139' title='bbox 1107 1924 1246 2013; x_wconf 80' lang='lat'><strong>(10,33).</strong></span> <span class='ocrx_word' id='word_1_140' title='bbox 1264 1915 1438 2002; x_wconf 82' lang='lat' dir='ltr'><strong>Quomodo</strong></span> <span class='ocrx_word' id='word_1_141' title='bbox 1454 1923 1539 1991; x_wconf 91' lang='lat' dir='ltr'><strong>haec</strong></span> <span class='ocrx_word' id='word_1_142' title='bbox 1552 1946 1623 1991; x_wconf 89' lang='lat' dir='ltr'><strong>non</strong></span> <span class='ocrx_word' id='word_1_143' title='bbox 1639 1924 1815 2014; x_wconf 87' lang='lat' dir='ltr'><strong>potuerint</strong></span> 
     </span>
     <span class='ocr_line' id='line_1_16' title="bbox 482 2027 1817 2120; baseline -0.001 -24"><span class='ocrx_word' id='word_1_144' title='bbox 482 2028 551 2096; x_wconf 92' lang='lat' dir='ltr'><strong>dici</strong></span> <span class='ocrx_word' id='word_1_145' title='bbox 570 2029 615 2096; x_wconf 88' lang='lat' dir='ltr'><strong>ab</strong></span> <span class='ocrx_word' id='word_1_146' title='bbox 631 2028 836 2119; x_wconf 90' lang='lat' dir='ltr'><strong>aequalibus</strong></span> <span class='ocrx_word' id='word_1_147' title='bbox 860 2035 948 2111; x_wconf 89' lang='lat' dir='ltr'><strong>lesu,</strong></span> <span class='ocrx_word' id='word_1_148' title='bbox 967 2029 1026 2096; x_wconf 89' lang='lat' dir='ltr'><strong>sed</strong></span> <span class='ocrx_word' id='word_1_149' title='bbox 1045 2030 1155 2096; x_wconf 91' lang='lat' dir='ltr'><strong>solum</strong></span> <span class='ocrx_word' id='word_1_150' title='bbox 1177 2027 1300 2120; x_wconf 73' lang='lat' dir='ltr'><strong>⁴quaeri</strong></span> <span class='ocrx_word' id='word_1_151' title='bbox 1320 2035 1354 2097; x_wconf 90' lang='lat' dir='ltr'><strong>ct</strong></span> <span class='ocrx_word' id='word_1_152' title='bbox 1372 2030 1441 2097; x_wconf 91' lang='lat' dir='ltr'><strong>dici</strong></span> <span class='ocrx_word' id='word_1_153' title='bbox 1459 2030 1601 2097; x_wconf 88' lang='lat' dir='ltr'><strong>ineunte</strong></span> <span class='ocrx_word' id='word_1_154' title='bbox 1616 2030 1754 2098; x_wconf 92' lang='lat' dir='ltr'><strong>saeculo</strong></span> <span class='ocrx_word' id='word_1_155' title='bbox 1767 2029 1817 2097; x_wconf 76' lang='lat' dir='ltr'><strong>al-&#39;</strong></span> 
     </span>
     <span class='ocr_line' id='line_1_17' title="bbox 483 2135 1816 2226; baseline -0.001 -23"><span class='ocrx_word' id='word_1_156' title='bbox 483 2142 572 2216; x_wconf 87' lang='lat' dir='ltr'><strong>tero,</strong></span> <span class='ocrx_word' id='word_1_157' title='bbox 590 2158 645 2203; x_wconf 91' lang='lat' dir='ltr'><strong>me</strong></span> <span class='ocrx_word' id='word_1_158' title='bbox 663 2136 766 2225; x_wconf 91' lang='lat' dir='ltr'><strong>plane</strong></span> <span class='ocrx_word' id='word_1_159' title='bbox 789 2135 910 2223; x_wconf 83' lang='lat' dir='ltr'><strong>ingere</strong></span> <span class='ocrx_word' id='word_1_160' title='bbox 928 2135 1073 2203; x_wconf 87' lang='lat' dir='ltr'><strong>candide</strong></span> <span class='ocrx_word' id='word_1_161' title='bbox 1094 2137 1215 2204; x_wconf 82' lang='lat' dir='ltr'><strong>fatcor.</strong></span> <span class='ocrx_word' id='word_1_162' title='bbox 1241 2142 1349 2204; x_wconf 93' lang='lat' dir='ltr'><strong>lmmo</strong></span> <span class='ocrx_word' id='word_1_163' title='bbox 1369 2142 1524 2204; x_wconf 90' lang='lat' dir='ltr'><strong>econtra</strong></span> <span class='ocrx_word' id='word_1_164' title='bbox 1540 2143 1626 2226; x_wconf 91' lang='lat' dir='ltr'><strong>puto</strong></span> <span class='ocrx_word' id='word_1_165' title='bbox 1646 2135 1816 2226; x_wconf 90' lang='lat' dir='ltr'><strong>pleraque</strong></span> 
     </span>
     <span class='ocr_line' id='line_1_18' title="bbox 482 2237 1815 2333; baseline -0.002 -22"><span class='ocrx_word' id='word_1_166' title='bbox 482 2266 522 2311; x_wconf 85' lang='lat' dir='ltr'><strong>ex</strong></span> <span class='ocrx_word' id='word_1_167' title='bbox 539 2243 593 2309; x_wconf 92' lang='lat' dir='ltr'><strong>his</strong></span> <span class='ocrx_word' id='word_1_168' title='bbox 619 2241 833 2309; x_wconf 92' lang='lat' dir='ltr'><strong>nullomodo</strong></span> <span class='ocrx_word' id='word_1_169' title='bbox 856 2241 923 2309; x_wconf 92' lang='lat' dir='ltr'><strong>dici</strong></span> <span class='ocrx_word' id='word_1_170' title='bbox 944 2243 1109 2333; x_wconf 88' lang='lat' dir='ltr'><strong>potuisse,</strong></span> <span class='ocrx_word' id='word_1_171' title='bbox 1129 2243 1196 2310; x_wconf 92' lang='lat' dir='ltr'><strong>nisi</strong></span> <span class='ocrx_word' id='word_1_172' title='bbox 1211 2237 1314 2333; x_wconf 89' lang='lat' dir='ltr'><strong>plane</strong></span> <span class='ocrx_word' id='word_1_173' title='bbox 1330 2243 1497 2326; x_wconf 87' lang='lat' dir='ltr'><strong>absurde,</strong></span> <span class='ocrx_word' id='word_1_174' title='bbox 1512 2242 1650 2311; x_wconf 89' lang='lat' dir='ltr'><strong>saeculo</strong></span> <span class='ocrx_word' id='word_1_175' title='bbox 1664 2243 1815 2310; x_wconf 90' lang='lat' dir='ltr'><strong>secundo</strong></span> 
     </span>
     <span class='ocr_line' id='line_1_19' title="bbox 483 2348 1817 2438; baseline -0.002 -21"><span class='ocrx_word' id='word_1_176' title='bbox 483 2352 634 2417; x_wconf 90' lang='lat' dir='ltr'><strong>ineunte.</strong></span> <span class='ocrx_word' id='word_1_177' title='bbox 660 2354 765 2414; x_wconf 89' lang='lat' dir='ltr'><strong>Nemo</strong></span> <span class='ocrx_word' id='word_1_178' title='bbox 786 2370 826 2415; x_wconf 88' lang='lat' dir='ltr'><strong>eo</strong></span> <span class='ocrx_word' id='word_1_179' title='bbox 850 2355 1007 2438; x_wconf 87' lang='lat' dir='ltr'><strong>tempore</strong></span> <span class='ocrx_word' id='word_1_180' title='bbox 1030 2348 1156 2416; x_wconf 87' lang='lat' dir='ltr'><strong>obiecit</strong></span> <span class='ocrx_word' id='word_1_181' title='bbox 1173 2350 1233 2416; x_wconf 92' lang='lat' dir='ltr'><strong>illa</strong></span> <span class='ocrx_word' id='word_1_182' title='bbox 1259 2358 1355 2430; x_wconf 84' lang='lat'><strong>7,15;</strong></span> <span class='ocrx_word' id='word_1_183' title='bbox 1373 2355 1465 2431; x_wconf 56' lang='lat'><strong>832.</strong></span> <span class='ocrx_word' id='word_1_184' title='bbox 1487 2356 1546 2431; x_wconf 81' lang='lat'><strong>333</strong></span> <span class='ocrx_word' id='word_1_185' title='bbox 1571 2355 1684 2430; x_wconf 57' lang='lat' dir='ltr'><strong>luet.</strong></span> <span class='ocrx_word' id='word_1_186' title='bbox 1704 2356 1745 2415; x_wconf 87' lang='grc'><strong>33</strong></span> <span class='ocrx_word' id='word_1_187' title='bbox 1761 2349 1817 2416; x_wconf 90' lang='lat' dir='ltr'><strong>vel</strong></span> 
     </span>
     <span class='ocr_line' id='line_1_20' title="bbox 482 2455 1814 2545; baseline -0.002 -22"><span class='ocrx_word' id='word_1_188' title='bbox 482 2458 526 2544; x_wconf 87' lang='grc'><strong>(10</strong></span> <span class='ocrx_word' id='word_1_189' title='bbox 545 2456 587 2522; x_wconf 89' lang='lat' dir='ltr'><strong>iis</strong></span> <span class='ocrx_word' id='word_1_190' title='bbox 604 2455 772 2544; x_wconf 89' lang='lat' dir='ltr'><strong>quaesivit</strong></span> <span class='ocrx_word' id='word_1_191' title='bbox 794 2479 814 2521; x_wconf 92' lang='lat' dir='ltr'><strong>a</strong></span> <span class='ocrx_word' id='word_1_192' title='bbox 839 2455 1054 2538; x_wconf 89' lang='lat' dir='ltr'><strong>Christianis;</strong></span> <span class='ocrx_word' id='word_1_193' title='bbox 1074 2477 1116 2522; x_wconf 90' lang='lat' dir='ltr'><strong>ea</strong></span> <span class='ocrx_word' id='word_1_194' title='bbox 1134 2456 1233 2522; x_wconf 87' lang='lat' dir='ltr'><strong>unice</strong></span> <span class='ocrx_word' id='word_1_195' title='bbox 1249 2455 1318 2522; x_wconf 93' lang='lat' dir='ltr'><strong>dici</strong></span> <span class='ocrx_word' id='word_1_196' title='bbox 1333 2461 1492 2545; x_wconf 88' lang='lat' dir='ltr'><strong>poterant</strong></span> <span class='ocrx_word' id='word_1_197' title='bbox 1506 2462 1661 2545; x_wconf 87' lang='lat' dir='ltr'><strong>tempore</strong></span> <span class='ocrx_word' id='word_1_198' title='bbox 1677 2455 1814 2524; x_wconf 76' lang='lat' dir='ltr'><strong>Christi.</strong></span> 
     </span>
     <span class='ocr_line' id='line_1_21' title="bbox 485 2562 1819 2654; baseline -0.002 -23"><span class='ocrx_word' id='word_1_199' title='bbox 485 2564 628 2654; x_wconf 88' lang='lat' dir='ltr'><strong>Reliqua</strong></span> <span class='ocrx_word' id='word_1_200' title='bbox 643 2568 783 2653; x_wconf 92' lang='lat' dir='ltr'><strong>quoque</strong></span> <span class='ocrx_word' id='word_1_201' title='bbox 799 2562 831 2630; x_wconf 89' lang='lat' dir='ltr'><strong>ei</strong></span> <span class='ocrx_word' id='word_1_202' title='bbox 850 2563 998 2652; x_wconf 87' lang='lat' dir='ltr'><strong>tempori</strong></span> <span class='ocrx_word' id='word_1_203' title='bbox 1016 2568 1098 2629; x_wconf 90' lang='lat' dir='ltr'><strong>sunt</strong></span> <span class='ocrx_word' id='word_1_204' title='bbox 1109 2563 1212 2653; x_wconf 87' lang='lat' dir='ltr'><strong>plane</strong></span> <span class='ocrx_word' id='word_1_205' title='bbox 1232 2568 1463 2630; x_wconf 87' lang='lat' dir='ltr'><strong>consentanea</strong></span> <span class='ocrx_word' id='word_1_206' title='bbox 1480 2568 1515 2632; x_wconf 90' lang='lat' dir='ltr'><strong>et</strong></span> <span class='ocrx_word' id='word_1_207' title='bbox 1529 2586 1570 2629; x_wconf 84' lang='lat' dir='ltr'><strong>ex</strong></span> <span class='ocrx_word' id='word_1_208' title='bbox 1584 2563 1819 2631; x_wconf 81' lang='lat' dir='ltr'><strong>affirmatione</strong></span> 
     </span>
     <span class='ocr_line' id='line_1_22' title="bbox 485 2657 1819 2759; baseline -0.001 -22"><span class='ocrx_word' id='word_1_209' title='bbox 485 2669 609 2737; x_wconf 88' lang='lat' dir='ltr'><strong>Christi</strong></span> <span class='ocrx_word' id='word_1_210' title='bbox 638 2677 732 2736; x_wconf 88' lang='lat' dir='ltr'><strong>etex</strong></span> <span class='ocrx_word' id='word_1_211' title='bbox 760 2657 962 2736; x_wconf 84' lang='lat' dir='ltr'><strong>ludaeorum</strong></span> <span class='ocrx_word' id='word_1_212' title='bbox 985 2669 1024 2735; x_wconf 92' lang='lat' dir='ltr'><strong>in</strong></span> <span class='ocrx_word' id='word_1_213' title='bbox 1046 2691 1123 2735; x_wconf 86' lang='lat' dir='ltr'><strong>eum</strong></span> <span class='ocrx_word' id='word_1_214' title='bbox 1154 2668 1234 2735; x_wconf 95' lang='lat' dir='ltr'><strong>odio</strong></span> <span class='ocrx_word' id='word_1_215' title='bbox 1258 2669 1484 2758; x_wconf 85' lang='lat' dir='ltr'><strong>explicantur,</strong></span> <span class='ocrx_word' id='word_1_216' title='bbox 1514 2670 1674 2759; x_wconf 92' lang='lat' dir='ltr'><strong>quamvis</strong></span> <span class='ocrx_word' id='word_1_217' title='bbox 1700 2668 1819 2759; x_wconf 92' lang='lat' dir='ltr'><strong>aliqua</strong></span> 
     </span>
     <span class='ocr_line' id='line_1_23' title="bbox 486 2775 1819 2865; baseline -0.001 -23"><span class='ocrx_word' id='word_1_218' title='bbox 486 2778 588 2842; x_wconf 89' lang='lat' dir='ltr'><strong>eliam</strong></span> <span class='ocrx_word' id='word_1_219' title='bbox 601 2783 717 2864; x_wconf 87' lang='lat' dir='ltr'><strong>postea</strong></span> <span class='ocrx_word' id='word_1_220' title='bbox 734 2776 935 2842; x_wconf 86' lang='lat' dir='ltr'><strong>Christianis</strong></span> <span class='ocrx_word' id='word_1_221' title='bbox 953 2776 1104 2865; x_wconf 89' lang='lat' dir='ltr'><strong>potuisse</strong></span> <span class='ocrx_word' id='word_1_222' title='bbox 1120 2775 1241 2862; x_wconf 85' lang='lat' dir='ltr'><strong>oggeri</strong></span> <span class='ocrx_word' id='word_1_223' title='bbox 1261 2798 1330 2842; x_wconf 91' lang='lat' dir='ltr'><strong>non</strong></span> <span class='ocrx_word' id='word_1_224' title='bbox 1346 2777 1390 2843; x_wconf 94' lang='lat' dir='ltr'><strong>sit</strong></span> <span class='ocrx_word' id='word_1_225' title='bbox 1402 2776 1618 2863; x_wconf 88' lang='lat' dir='ltr'><strong>negandum,</strong></span> <span class='ocrx_word' id='word_1_226' title='bbox 1636 2800 1669 2842; x_wconf 89' lang='lat' dir='ltr'><strong>v.</strong></span> <span class='ocrx_word' id='word_1_227' title='bbox 1685 2798 1720 2863; x_wconf 92' lang='lat' dir='ltr'><strong>g.</strong></span> <span class='ocrx_word' id='word_1_228' title='bbox 1738 2780 1819 2856; x_wconf 83' lang='lat'><strong>8‚13</strong></span> 
     </span>
     <span class='ocr_line' id='line_1_24' title="bbox 486 2879 1820 2971; baseline -0.003 -22"><span class='ocrx_word' id='word_1_229' title='bbox 486 2888 519 2949; x_wconf 93' lang='lat' dir='ltr'><strong>et</strong></span> <span class='ocrx_word' id='word_1_230' title='bbox 540 2889 620 2962; x_wconf 62' lang='lat' dir='ltr'><strong>CM</strong></span> <span class='ocrx_word' id='word_1_231' title='bbox 647 2887 680 2948; x_wconf 87' lang='lat' dir='ltr'><strong>et</strong></span> <span class='ocrx_word' id='word_1_232' title='bbox 701 2888 794 2960; x_wconf 61' lang='grc'><strong>737.</strong></span> <span class='ocrx_word' id='word_1_233' title='bbox 817 2882 969 2948; x_wconf 89' lang='lat' dir='ltr'><strong>Gratuito</strong></span> <span class='ocrx_word' id='word_1_234' title='bbox 995 2883 1115 2948; x_wconf 87' lang='lat' dir='ltr'><strong>asserit</strong></span> <span class='ocrx_word' id='word_1_235' title='bbox 1142 2882 1378 2949; x_wconf 85' lang='lat' dir='ltr'><strong>Wcizsaecker</strong></span> <span class='ocrx_word' id='word_1_236' title='bbox 1405 2881 1443 2970; x_wconf 86' lang='lat' dir='ltr'><strong>(l.</strong></span> <span class='ocrx_word' id='word_1_237' title='bbox 1470 2904 1500 2949; x_wconf 91' lang='lat' dir='ltr'><strong>c.</strong></span> <span class='ocrx_word' id='word_1_238' title='bbox 1527 2905 1562 2971; x_wconf 92' lang='lat' dir='ltr'><strong>p.</strong></span> <span class='ocrx_word' id='word_1_239' title='bbox 1588 2882 1668 2969; x_wconf 71' lang='lat'>526)</span> <span class='ocrx_word' id='word_1_240' title='bbox 1687 2882 1725 2948; x_wconf 91' lang='lat' dir='ltr'><strong>in</strong></span> <span class='ocrx_word' id='word_1_241' title='bbox 1746 2879 1820 2946; x_wconf 90' lang='lat' dir='ltr'><strong>istis</strong></span> 
     </span>
     <span class='ocr_line' id='line_1_25' title="bbox 485 2976 1820 3078; baseline -0.004 -21"><span class='ocrx_word' id='word_1_242' title='bbox 485 2988 792 3078; x_wconf 88' lang='lat' dir='ltr'><strong>disceptationibus</strong></span> <span class='ocrx_word' id='word_1_243' title='bbox 811 3010 880 3054; x_wconf 92' lang='lat' dir='ltr'><strong>non</strong></span> <span class='ocrx_word' id='word_1_244' title='bbox 900 2987 1116 3077; x_wconf 90' lang='lat' dir='ltr'><strong>deprehendi</strong></span> <span class='ocrx_word' id='word_1_245' title='bbox 1129 2987 1397 3076; x_wconf 87' lang='lat' dir='ltr'><strong>disputationem</strong></span> <span class='ocrx_word' id='word_1_246' title='bbox 1414 2988 1518 3069; x_wconf 87' lang='lat' dir='ltr'><strong>vitae,</strong></span> <span class='ocrx_word' id='word_1_247' title='bbox 1537 2989 1599 3055; x_wconf 87' lang='lat' dir='ltr'><strong>sed</strong></span> <span class='ocrx_word' id='word_1_248' title='bbox 1614 2976 1820 3078; x_wconf 88' lang='lat' dir='ltr'><strong>disputatio·</strong></span> 
     </span>
     <span class='ocr_line' id='line_1_26' title="bbox 486 3093 1820 3184; baseline -0.001 -22"><span class='ocrx_word' id='word_1_249' title='bbox 486 3118 564 3162; x_wconf 91' lang='lat' dir='ltr'><strong>nem</strong></span> <span class='ocrx_word' id='word_1_250' title='bbox 584 3095 738 3176; x_wconf 86' lang='lat' dir='ltr'><strong>scholae,</strong></span> <span class='ocrx_word' id='word_1_251' title='bbox 762 3117 850 3184; x_wconf 89' lang='lat' dir='ltr'><strong>quae</strong></span> <span class='ocrx_word' id='word_1_252' title='bbox 871 3096 906 3160; x_wconf 93' lang='lat' dir='ltr'><strong>in</strong></span> <span class='ocrx_word' id='word_1_253' title='bbox 924 3093 1104 3160; x_wconf 84' lang='lat' dir='ltr'><strong>historiam</strong></span> <span class='ocrx_word' id='word_1_254' title='bbox 1125 3094 1214 3161; x_wconf 87' lang='lat' dir='ltr'><strong>vitae</strong></span> <span class='ocrx_word' id='word_1_255' title='bbox 1233 3093 1276 3161; x_wconf 90' lang='lat' dir='ltr'><strong>sit</strong></span> <span class='ocrx_word' id='word_1_256' title='bbox 1295 3095 1477 3178; x_wconf 88' lang='lat' dir='ltr'><strong>translata,</strong></span> <span class='ocrx_word' id='word_1_257' title='bbox 1495 3099 1528 3161; x_wconf 90' lang='lat' dir='ltr'><strong>et</strong></span> <span class='ocrx_word' id='word_1_258' title='bbox 1548 3095 1653 3162; x_wconf 90' lang='lat' dir='ltr'><strong>verba</strong></span> <span class='ocrx_word' id='word_1_259' title='bbox 1666 3101 1759 3177; x_wconf 85' lang='lat'><strong>3,11.</strong></span> <span class='ocrx_word' id='word_1_260' title='bbox 1779 3100 1820 3161; x_wconf 87' lang='grc'><strong>13</strong></span> 
     </span>
     <span class='ocr_line' id='line_1_27' title="bbox 486 3200 1822 3289; baseline -0.003 -19"><span class='ocrx_word' id='word_1_261' title='bbox 486 3203 684 3270; x_wconf 91' lang='lat' dir='ltr'><strong>nullatenus</strong></span> <span class='ocrx_word' id='word_1_262' title='bbox 701 3222 799 3289; x_wconf 87' lang='lat' dir='ltr'><strong>posse</strong></span> <span class='ocrx_word' id='word_1_263' title='bbox 817 3222 888 3267; x_wconf 89' lang='lat' dir='ltr'><strong>esse</strong></span> <span class='ocrx_word' id='word_1_264' title='bbox 905 3200 998 3267; x_wconf 90' lang='lat' dir='ltr'><strong>dicta</strong></span> <span class='ocrx_word' id='word_1_265' title='bbox 1017 3223 1037 3267; x_wconf 91' lang='lat' dir='ltr'><strong>a</strong></span> <span class='ocrx_word' id='word_1_266' title='bbox 1060 3205 1149 3280; x_wconf 89' lang='lat' dir='ltr'><strong>lesu,</strong></span> <span class='ocrx_word' id='word_1_267' title='bbox 1168 3200 1228 3267; x_wconf 88' lang='lat' dir='ltr'><strong>sed</strong></span> <span class='ocrx_word' id='word_1_268' title='bbox 1243 3223 1313 3268; x_wconf 89' lang='lat' dir='ltr'><strong>esse</strong></span> <span class='ocrx_word' id='word_1_269' title='bbox 1329 3200 1562 3269; x_wconf 89' lang='lat' dir='ltr'><strong>testimonium</strong></span> <span class='ocrx_word' id='word_1_270' title='bbox 1577 3200 1732 3268; x_wconf 83' lang='lat' dir='ltr'><strong>fidelium</strong></span> <span class='ocrx_word' id='word_1_271' title='bbox 1746 3222 1822 3267; x_wconf 91' lang='lat' dir='ltr'><strong>sae-</strong></span> 
     </span>
     <span class='ocr_line' id='line_1_28' title="bbox 486 3305 1822 3395; baseline -0.003 -20"><span class='ocrx_word' id='word_1_272' title='bbox 486 3309 556 3375; x_wconf 90' lang='lat' dir='ltr'><strong>culi</strong></span> <span class='ocrx_word' id='word_1_273' title='bbox 569 3307 711 3374; x_wconf 89' lang='lat' dir='ltr'><strong>secundi</strong></span> <span class='ocrx_word' id='word_1_274' title='bbox 729 3305 879 3373; x_wconf 89' lang='lat' dir='ltr'><strong>ineuntis</strong></span> <span class='ocrx_word' id='word_1_275' title='bbox 898 3306 941 3372; x_wconf 90' lang='lat' dir='ltr'><strong>dc</strong></span> <span class='ocrx_word' id='word_1_276' title='bbox 967 3312 1053 3372; x_wconf 91' lang='lat' dir='ltr'><strong>lesu.</strong></span> <span class='ocrx_word' id='word_1_277' title='bbox 1069 3311 1225 3372; x_wconf 91' lang='lat' dir='ltr'><strong>Ceterum</strong></span> <span class='ocrx_word' id='word_1_278' title='bbox 1247 3329 1316 3373; x_wconf 92' lang='lat' dir='ltr'><strong>non</strong></span> <span class='ocrx_word' id='word_1_279' title='bbox 1338 3306 1404 3373; x_wconf 90' lang='lat' dir='ltr'><strong>erit</strong></span> <span class='ocrx_word' id='word_1_280' title='bbox 1424 3306 1640 3395; x_wconf 90' lang='lat' dir='ltr'><strong>negandum,</strong></span> <span class='ocrx_word' id='word_1_281' title='bbox 1659 3311 1822 3373; x_wconf 88' lang='lat' dir='ltr'><strong>loannem</strong></span> 
     </span>
     <span class='ocr_line' id='line_1_29' title="bbox 487 3412 1823 3503; baseline -0.003 -22"><span class='ocrx_word' id='word_1_282' title='bbox 487 3415 591 3482; x_wconf 89' lang='lat' dir='ltr'><strong>etiam</strong></span> <span class='ocrx_word' id='word_1_283' title='bbox 619 3435 660 3479; x_wconf 89' lang='lat' dir='ltr'><strong>ea</strong></span> <span class='ocrx_word' id='word_1_284' title='bbox 687 3412 873 3502; x_wconf 85' lang='lat' dir='ltr'><strong>respexisse</strong></span> <span class='ocrx_word' id='word_1_285' title='bbox 892 3434 981 3501; x_wconf 87' lang='lat' dir='ltr'><strong>quae</strong></span> <span class='ocrx_word' id='word_1_286' title='bbox 1003 3433 1064 3477; x_wconf 92' lang='lat' dir='ltr'><strong>suo</strong></span> <span class='ocrx_word' id='word_1_287' title='bbox 1087 3416 1241 3501; x_wconf 87' lang='lat' dir='ltr'><strong>tempore</strong></span> <span class='ocrx_word' id='word_1_288' title='bbox 1265 3412 1378 3479; x_wconf 90' lang='lat' dir='ltr'><strong>ludaei</strong></span> <span class='ocrx_word' id='word_1_289' title='bbox 1400 3412 1618 3500; x_wconf 87' lang='lat' dir='ltr'><strong>oggerebant</strong></span> <span class='ocrx_word' id='word_1_290' title='bbox 1645 3435 1755 3503; x_wconf 90' lang='lat' dir='ltr'><strong>eaque</strong></span> <span class='ocrx_word' id='word_1_291' title='bbox 1781 3433 1823 3478; x_wconf 80' lang='lat' dir='ltr'><strong>ex</strong></span> 
     </span>
     <span class='ocr_line' id='line_1_30' title="bbox 490 3517 1822 3597; baseline -0.001 -12"><span class='ocrx_word' id='word_1_292' title='bbox 490 3519 603 3587; x_wconf 87' lang='lat' dir='ltr'><strong>verbis</strong></span> <span class='ocrx_word' id='word_1_293' title='bbox 627 3526 661 3585; x_wconf 89' lang='lat' dir='ltr'><strong>et</strong></span> <span class='ocrx_word' id='word_1_294' title='bbox 686 3519 842 3584; x_wconf 88' lang='lat' dir='ltr'><strong>doctrina</strong></span> <span class='ocrx_word' id='word_1_295' title='bbox 872 3517 993 3584; x_wconf 87' lang='lat' dir='ltr'><strong>Christi</strong></span> <span class='ocrx_word' id='word_1_296' title='bbox 1020 3519 1200 3597; x_wconf 77' lang='lat' dir='ltr'><strong>refutasse3</strong></span> <span class='ocrx_word' id='word_1_297' title='bbox 1231 3517 1351 3585; x_wconf 93' lang='lat' dir='ltr'><strong>debuit</strong></span> <span class='ocrx_word' id='word_1_298' title='bbox 1382 3518 1473 3585; x_wconf 93' lang='lat' dir='ltr'><strong>enim</strong></span> <span class='ocrx_word' id='word_1_299' title='bbox 1499 3518 1699 3586; x_wconf 85' lang='lat' dir='ltr'><strong>Christianis</strong></span> <span class='ocrx_word' id='word_1_300' title='bbox 1725 3539 1822 3585; x_wconf 88' lang='lat' dir='ltr'><strong>arma</strong></span> 
     </span>
     <span class='ocr_line' id='line_1_31' title="bbox 489 3622 1081 3713; baseline -0.003 -20"><span class='ocrx_word' id='word_1_301' title='bbox 489 3632 609 3693; x_wconf 89' lang='lat' dir='ltr'><strong>contra</strong></span> <span class='ocrx_word' id='word_1_302' title='bbox 621 3625 835 3691; x_wconf 87' lang='lat' dir='ltr'><strong>adversarios</strong></span> <span class='ocrx_word' id='word_1_303' title='bbox 848 3622 1081 3713; x_wconf 89' lang='lat' dir='ltr'><strong>suppeditare.</strong></span> 
     </span>
    </p>

    <p class='ocr_par' dir='ltr' id='par_1_9' title="bbox 490 3728 1865 4994">
     <span class='ocr_line' id='line_1_32' title="bbox 534 3728 1865 3820; baseline -0.002 -21"><span class='ocrx_word' id='word_1_304' title='bbox 534 3732 599 3799; x_wconf 87' lang='lat' dir='ltr'><strong>Sed</strong></span> <span class='ocrx_word' id='word_1_305' title='bbox 621 3730 795 3820; x_wconf 91' lang='lat' dir='ltr'><strong>quomodo</strong></span> <span class='ocrx_word' id='word_1_306' title='bbox 819 3731 854 3797; x_wconf 94' lang='lat' dir='ltr'><strong>hi</strong></span> <span class='ocrx_word' id='word_1_307' title='bbox 870 3751 1055 3796; x_wconf 84' lang='lat' dir='ltr'><strong>sermones</strong></span> <span class='ocrx_word' id='word_1_308' title='bbox 1083 3735 1244 3819; x_wconf 87' lang='lat' dir='ltr'><strong>poterant</strong></span> <span class='ocrx_word' id='word_1_309' title='bbox 1266 3733 1434 3798; x_wconf 88' lang='lat' dir='ltr'><strong>memoria</strong></span> <span class='ocrx_word' id='word_1_310' title='bbox 1460 3731 1621 3799; x_wconf 80' lang='lat' dir='ltr'><strong>retineri?</strong></span> <span class='ocrx_word' id='word_1_311' title='bbox 1651 3731 1689 3799; x_wconf 97' lang='lat' dir='ltr'><strong>ld</strong></span> <span class='ocrx_word' id='word_1_312' title='bbox 1720 3731 1824 3798; x_wconf 86' lang='lat' dir='ltr'><strong>tertio</strong></span> <span class='ocrx_word' id='word_1_313' title='bbox 1860 3728 1865 3739; x_wconf 79' lang='lat'><em>&#39;</em></span> 
     </span>
     <span class='ocr_line' id='line_1_33' title="bbox 490 3835 1825 3924; baseline -0.002 -19"><span class='ocrx_word' id='word_1_314' title='bbox 490 3839 564 3905; x_wconf 92' lang='lat' dir='ltr'><strong>loco</strong></span> <span class='ocrx_word' id='word_1_315' title='bbox 580 3838 752 3904; x_wconf 89' lang='lat' dir='ltr'><strong>obiectum</strong></span> <span class='ocrx_word' id='word_1_316' title='bbox 770 3842 831 3903; x_wconf 89' lang='lat' dir='ltr'><strong>est.</strong></span> <span class='ocrx_word' id='word_1_317' title='bbox 856 3835 907 3902; x_wconf 89' lang='lat' dir='ltr'><strong>Uti</strong></span> <span class='ocrx_word' id='word_1_318' title='bbox 922 3835 1016 3924; x_wconf 92' lang='lat' dir='ltr'><strong>apud</strong></span> <span class='ocrx_word' id='word_1_319' title='bbox 1034 3836 1228 3924; x_wconf 82' lang='lat' dir='ltr'><strong>synoptioos</strong></span> <span class='ocrx_word' id='word_1_320' title='bbox 1241 3836 1360 3903; x_wconf 85' lang='lat' dir='ltr'><strong>eadem</strong></span> <span class='ocrx_word' id='word_1_321' title='bbox 1376 3837 1481 3904; x_wconf 90' lang='lat' dir='ltr'><strong>verba</strong></span> <span class='ocrx_word' id='word_1_322' title='bbox 1500 3838 1624 3904; x_wconf 91' lang='lat' dir='ltr'><strong>Christi</strong></span> <span class='ocrx_word' id='word_1_323' title='bbox 1645 3859 1715 3903; x_wconf 93' lang='lat' dir='ltr'><strong>non</strong></span> <span class='ocrx_word' id='word_1_324' title='bbox 1733 3858 1825 3903; x_wconf 91' lang='lat' dir='ltr'><strong>sem-</strong></span> 
     </span>
     <span class='ocr_line' id='line_1_34' title="bbox 491 3942 1823 4036; baseline -0.002 -24"><span class='ocrx_word' id='word_1_325' title='bbox 491 3968 552 4036; x_wconf 89' lang='lat' dir='ltr'><strong>per</strong></span> <span class='ocrx_word' id='word_1_326' title='bbox 568 3943 689 4011; x_wconf 90' lang='lat' dir='ltr'><strong>eodem</strong></span> <span class='ocrx_word' id='word_1_327' title='bbox 705 3943 807 4008; x_wconf 93' lang='lat' dir='ltr'><strong>modo</strong></span> <span class='ocrx_word' id='word_1_328' title='bbox 828 3943 1036 4023; x_wconf 80' lang='lat' dir='ltr'><strong>reseruntur,</strong></span> <span class='ocrx_word' id='word_1_329' title='bbox 1054 3943 1102 4008; x_wconf 88' lang='lat' dir='ltr'><strong>ita</strong></span> <span class='ocrx_word' id='word_1_330' title='bbox 1116 3943 1219 4008; x_wconf 90' lang='lat' dir='ltr'><strong>etiam</strong></span> <span class='ocrx_word' id='word_1_331' title='bbox 1239 3942 1331 4033; x_wconf 92' lang='lat' dir='ltr'><strong>apud</strong></span> <span class='ocrx_word' id='word_1_332' title='bbox 1347 3948 1507 4011; x_wconf 90' lang='lat' dir='ltr'><strong>loannem</strong></span> <span class='ocrx_word' id='word_1_333' title='bbox 1533 3966 1602 4011; x_wconf 92' lang='lat' dir='ltr'><strong>non</strong></span> <span class='ocrx_word' id='word_1_334' title='bbox 1625 3944 1691 4010; x_wconf 87' lang='lat' dir='ltr'><strong>erit</strong></span> <span class='ocrx_word' id='word_1_335' title='bbox 1703 3948 1823 4033; x_wconf 87' lang='lat' dir='ltr'><strong>postu-</strong></span> 
     </span>
     <span class='ocr_line' id='line_1_35' title="bbox 491 4047 1825 4139; baseline -0.004 -20"><span class='ocrx_word' id='word_1_336' title='bbox 491 4053 650 4129; x_wconf 90' lang='lat' dir='ltr'><strong>landum,</strong></span> <span class='ocrx_word' id='word_1_337' title='bbox 678 4056 717 4116; x_wconf 87' lang='lat' dir='ltr'><strong>ut</strong></span> <span class='ocrx_word' id='word_1_338' title='bbox 737 4069 910 4115; x_wconf 91' lang='lat' dir='ltr'><strong>sermones</strong></span> <span class='ocrx_word' id='word_1_339' title='bbox 934 4049 1032 4138; x_wconf 92' lang='lat' dir='ltr'><strong>quasi</strong></span> <span class='ocrx_word' id='word_1_340' title='bbox 1057 4047 1224 4114; x_wconf 90' lang='lat' dir='ltr'><strong>verbatim</strong></span> <span class='ocrx_word' id='word_1_341' title='bbox 1255 4049 1416 4117; x_wconf 87' lang='lat' dir='ltr'><strong>recitarit.</strong></span> <span class='ocrx_word' id='word_1_342' title='bbox 1452 4050 1517 4117; x_wconf 88' lang='lat' dir='ltr'><strong>Sed</strong></span> <span class='ocrx_word' id='word_1_343' title='bbox 1540 4051 1628 4118; x_wconf 90' lang='lat' dir='ltr'><strong>sicut</strong></span> <span class='ocrx_word' id='word_1_344' title='bbox 1654 4047 1825 4139; x_wconf 84' lang='lat' dir='ltr'><strong>synoptici</strong></span> 
     </span>
     <span class='ocr_line' id='line_1_36' title="bbox 493 4155 1821 4249; baseline -0.005 -23"><span class='ocrx_word' id='word_1_345' title='bbox 493 4158 696 4249; x_wconf 89' lang='lat' dir='ltr'><strong>praecipuas</strong></span> <span class='ocrx_word' id='word_1_346' title='bbox 711 4155 897 4223; x_wconf 86' lang='lat' dir='ltr'><strong>sententias</strong></span> <span class='ocrx_word' id='word_1_347' title='bbox 915 4159 1093 4234; x_wconf 87' lang='lat' dir='ltr'><strong>accurate,</strong></span> <span class='ocrx_word' id='word_1_348' title='bbox 1114 4155 1181 4221; x_wconf 90' lang='lat' dir='ltr'><strong>alia</strong></span> <span class='ocrx_word' id='word_1_349' title='bbox 1202 4155 1246 4221; x_wconf 91' lang='lat' dir='ltr'><strong>ad</strong></span> <span class='ocrx_word' id='word_1_350' title='bbox 1262 4178 1401 4224; x_wconf 87' lang='lat' dir='ltr'><strong>sensum</strong></span> <span class='ocrx_word' id='word_1_351' title='bbox 1414 4156 1536 4239; x_wconf 84' lang='lat' dir='ltr'><strong>litteris</strong></span> <span class='ocrx_word' id='word_1_352' title='bbox 1555 4157 1821 4243; x_wconf 82' lang='lat' dir='ltr'><strong>consignarunt,</strong></span> 
     </span>
     <span class='ocr_line' id='line_1_37' title="bbox 492 4258 1828 4352; baseline -0.004 -19"><span class='ocrx_word' id='word_1_353' title='bbox 492 4266 614 4333; x_wconf 87' lang='lat' dir='ltr'><strong>codem</strong></span> <span class='ocrx_word' id='word_1_354' title='bbox 635 4263 737 4329; x_wconf 93' lang='lat' dir='ltr'><strong>modo</strong></span> <span class='ocrx_word' id='word_1_355' title='bbox 762 4268 922 4328; x_wconf 86' lang='lat' dir='ltr'><strong>loannem</strong></span> <span class='ocrx_word' id='word_1_356' title='bbox 946 4283 1121 4328; x_wconf 90' lang='lat' dir='ltr'><strong>sermones</strong></span> <span class='ocrx_word' id='word_1_357' title='bbox 1140 4263 1268 4329; x_wconf 82' lang='lat' dir='ltr'><strong>referre</strong></span> <span class='ocrx_word' id='word_1_358' title='bbox 1288 4258 1478 4352; x_wconf 91' lang='lat' dir='ltr'><strong>putandum</strong></span> <span class='ocrx_word' id='word_1_359' title='bbox 1494 4264 1570 4331; x_wconf 90' lang='lat' dir='ltr'><strong>erit.</strong></span> <span class='ocrx_word' id='word_1_360' title='bbox 1595 4262 1676 4329; x_wconf 90' lang='lat' dir='ltr'><strong>lllae</strong></span> <span class='ocrx_word' id='word_1_361' title='bbox 1692 4260 1828 4329; x_wconf 79' lang='lat' dir='ltr'><strong>senten-¹</strong></span> 
     </span>
     <span class='ocr_line' id='line_1_38' title="bbox 493 4368 1825 4460; baseline -0.002 -23"><span class='ocrx_word' id='word_1_362' title='bbox 493 4374 557 4438; x_wconf 88' lang='lat' dir='ltr'><strong>tiae</strong></span> <span class='ocrx_word' id='word_1_363' title='bbox 574 4394 662 4460; x_wconf 87' lang='lat' dir='ltr'><strong>quae</strong></span> <span class='ocrx_word' id='word_1_364' title='bbox 677 4374 919 4456; x_wconf 83' lang='lat' dir='ltr'><strong>argumentum</strong></span> <span class='ocrx_word' id='word_1_365' title='bbox 932 4368 1136 4458; x_wconf 90' lang='lat' dir='ltr'><strong>primarium</strong></span> <span class='ocrx_word' id='word_1_366' title='bbox 1151 4374 1184 4435; x_wconf 90' lang='lat' dir='ltr'><strong>et</strong></span> <span class='ocrx_word' id='word_1_367' title='bbox 1200 4378 1304 4459; x_wconf 90' lang='lat' dir='ltr'><strong>caput</strong></span> <span class='ocrx_word' id='word_1_368' title='bbox 1317 4369 1495 4437; x_wconf 86' lang='lat' dir='ltr'><strong>doctrinae</strong></span> <span class='ocrx_word' id='word_1_369' title='bbox 1511 4369 1722 4436; x_wconf 91' lang='lat' dir='ltr'><strong>constituunt</strong></span> <span class='ocrx_word' id='word_1_370' title='bbox 1734 4373 1825 4435; x_wconf 89' lang='lat' dir='ltr'><strong>certe</strong></span> 
     </span>
     <span class='ocr_line' id='line_1_39' title="bbox 493 4474 1829 4565; baseline -0.002 -22"><span class='ocrx_word' id='word_1_371' title='bbox 493 4478 565 4544; x_wconf 90' lang='lat' dir='ltr'><strong>eius</strong></span> <span class='ocrx_word' id='word_1_372' title='bbox 591 4476 775 4543; x_wconf 88' lang='lat' dir='ltr'><strong>momoriae</strong></span> <span class='ocrx_word' id='word_1_373' title='bbox 799 4497 935 4565; x_wconf 88' lang='lat' dir='ltr'><strong>semper</strong></span> <span class='ocrx_word' id='word_1_374' title='bbox 954 4474 1161 4554; x_wconf 89' lang='lat' dir='ltr'><strong>haerebant;</strong></span> <span class='ocrx_word' id='word_1_375' title='bbox 1186 4476 1283 4542; x_wconf 82' lang='lat' dir='ltr'><strong>facile</strong></span> <span class='ocrx_word' id='word_1_376' title='bbox 1304 4477 1408 4542; x_wconf 89' lang='lat' dir='ltr'><strong>etiam</strong></span> <span class='ocrx_word' id='word_1_377' title='bbox 1430 4474 1634 4557; x_wconf 88' lang='lat' dir='ltr'><strong>haerebant,</strong></span> <span class='ocrx_word' id='word_1_378' title='bbox 1654 4498 1733 4542; x_wconf 94' lang='lat' dir='ltr'><strong>cum</strong></span> <span class='ocrx_word' id='word_1_379' title='bbox 1754 4474 1829 4541; x_wconf 90' lang='lat' dir='ltr'><strong>dis·</strong></span> 
     </span>
     <span class='ocr_line' id='line_1_40' title="bbox 495 4581 1829 4673; baseline -0.004 -23"><span class='ocrx_word' id='word_1_380' title='bbox 495 4583 746 4673; x_wconf 88' lang='lat' dir='ltr'><strong>ceptationibus</strong></span> <span class='ocrx_word' id='word_1_381' title='bbox 764 4583 957 4661; x_wconf 87' lang='lat' dir='ltr'><strong>interesset,</strong></span> <span class='ocrx_word' id='word_1_382' title='bbox 974 4581 1199 4663; x_wconf 91' lang='lat' dir='ltr'><strong>obiectiones,</strong></span> <span class='ocrx_word' id='word_1_383' title='bbox 1222 4581 1453 4672; x_wconf 90' lang='lat' dir='ltr'><strong>quaestiones,</strong></span> <span class='ocrx_word' id='word_1_384' title='bbox 1476 4582 1669 4650; x_wconf 88' lang='lat' dir='ltr'><strong>calumniae</strong></span> <span class='ocrx_word' id='word_1_385' title='bbox 1689 4581 1829 4649; x_wconf 90' lang='lat' dir='ltr'><strong>ludaeo-</strong></span> 
     </span>
     <span class='ocr_line' id='line_1_41' title="bbox 499 4685 1829 4778; baseline -0.004 -22"><span class='ocrx_word' id='word_1_386' title='bbox 499 4711 597 4768; x_wconf 86' lang='lat' dir='ltr'><strong>rum,</strong></span> <span class='ocrx_word' id='word_1_387' title='bbox 610 4695 643 4755; x_wconf 92' lang='lat' dir='ltr'><strong>et</strong></span> <span class='ocrx_word' id='word_1_388' title='bbox 664 4713 744 4756; x_wconf 91' lang='lat' dir='ltr'><strong>cum</strong></span> <span class='ocrx_word' id='word_1_389' title='bbox 766 4690 817 4756; x_wconf 92' lang='lat' dir='ltr'><strong>his</strong></span> <span class='ocrx_word' id='word_1_390' title='bbox 837 4690 1025 4755; x_wconf 87' lang='lat' dir='ltr'><strong>necessario</strong></span> <span class='ocrx_word' id='word_1_391' title='bbox 1041 4687 1146 4754; x_wconf 91' lang='lat' dir='ltr'><strong>etiam</strong></span> <span class='ocrx_word' id='word_1_392' title='bbox 1166 4711 1327 4778; x_wconf 90' lang='lat' dir='ltr'><strong>responsa</strong></span> <span class='ocrx_word' id='word_1_393' title='bbox 1346 4687 1468 4755; x_wconf 91' lang='lat' dir='ltr'><strong>Christi</strong></span> <span class='ocrx_word' id='word_1_394' title='bbox 1483 4687 1657 4755; x_wconf 91' lang='lat' dir='ltr'><strong>debebant</strong></span> <span class='ocrx_word' id='word_1_395' title='bbox 1673 4689 1753 4753; x_wconf 91' lang='lat' dir='ltr'><strong>satis</strong></span> <span class='ocrx_word' id='word_1_396' title='bbox 1772 4685 1829 4751; x_wconf 89' lang='lat' dir='ltr'><strong>di·</strong></span> 
     </span>
     <span class='ocr_line' id='line_1_42' title="bbox 498 4791 1828 4883; baseline -0.004 -20"><span class='ocrx_word' id='word_1_397' title='bbox 498 4797 621 4863; x_wconf 88' lang='lat' dir='ltr'><strong>stincte</strong></span> <span class='ocrx_word' id='word_1_398' title='bbox 640 4798 747 4863; x_wconf 87' lang='lat' dir='ltr'><strong>menti</strong></span> <span class='ocrx_word' id='word_1_399' title='bbox 764 4796 836 4863; x_wconf 91' lang='lat' dir='ltr'><strong>eius</strong></span> <span class='ocrx_word' id='word_1_400' title='bbox 855 4793 1150 4883; x_wconf 80' lang='lat' dir='ltr'><strong>obversari,&#39;quae</strong></span> <span class='ocrx_word' id='word_1_401' title='bbox 1164 4797 1351 4863; x_wconf 90' lang='lat' dir='ltr'><strong>secundum</strong></span> <span class='ocrx_word' id='word_1_402' title='bbox 1369 4816 1504 4861; x_wconf 93' lang='lat' dir='ltr'><strong>sensum</strong></span> <span class='ocrx_word' id='word_1_403' title='bbox 1525 4817 1565 4861; x_wconf 91' lang='lat' dir='ltr'><strong>ac</strong></span> <span class='ocrx_word' id='word_1_404' title='bbox 1584 4791 1828 4883; x_wconf 90' lang='lat' dir='ltr'><strong>compendiose</strong></span> 
     </span>
     <span class='ocr_line' id='line_1_43' title="bbox 500 4899 1829 4994; baseline -0.005 -23"><span class='ocrx_word' id='word_1_405' title='bbox 500 4907 536 4971; x_wconf 96' lang='lat' dir='ltr'><strong>in</strong></span> <span class='ocrx_word' id='word_1_406' title='bbox 563 4902 741 4989; x_wconf 87' lang='lat' dir='ltr'><strong>evangelio</strong></span> <span class='ocrx_word' id='word_1_407' title='bbox 763 4903 876 4969; x_wconf 80' lang='lat' dir='ltr'><strong>refert.</strong></span> <span class='ocrx_word' id='word_1_408' title='bbox 900 4905 982 4968; x_wconf 90' lang='lat' dir='ltr'><strong>Nam</strong></span> <span class='ocrx_word' id='word_1_409' title='bbox 1002 4901 1158 4989; x_wconf 82' lang='lat' dir='ltr'><strong>longiora</strong></span> <span class='ocrx_word' id='word_1_410' title='bbox 1176 4925 1312 4994; x_wconf 91' lang='lat' dir='ltr'><strong>quoque</strong></span> <span class='ocrx_word' id='word_1_411' title='bbox 1328 4900 1498 4990; x_wconf 90' lang='lat' dir='ltr'><strong>colloquia</strong></span> <span class='ocrx_word' id='word_1_412' title='bbox 1514 4908 1547 4969; x_wconf 90' lang='lat' dir='ltr'><strong>et</strong></span> <span class='ocrx_word' id='word_1_413' title='bbox 1564 4899 1829 4991; x_wconf 90' lang='lat' dir='ltr'><strong>disceptationes</strong></span> 
     </span>
    </p>
   </div>
   <div class='ocr_carea' id='block_1_9' title="bbox 0 0 2051 5648">
    <p class='ocr_par' dir='ltr' id='par_1_10' title="bbox 0 0 2051 5648">
     <span class='ocr_line' id='line_1_44' title="bbox 0 0 2051 5648; baseline 0 0"><span class='ocrx_word' id='word_1_414' title='bbox 0 0 2051 5648; x_wconf 95' lang='lat' dir='ltr'><strong> </strong></span> 
     </span>
    </p>
   </div>
  </div>
 </body>
</html>
