4116 5648
803 499 936 562 ioiuuau
959 516 1127 568 scurrsrsse
1148 514 1356 562 miscemus.

418 653 497 720 huic
507 651 1010 742 adiungiturireityeum3sed
1020 646 1749 743 quomodopossetintelligi,Papiametiam'
1870 716 1875 723 .

416 759 460 825 ab
478 759 520 826 iis
534 762 593 851 qui
612 781 689 828 cum
705 756 914 847 presbyteris
927 760 1049 827 versati
1064 761 1163 823 erant
1176 755 1395 846 exquisivisse
1410 755 1495 844 quid
1506 754 1576 821 duo
1586 752 1647 820 alii
1666 757 1741 842 qui·
1826 819 1832 829 ,
1866 748 1869 755 ’
1890 820 1922 847 ,

416 865 495 933 dam
505 866 638 944 fideles,
649 868 683 929 et
700 867 842 932 loannes
855 884 957 930 senex
969 872 1002 933 et
1017 861 1165 931 Aristion
1179 863 1234 930 vir
1244 858 1356 927 fidelis
1368 861 1530 928 dicerent.
1542 859 1737 930 Rectissime
1838 867 1873 947 ’ζ’
1888 864 1928 973 ,2524

415 974 531 1063 itaque
539 971 822 1039 irenaeusscribil
834 972 956 1051 Παπίας
970 972 1109 1038 Ἰωάννου
1122 981 1174 1052 μὲν
1184 972 1344 1050 ἀκουστὴς,
1361 971 1565 1053 Πολυκάρπου
1576 976 1607 1036 δὲ
1618 978 1737 1056 ἑταῖρος

416 1080 538 1167 etipse
561 1077 681 1167 Papias
699 1078 852 1146 ailirmat
875 1098 909 1144 se
931 1076 1091 1145 didicisse
1108 1079 1191 1164 παρὰ
1213 1072 1439 1163 (immediate)
1457 1083 1514 1141 τῶν
1533 1083 1738 1162 πρεσόυτέρὼν

415 1187 437 1250 i.
455 1206 485 1251 e.
504 1183 550 1250 ab
569 1187 729 1274 apostolis
745 1190 779 1249 et
801 1181 979 1275 discipulis
1001 1183 1152 1261 Domini;
1170 1186 1204 1246 et
1222 1186 1314 1247 recte
1336 1181 1407 1269 ipse
1426 1179 1586 1247 Eusebius
1604 1180 1688 1246 alias
1703 1187 1738 1248 et
1802 1193 1804 1196 ⁴
1890 1242 1908 1265 „

416 1290 639 1380 Hieronymus
648 1292 774 1378 aliique
789 1292 930 1379 Papiam
946 1287 1140 1357 auditorem
1152 1286 1289 1355 loannis
1299 1286 1444 1376 apostoli
1454 1286 1585 1353 dicunt.
1599 1292 1639 1354 Et
1652 1285 1739 1354 alius

415 1396 555 1486 quidam
576 1404 719 1466 loannes
744 1395 937 1485 presbyter,
951 1415 1054 1485 quem
1081 1415 1184 1463 nemo
1203 1393 1300 1460 novit
1319 1398 1397 1460 ante
1421 1392 1618 1475 Eusebium,
1636 1414 1737 1460 nemo
1785 1444 1804 1462 .,

414 1506 484 1572 iere
499 1512 574 1596 post
592 1525 671 1571 eum
688 1502 895 1592 Hieronymo
914 1508 1054 1593 excepto
1072 1501 1147 1592 (qui
1167 1506 1282 1567 tamen
1297 1499 1419 1566 eodem
1434 1497 1535 1566 modo
1550 1520 1619 1587 quo
1639 1504 1739 1568 Euse-

413 1612 491 1679 bius
510 1609 652 1677 minime
674 1609 741 1676 sihi
764 1612 908 1698 constat)
924 1631 1102 1698 nunquam
1127 1607 1264 1675 exstitit.
1287 1612 1332 1674 lle
1353 1606 1418 1674 hac
1440 1604 1637 1695 quaestione
1661 1607 1738 1675 vide
1827 1620 1844 1631 ’·

416 1715 575 1806 Cornely,
597 1715 724 1783 lutrod.
744 1722 786 1784 lll
809 1723 842 1784 2.
860 1717 914 1783 ed.
935 1739 971 1805 p.
991 1722 1058 1783 210
1079 1737 1151 1805 seq.
1176 1714 1311 1803 Popqel
1330 1714 1353 1781 l.
1371 1735 1400 1780 c.
1423 1736 1457 1803 p.
1480 1711 1735 1799 7·51;Fillion,
1838 1720 1842 1727 '

413 1813 577 1909 Evangile
593 1823 687 1891 selon
701 1827 734 1890 S.
750 1829 834 1891 Jean
848 1847 883 1913 p.
902 1843 1021 1911 xseq.;
1037 1821 1131 1904 Keil,
1142 1825 1361 1888 Commentnr
1372 1844 1407 1911 p.
1420 1827 1439 1887 5
1453 1842 1538 1910 seq.‚
1554 1824 1594 1889 B.
1615 1820 1721 1890 Weiss

413 1929 812 2016 loannes-Evangelium,
829 1936 850 1997 8
865 1931 921 1997 ed.
939 1953 973 2018 p.
988 1936 1007 1997 3
1021 1951 1093 2019 seq.
1517 1931 1521 1939 '

457 2041 594 2106 Constat
604 2037 714 2124 igitur
728 2043 889 2104 loannem
902 2034 1096 2126 apostolum
1107 2035 1229 2104 ultimo
1235 2036 1326 2102 vitae
1339 2056 1420 2102 suae
1433 2040 1588 2125 tempore
1602 2034 1639 2100 in
1648 2033 1737 2115 Asia,
1835 2055 1845 2065 ·’

412 2144 552 2232 Ephesi,
572 2143 717 2231 degisse.
730 2143 875 2220 Quando
896 2150 1012 2210 autem
1033 2143 1083 2209 ibi
1107 2142 1267 2210 ecclesias
1287 2164 1406 2229 regere
1431 2142 1597 2232 inceperit
1617 2141 1737 2231 nequit
1877 2206 1884 2219 ,

411 2250 492 2316 dici.
510 2254 592 2318 Cum
603 2252 676 2317 eius
689 2251 723 2317 in
744 2249 898 2339 epistolis
912 2249 956 2316 ad
976 2249 1154 2339 EphesioS,
1169 2249 1207 2315 in
1225 2248 1339 2338 prima
1353 2248 1395 2314 ed
1412 2249 1627 2316 Timotheum
1642 2248 1740 2316 nulla
1782 2246 1792 2253 '⁴
1878 2240 1926 2371 «ἐτ’

412 2362 568 2424 occurrat
582 2359 721 2439 mentio,
739 2364 890 2425 econtra
905 2363 1024 2447 aperte
1038 2379 1078 2422 ex
1089 2357 1139 2423 eis
1152 2354 1301 2437 eluceat,
1317 2354 1454 2421 nuHum
1466 2377 1505 2421 ex
1517 2353 1678 2445 apostolis
1690 2355 1741 2421 ihi

412 2464 554 2546 versari,
568 2464 633 2530 hoc
645 2487 751 2533 unum
764 2472 896 2533 certum
907 2471 974 2546 est,
992 2486 1073 2533 eum
1085 2468 1204 2554 postea
1219 2463 1407 2530 advenisse.
1422 2466 1467 2529 lte
1482 2461 1554 2529 eius
1569 2467 1740 2529 senectute
1803 2536 1805 2539 ,

412 2580 554 2637 narrant
572 2570 725 2637 Clemens
740 2571 827 2639 alex.
849 2573 939 2662 (quis
953 2572 1048 2638 dives
1061 2573 1128 2659 te),
1146 2570 1375 2656 Hieronymus
1389 2568 1446 2657 (ad
1459 2570 1530 2635 Gal.
1543 2568 1649 2656 Cdo),
1666 2573 1740 2636 Cas·
1879 2621 1900 2655 :-·.·
1910 2614 1928 2647 -.-·

411 2677 525 2743 sianus
544 2676 634 2765 (coll.
660 2679 795 2767 alal),
817 2677 897 2744 vide
922 2677 1069 2766 Cornely
1089 2677 1113 2744 l.
1136 2699 1166 2742 c.
1190 2698 1225 2765 p.
1250 2682 1331 2757 215,
1347 2674 1499 2758 Scitam,
1525 2677 1740 2741 Commentar
1835 2763 1838 2766 ἡ

411 2806 445 2873 p.
461 2791 494 2852 5.
511 2789 549 2851 ln
561 2807 601 2851 eo
613 2785 818 2874 praeprimis
837 2783 999 2851 laudatur
1016 2782 1198 2870 virginitas
1212 2782 1269 2869 (ci.
1284 2783 1510 2868 Hieronymus
1529 2780 1573 2847 ad
1589 2779 1738 2870 Princip.
1877 2778 1893 2789 ”
1918 2788 1928 2803 ”

411 2913 466 2979 ep.
480 2897 597 2973 lai‚5;
615 2913 644 2958 c.
657 2892 765 2958 lovin.
784 2898 880 2975 1,uo;
895 2891 932 2958 in
944 2897 983 2957 ls.
998 2897 1095 2973 56,5;
1109 2892 1156 2956 Μ.
1170 2887 1739 2976 22‚1090;23‚2t6325,5t1);cete-

313 3008 320 3075 ἰ,
411 3018 486 3063 rum
503 2997 581 3064 vide
596 2998 771 3081 edraim
788 3004 941 3078 tinas.

727 3224 767 3273 11.
787 3250 822 3258 -
838 3224 995 3274 loannem
1009 3222 1193 3284 scripsisse
1209 3220 1432 3285 evangellum.

456 3419 613 3483 loannem
634 3415 830 3505 apostolum
848 3416 1067 3501 evangelium
1089 3413 1279 3502 scripsisse,
1296 3412 1334 3478 in
1353 3413 1426 3503 ipso
1444 3410 1534 3479 libro
1553 3411 1738 3479 clarissime
1840 3406 1869 3483 -ἒ
1881 3414 1892 3511 ἰ

412 3522 586 3588 asseritur.
604 3523 763 3607 Legimus
781 3523 874 3588 enim
889 3527 991 3603 itit
1012 3521 1068 3587 hic
1088 3527 1138 3587 est
1159 3518 1347 3609 discipulus
1360 3518 1417 3585 ille
1435 3519 1494 3608 qui
1507 3517 1738 3586 testimonium

412 3626 571 3717 perhibet
589 3627 632 3694 de
651 3627 705 3694 his
724 3632 757 3694 et
776 3626 913 3716 scripsit
933 3627 1050 3694 haec¹.
1072 3631 1143 3693 lam
1167 3656 1182 3689 s
1205 3625 1265 3692 ille
1287 3625 1474 3714 discipulus
1491 3653 1505 3684 u
1523 3631 1573 3692 est
1590 3623 1619 3690 is
1635 3646 1738 3714 quem
1800 3723 1801 3726 Ἴ

449 3828 469 3872 1.
485 3823 579 3873 Contra
594 3822 769 3872 testimoninm
788 3824 837 3872 hoc
855 3823 891 3872 ila
907 3823 991 3886 arguit
1008 3822 1128 3873 Hernaclr
1144 3842 1149 3872 :
1163 3836 1194 3872 ex
1214 3828 1255 3884 il,
1268 3825 1298 3872 2³
1316 3825 1385 3885 patet
1404 3823 1523 3872 loannem
1541 3822 1591 3871 iem
1607 3824 1739 3871 mortuum
1843 3814 1851 3837 ²

412 3918 479 3963 essc3
493 3905 704 3967 certumquoque
715 3905 754 3952 est
768 3915 828 3952 eum
842 3903 887 3966 qui
903 3901 1008 3966 scripsit
1030 3907 1128 3965 21,i·23
1149 3902 1225 3952 etiarn
1247 3901 1379 3964 scripsisse
1396 3904 1478 3951 toturn
1498 3901 1670 3965 evangelium
1687 3901 1738 3950 iarn

412 3984 517 4036 evidens
528 3986 567 4032 eet
583 3983 702 4033 loannem
712 3981 855 4046 apostolum
871 3995 922 4032 non
937 3983 1069 4042 scripsisse
1082 3984 1138 4044 post
1149 3996 1222 4032 suam
1237 3985 1358 4040 mortem,
1374 3995 1434 4044 ergo
1446 3996 1468 4031 r.
1485 3984 1513 4032 lt
1529 4000 1536 4030 ι
1550 3980 1592 4032 hic
1605 3984 1644 4032 est
1661 3980 1737 4032 disci·

412 4063 489 4129 pulus
508 4063 552 4113 ille
566 4061 611 4126 qui
625 4062 800 4112 testimouium
817 4063 933 4127 perhibet
951 4062 983 4112 de
1000 4064 1041 4112 his
1052 4066 1079 4112 et
1096 4062 1200 4126 scripsit
1219 4063 1281 4111 haec
1296 4089 1328 4098 -
1344 4066 1431 4126 aperte
1447 4062 1532 4126 prodit
1545 4060 1698 4120 falsitatem.
1713 4066 1737 4112 et

413 4146 465 4209 ipse
479 4144 521 4194 hic
531 4156 620 4193 versus
635 4142 784 4192 testimonio
793 4142 821 4192 lrt
835 4142 996 4206 evangelium
1012 4157 1063 4191 non
1081 4156 1136 4192 esse
1147 4141 1179 4191 ab
1191 4142 1305 4206 spostolo
1319 4144 1412 4192 ioeune
1425 4142 1596 4205 conscriptum
1610 4141 1738 4207 (Chrono-

414 4224 477 4288 logie
488 4225 510 4283 i,
519 4222 619 4286 Leipzig
635 4225 703 4279 l897.
719 4237 743 4286 p.
755 4224 822 4287 676).
836 4222 886 4273 Sed
897 4236 927 4273 ex
942 4237 966 4271 r.
979 4226 1009 4272 2³
1020 4223 1091 4272 nullo
1107 4222 1184 4272 modo
1196 4220 1313 4287 sequitur
1324 4234 1355 4271 eo
1370 4222 1424 4271 loco
1437 4223 1555 4271 loannem
1566 4221 1616 4271 iarn
1628 4221 1736 4294 pupponi
1787 4229 1790 4236 '

414 4308 544 4354 mortuum
563 4302 645 4353 :exiit
663 4315 747 4352 sermo
764 4303 813 4354 iste
828 4305 897 4354 iuter
913 4301 1006 4353 iratres
1022 4302 1093 4366 quod
1105 4302 1247 4366 discipulus
1259 4301 1302 4352 ille
1316 4316 1366 4351 non
1383 4300 1502 4352 moritur.
1520 4302 1567 4352 Hic
1581 4315 1662 4351 sermo
1676 4307 1737 4354 sanc

414 4384 476 4435 exiit
486 4387 543 4433 ante
553 4385 609 4433 eius
617 4386 730 4432 mortem
740 4386 766 4432 et
778 4383 889 4433 multum
899 4384 977 4434 etiem
992 4384 1130 4440 intererat,
1144 4388 1173 4433 ut
1187 4387 1246 4434 ante
1256 4384 1312 4433 eius
1325 4387 1433 4432 mortem
1445 4396 1528 4433 sermo
1540 4382 1660 4433 Christis
1674 4383 1739 4434 isles

415 4464 624 4528 interpretatione
639 4464 826 4514 vindicaretur.
843 4467 922 4514 Porro
937 4464 992 4528 ipse
1008 4463 1126 4512 Hernack
1141 4463 1176 4512 ait
1190 4476 1234 4513 eos
1249 4464 1294 4526 qui
1309 4462 1450 4514 adiecerint
1464 4477 1488 4512 r.
1505 4467 1535 4512 il
1554 4477 1603 4512 nou
1618 4464 1736 4514 animad-

415 4544 521 4594 vertisse
538 4543 704 4602 reccidisse,
721 4541 748 4592 in
761 4556 785 4590 v.
801 4546 831 4591 2³
845 4544 946 4600 ioannis
964 4547 1072 4593 mortem
1088 4543 1170 4592 innui.
1187 4542 1304 4592 Proiecto
1319 4542 1342 4592 id
1361 4557 1413 4592 non
1427 4542 1557 4604 viderunt;
1572 4557 1654 4608 neque
1670 4544 1738 4594 enim

416 4626 480 4675 adeo
494 4623 597 4674 hebetes
610 4628 697 4684 erant,
711 4627 740 4672 ut
753 4625 884 4673 munuum
898 4624 1014 4673 dicerent
1032 4623 1192 4686 evangelium
1207 4623 1350 4684 scripsisse.
1368 4622 1436 4680 Quid
1453 4636 1512 4685 crgo
1527 4622 1646 4673 concludi
1661 4623 1738 4674 debe·

416 4705 476 4756 bat?
488 4704 513 4754 id
527 4705 599 4768 quod
610 4703 636 4754 in
652 4709 741 4769 aperto
755 4706 808 4762 est,
822 4702 846 4752 in
860 4719 885 4753 v.
902 4709 931 4754 23
946 4719 998 4753 non
1013 4705 1120 4767 supponi
1136 4706 1244 4753 mortem
1260 4704 1362 4753 loannis
1377 4705 1427 4753 iem
1443 4703 1559 4754 evenisse.
1572 4703 1638 4754 illud
1653 4710 1739 4754 sulem

418 4806 430 4829 ι
445 4786 540 4836 scimus
553 4784 613 4849 quie
626 4798 714 4834 verum
729 4790 768 4835 est
780 4783 956 4834 testimouium
970 4783 1027 4834 cius
1039 4805 1051 4827 s
1068 4785 1117 4833 leur
1135 4784 1292 4833 declaratum
1304 4788 1343 4834 cst
1357 4784 1382 4832 iu
1399 4781 1537 4845 fragmento
1550 4785 1737 4844 muratorisno.

417 4865 485 4928 apud
495 4865 649 4916 Clementem
660 4865 724 4916 alex.
736 4863 806 4928 (ride
817 4864 913 4927 posteat
924 4868 973 4914 etc.
990 4863 1100 4913 Proinde
1114 4862 1270 4914 nullomodo
1285 4878 1309 4912 v.
1323 4868 1352 4914 'll
1363 4862 1443 4913 stulte
1451 4863 1623 4927 apponebatur
1637 4862 1739 4928 (gedan-

417 4943 525 5009 lienlos).
