4050 5648
696 500 697 504 '
746 507 749 513 ’
783 540 868 590 roo«.
893 510 1049 618 ereis.-

284 680 410 747 Eorum
424 670 647 746 admirationi
667 677 850 766 respondet
863 679 1003 754 docens,
1027 672 1118 741 unde
1133 671 1259 743 haheat
1278 698 1376 744 suam
1391 673 1566 744 scientiam
1663 725 1672 735 .

240 805 274 853 v.
293 791 334 853 16
349 781 524 878 respondit
543 777 591 845 eis
607 780 699 849 Iesus
715 795 748 851 et
765 784 882 852 dixit:
903 802 980 849 mea
994 777 1167 861 doctrino,
1183 779 1337 850 doctrina
1353 805 1459 873 quam
1472 781 1568 848 vobis

238 913 394 987 propono
421 909 485 973 ego
504 888 538 951 et
560 907 665 976 quam
684 889 814 973 habeo,
835 912 906 957 ooo
929 898 978 954 est
999 907 1134 971 mec,a
1156 908 1294 956 menon
1308 892 1374 970 est,
1390 911 1461 957 non
1481 894 1568 957 esta

237 1020 294 1068 me
306 997 460 1089 prolecta
476 992 590 1082 primo
605 1002 638 1063 et
657 996 882 1084 originaliter,
903 1014 974 1059 non
991 998 1041 1060 est
1059 1016 1081 1061 a
1095 1016 1150 1061 mo
1166 991 1321 1077 inventa,
1338 992 1401 1061 sed
1418 994 1491 1062 eius
1506 994 1568 1086 qui

235 1104 332 1172 misit
348 1121 417 1182 me,
434 1120 513 1167 eam
529 1101 609 1170 soil..
625 1102 731 1169 habet
750 1122 772 1167 a
795 1103 893 1166 Patre
913 1105 1107 1191 acceptam,
1129 1097 1276 1168 candem
1291 1123 1332 1169 ox
1345 1099 1453 1169 Patris
1469 1123 1568 1189 prae-

237 1208 364 1297 scripto
386 1205 600 1294 loquebatur
619 1204 776 1300 (nala),
797 1204 840 1271 cl.
864 1211 955 1290 5,3o.
982 1206 1166 1298 Superiora
1191 1205 1296 1273 verba
1321 1229 1403 1275 vera
1425 1212 1504 1274 sunt
1523 1206 1567 1274 de

237 1313 386 1394 Christo,
404 1319 441 1380 ut
455 1312 559 1382 Filius
581 1315 640 1380 Dei
657 1317 712 1381 est
728 1316 763 1382 et
774 1312 877 1379 etiam
892 1318 930 1379 ut
944 1314 1048 1381 homo
1063 1319 1124 1382 est.
1141 1312 1256 1380 Priore
1271 1313 1375 1381 modo
1395 1315 1567 1404 accipiunt

194 1470 197 1481 .
240 1422 320 1507 Cpr.
333 1422 426 1510 Aup.
440 1419 523 1490 Bed.
542 1417 647 1486 Eutls.
667 1417 755 1485 Corl.
762 1437 780 1503 ,·
791 1440 874 1490 nam
886 1420 1135 1489 utheushabet
1149 1418 1292 1488 eandem
1308 1420 1446 1488 omnino
1456 1421 1566 1488 scien-

236 1524 321 1592 tiam
334 1549 440 1616 quam
454 1531 551 1595 Pater
564 1524 671 1593 habet
683 1546 827 1615 eamque
842 1525 948 1595 habet
958 1527 1033 1618 ipsa
1044 1526 1266 1615 generatione
1280 1533 1421 1595 aeterna
1434 1547 1456 1592 a
1467 1531 1565 1604 Patre

238 1639 432 1723 acceptam
455 1662 472 1695 α
487 1630 617 1699 utrovis
635 1629 737 1698 modo
750 1652 915 1723 exponas,
932 1632 1103 1700 sententia
1119 1637 1169 1700 est
1185 1632 1305 1701 eadem
1318 1638 1353 1700 et
1365 1631 1404 1698 in
1418 1638 1564 1722 utroque

236 1760 337 1807 sensu
349 1735 796 1807 suamscientiamdivinam
806 1737 1292 1828 sequeDoumseulleiFilium
1300 1759 1376 1806 esse
1388 1737 1565 1806 hisverbis

237 1844 388 1914 Christus
402 1843 576 1932 significat
594 1843 766 1933 simulque
782 1842 874 1913 sacto
896 1843 1100 1934 comprobat
1113 1865 1205 1935 quae
1218 1845 1350 1912 occulte
1361 1844 1565 1914 dicebantur

235 1951 442 2032 revelando,
453 1949 499 2038 ad
512 1955 708 2018 contextum
718 1956 834 2018 autem
849 1953 1066 2041 praesentem
1077 1952 1191 2039 magis
1203 1951 1305 2036 facit,
1319 1952 1349 2020 si
1367 1952 1564 2019 descientia

234 2081 342 2149 quam
360 2057 483 2148 habuit
501 2062 540 2124 ut
558 2058 661 2124 homo
676 2057 956 2148 interpretemur,
975 2079 1064 2148 quae
1078 2057 1220 2150 quidem
1234 2063 1309 2126 erat
1327 2062 1428 2129 alteo
1445 2086 1462 2121 o
1475 2059 1560 2148 (Tol.

232 2165 310 2233 sim.
331 2163 443 2233 Mold.
465 2162 570 2253 Sctq.
594 2161 724 2253 Scin).
749 2164 931 2242 Quaerenti
953 2171 1070 2231 autem
1091 2163 1263 2255 quomodo
1283 2165 1444 2252 cognosci
1460 2165 1563 2256 possit

232 2271 428 2339 doctrinam
442 2292 512 2337 esse
534 2293 554 2337 a
575 2274 642 2337 lleo
655 2269 839 2360 respondet
860 2270 1012 2337 Christus
1028 2269 1065 2336 in
1080 2293 1112 2338 v.
1135 2278 1188 2338 17.
1209 2275 1249 2338 18
1263 2270 1394 2362 duphci
1413 2270 1560 2353 indicio,

232 2379 371 2446 interno
389 2377 498 2445 altero
513 2377 610 2467 quod
630 2377 707 2467 quis
720 2377 759 2444 in
781 2399 833 2461 so,
857 2377 895 2444 in
915 2377 1033 2445 animo
1052 2364 1261 2468 experiatur,
1280 2378 1389 2446 altero
1407 2383 1559 2463 externo,

127 2540 129 2545 .
234 2484 327 2576 quod
343 2506 384 2553 ex
403 2485 478 2575 ipso
492 2483 617 2552 haberi
635 2487 670 2552 et
688 2483 808 2571 colligi
831 2483 937 2574 possit
950 2483 1072 2551 habitu
1086 2483 1252 2566 doctoris3
1268 2507 1302 2551 v.
1321 2492 1363 2552 17
1377 2486 1495 2576 siquis
1508 2509 1564 2553 oo-

156 2651 158 2655 .
233 2591 336 2660 luerit
355 2590 567 2658 voluntatem
583 2590 656 2658 eius
675 2590 791 2678 facere
807 2603 986 2680 cognoscet
1003 2589 1046 2657 de
1060 2590 1220 2658 doctrina
1233 2603 1351 2658 utrum
1366 2614 1409 2659 es
1429 2594 1498 2660 Deo
1517 2593 1562 2659 sit

233 2721 281 2766 an
295 2720 358 2789 eqo
375 2721 398 2764 a
416 2719 469 2764 me
484 2697 556 2788 apso
573 2696 706 2787 loquar,
728 2697 940 2765 voluntatem
959 2698 1017 2765 Dei
1037 2696 1211 2765 debebant
1229 2698 1421 2786 intelhgere
1436 2698 1477 2766 de
1501 2721 1561 2766 vo-

231 2805 365 2872 luntate
389 2804 448 2870 Ilei
471 2804 509 2870 in
535 2804 612 2891 lege
636 2811 669 2871 et
689 2804 867 2893 prophetis
889 2825 1062 2893 expressa,
1080 2805 1184 2893 proin
1203 2803 1245 2870 de
1265 2804 1379 2871 studio
1395 2804 1561 2872 virtutum

232 2910 345 2980 etvita
360 2910 461 2977 bonis
477 2908 631 2975 moribus
645 2909 821 2976 instructa.
838 2909 945 2976 Simul
958 2909 1001 2976 iis
1019 2908 1142 3000 pandit
1151 2931 1289 2977 causam
1296 2910 1560 2978 curdoctrinam

230 3040 329 3088 suam
348 3040 418 3084 non
438 3020 646 3104 cognoscant
668 3015 838 3099 divinam;
853 3015 955 3085 tacite
969 3017 1085 3106 itaque
1101 3038 1158 3083 eos
1173 3017 1374 3105 perstringit
1386 3017 1480 3107 quod
1491 3018 1561 3086 suis

231 3125 349 3218 pravis
373 3122 530 3191 moribus
551 3120 786 3211 impediantur
807 3124 993 3212 quominus
1012 3122 1167 3190 credent.
1198 3123 1381 3191 Veritatem
1403 3125 1561 3192 enuntiat

186 3232 189 3238 ’
230 3230 492 3322 gravissimam,
522 3228 594 3296 scil.
626 3228 717 3295 viam
736 3228 781 3295 ad
800 3228 904 3296 fidem
922 3230 1079 3297 homines
1095 3229 1161 3297 sibi
1177 3230 1269 3321 ipsos
1291 3229 1474 3298 occludere
1489 3232 1560 3298 vita

231 3338 333 3409 malis
359 3336 511 3404 moribus
529 3335 673 3418 inlecta;
694 3333 850 3425 quivero
869 3357 933 3426 pro
947 3335 1079 3404 viribus
1092 3336 1307 3405 voluntatem
1320 3337 1380 3404 Dei
1394 3336 1460 3404 sibi
1476 3359 1560 3427 quo·

232 3466 379 3536 cumque
394 3441 499 3509 modo
511 3442 766 3520 manifestatam
773 3441 903 3524 iecerit,
918 3443 949 3510 ei
964 3441 1084 3510 adfore
1098 3441 1263 3511 auxilium
1275 3444 1333 3510 Ilei
1349 3447 1387 3510 ut
1399 3443 1443 3509 ad
1455 3442 1558 3510 fidem

233 3553 388 3621 divinam
403 3547 595 3640 perveniat.
619 3548 726 3637 Loqui
749 3570 770 3615 a
790 3569 825 3615 se
843 3547 920 3638 ipso
938 3548 967 3615 is
981 3549 1119 3631 dicitur,
1140 3549 1201 3639 qui
1218 3548 1352 3616 docete
1367 3571 1403 3616 se
1422 3548 1559 3636 excogi-

234 3664 306 3728 tata
319 3663 353 3726 et
367 3658 525 3737 inventa;
539 3653 657 3744 itaque
670 3653 729 3720 hic
741 3675 781 3721 ex
799 3659 975 3735 contextu,
992 3655 1066 3723 sine
1086 3655 1246 3723 missione
1260 3655 1377 3722 divina
1391 3661 1425 3722 et
1439 3663 1559 3723 contra

234 3773 354 3837 Deum.
374 3759 551 3830 Eiusmodi
573 3762 673 3827 erant
686 3759 931 3850 prophetantes
953 3760 997 3828 de
1019 3761 1122 3829 corde
1142 3784 1221 3844 suo,
1241 3763 1301 3851 qui
1324 3762 1559 3852 sequebantur

233 3871 397 3965 spiritum
410 3889 528 3949 suum,
546 3888 632 3956 quos
649 3866 813 3933 Dominus
827 3889 896 3933 non
912 3856 1050 3935 miserat
1064 3869 1133 3957 (En.
1152 3867 1345 3959 13,2seq.).
1362 3869 1557 3936 Notaetiam

234 3980 336 4050 llehr.
357 3979 434 4057 5,11
452 3996 524 4063 seq.
542 3973 710 4061 assignari
730 3972 969 4040 habitudinem
989 3996 1078 4063 quae
1098 3976 1234 4042 exsistat
1250 3975 1342 4041 inter
1358 3974 1463 4042 vitam
1483 3975 1556 4065 pic·

232 4092 302 4158 tate
322 4083 495 4170 insignem
521 4085 554 4147 el
579 4078 814 4167 cognitionem
844 4079 1100 4167 mysteriorum3
1118 4081 1161 4149 de
1180 4080 1302 4148 eadem
1321 4103 1358 4147 re
1377 4083 1421 4148 cl.
1441 4088 1457 4148 1
1480 4085 1553 4149 Cor.

231 4204 290 4280 26
306 4201 339 4261 et
354 4194 409 4274 3,1
424 4210 497 4276 seq.

275 4302 428 4370 Alteram
457 4292 635 4360 iudicandi
659 4315 815 4361 normam
837 4292 1000 4383 proponit
1022 4292 1110 4361 sitne
1137 4293 1293 4362 doctrina
1314 4317 1335 4361 a
1356 4298 1425 4362 Deo
1449 4317 1556 4364 necne
1584 4288 1585 4291 ¹

230 4433 262 4476 v.
287 4413 328 4476 18
350 4404 414 4496 qui
437 4425 460 4468 a
482 4398 659 4489 semetipso
680 4400 834 4490 loquitur
855 4398 1003 4489 gloriam
1016 4401 1197 4491 propriam
1223 4401 1373 4492 quaerit,
1395 4403 1454 4490 qui
1475 4425 1555 4470 suae

230 4514 407 4585 doctrinae
419 4509 491 4600 ipse
498 4509 670 4574 estauotor
681 4512 714 4573 et
723 4508 893 4589 inventor,
907 4528 1003 4573 suam
1018 4505 1041 4573 i.
1059 4531 1089 4576 e.
1106 4508 1240 4595 ingenii
1251 4509 1303 4576 sui
1317 4514 1420 4597 atque
1432 4508 1555 4576 inven-

227 4621 331 4692 tionis
349 4617 509 4709 propriae
524 4612 671 4700 gloriam
698 4614 832 4702 quaerit
848 4612 1007 4702 (held),
1024 4614 1118 4705 quod
1137 4637 1242 4706 quam
1256 4636 1376 4681 verum
1398 4616 1442 4682 sit
1462 4615 1556 4705 (scri-

230 4730 283 4799 bit
300 4725 409 4815 ians.)
429 4724 466 4789 in
479 4719 638 4786 omnibus
653 4724 748 4809 patet
759 4720 952 4802 haereticis,
971 4720 1033 4809 qui
1043 4734 1159 4789 eutem
1170 4721 1307 4812 queem
1318 4721 1468 4811 ploriom
1482 4725 1555 4791 eius

231 4836 293 4930 qui
317 4832 410 4900 misit
434 4851 523 4911 eum,
545 4825 599 4892 hic
619 4848 724 4892 veras
743 4840 842 4894 estet
861 4826 1036 4895 iniustitia
1056 4829 1093 4895 in
1108 4829 1167 4896 illo
1187 4852 1257 4895 non
1273 4829 1386 4915 esl,·is
1405 4833 1555 4899 enimes

230 4943 387 5036 loquitur
401 4959 490 5028 quac
505 4932 572 5024 ipsi
589 4931 769 4999 commissa
783 4939 909 5002 suntet
922 4934 1052 5021 gloriae
1073 4935 1235 5003 mittentis
1249 4936 1419 5004 studiosus
1432 4939 1552 5006 sedulo
