4116 5648
1743 284 1816 336 a

1779 368 1831 479 <i

942 389 1021 439 ioan.
1044 376 1146 438 2023.
1649 374 1704 433 571

378 549 454 594 eam
470 523 546 593 dari
560 523 728 594 fidelibus
746 525 798 615 (id
818 521 912 612 quod
925 546 957 592 v.
979 549 1014 614 g.
1038 523 1145 592 Weiss
1163 526 1260 611 vult),
1276 524 1335 592 sed
1350 523 1391 590 iis
1406 542 1493 612 quos
1511 523 1548 588 in
1566 547 1627 591 sua
1647 526 1708 590 Ec-
1809 510 1831 595 J

377 632 479 701 olcsia
508 639 694 720 postestate
727 627 906 716 regiminis
932 631 1112 699 instructos
1135 651 1206 696 esse
1232 631 1341 698 voluit
1367 629 1519 697 Christus
1549 628 1640 713 (vide
1663 629 1708 698 ad
1819 686 1821 695 ,

377 737 492 806 blatih.
512 740 641 828 18‚18).
656 744 731 806 Nou
747 756 834 824 opus
849 736 914 803 erit
926 758 1076 818 monere,
1099 734 1206 802 verba
1220 732 1333 825 ireque
1349 737 1390 803 de
1411 735 1579 826 baptismo
1599 755 1711 824 neque
1829 804 1831 811 Α

375 843 418 910 de
432 843 693 932 praedicatione
706 839 816 932 accipi
831 864 938 932 posse.

416 1022 461 1083 Ex
474 1024 585 1085 multis
603 1025 750 1082 veterum
767 1022 957 1083 testimoniis
974 1037 1072 1100 pauca
1086 1021 1199 1082 afferre
1214 1019 1361 1081 sulliciet.
1389 1019 1506 1079 Contra
1521 1019 1709 1080 Novatianos

374 1118 454 1181 haec
468 1119 553 1181 inter
565 1117 630 1179 alia
645 1116 759 1180 scribit
772 1117 950 1180 Ambrosias
966 1137 976 1177 .·
991 1143 1006 1172 «
1022 1118 1078 1179 sed
1094 1119 1185 1179 aiunt
1206 1135 1239 1178 se
1256 1117 1391 1177 Domino
1410 1116 1534 1176 deterre
1555 1133 1702 1178 reveren·

374 1217 452 1278 tiam
466 1216 519 1278 cui
534 1215 595 1276 soli
609 1216 881 1279 remittendorum
904 1216 1071 1277 criminum
1090 1221 1284 1294 potestatem
1308 1217 1483 1276 reservent.
1503 1213 1601 1273 lmmo
1623 1213 1705 1275 nulli

374 1315 528 1375 maiorem
553 1313 709 1376 iniuriam
735 1314 859 1376 iaciunt
885 1330 979 1391 quam
1016 1313 1071 1391 qui
1096 1314 1165 1375 eius
1197 1315 1308 1375 volunt
1332 1313 1482 1373 mandata
1504 1310 1703 1383 rescindere,
1825 1319 1829 1325 '

374 1410 582 1474 commissum
602 1430 725 1474 munus
742 1411 1017 1473 retundere.Nam
1032 1412 1187 1490 cumipse
1203 1412 1236 1471 in
1255 1411 1419 1490 evangelio
1434 1427 1493 1471 suo
1510 1409 1625 1470 dixerit
1639 1410 1702 1469 llo-

373 1509 480 1570 minus
505 1509 592 1572 lesus
613 1527 621 1570 :
642 1510 783 1589 aecipite
807 1514 867 1571 etc.
889 1509 961 1587 quis
984 1512 1033 1569 est
1055 1525 1130 1588 ergo
1154 1509 1210 1588 qui
1230 1509 1332 1586 magis
1354 1507 1504 1582 honorat,
1520 1514 1625 1569 utrum
1646 1504 1703 1585 qui

374 1605 531 1668 mandatis
545 1607 768 1685 obtemperat,
784 1624 826 1666 an
841 1607 895 1685 qui
910 1606 1050 1667 resistit?
1069 1607 1212 1668 Ecclesia
1227 1606 1259 1665 in
1277 1610 1414 1682 utroque
1435 1611 1537 1666 servat
1551 1605 1704 1667 obedien·

373 1703 467 1777 tiam,
480 1710 515 1765 ut
527 1709 699 1784 peccatum
714 1708 746 1765 et
759 1704 871 1782 alliget
886 1708 917 1764 et
929 1703 1101 1778 relaxet3...
1114 1704 1164 1765 ius
1179 1702 1241 1765 boc
1254 1703 1331 1764 solis
1348 1703 1541 1783 permissum
1557 1703 1704 1763 sacerdo-

373 1800 460 1862 tibus
474 1804 539 1876 est;
555 1807 643 1864 recte
660 1801 760 1881 igitur
776 1799 837 1861 hoe
852 1800 993 1863 Ecclesia
1009 1801 1145 1863 vindicat
1160 1819 1240 1881 quae
1259 1819 1352 1863 veros
1368 1800 1549 1862 sacerdotes
1562 1800 1658 1862 babet
1674 1815 1703 1870 »ς

372 1903 405 1958 et
418 1915 457 1959 ex
470 1898 583 1961 iisdem
600 1898 761 1978 evangelii
775 1898 884 1960 verbis
899 1917 993 1977 porro
1012 1900 1175 1962 concludit
1193 1918 1201 1960 :
1218 1923 1233 1954 «
1252 1917 1371 1961 munus
1386 1899 1525 1978 Spiritus
1538 1899 1642 1960 saneti
1657 1903 1707 1959 est

373 1994 518 2057 oltlcium
533 1996 726 2072 sacerdotis;
744 1997 793 2058 ius
807 2005 916 2058 autem
934 1998 1069 2077 Spiritus
1084 1999 1186 2059 sancti
1202 1999 1236 2059 in
1252 1997 1413 2059 solvendis
1427 1997 1630 2076 ligandisque
1646 1996 1705 2057 cri-

373 2093 512 2156 minibus
536 2099 587 2156 est
608 2119 624 2151 a
643 2093 695 2175 (de
715 2094 918 2173 poenitentia
937 2098 1031 2165 l‚2‚d.
1047 2095 1082 2166 8;
1106 2094 1148 2155 Μ.
1173 2097 1283 2163 latini
1307 2094 1400 2173 seq).
1420 2097 1456 2153 Et
1478 2091 1552 2174 Cyr.
1572 2117 1586 2147 α
1613 2093 1707 2172 :ipse

373 2190 484 2272 (lesus)
500 2197 665 2272 tamquam
681 2194 767 2253 Deus
787 2191 983 2253 humanatus
995 2191 1136 2271 legisque
1157 2193 1311 2253 Dominus
1333 2197 1460 2270 peccata
1478 2191 1632 2268 remittit3
1649 2207 1706 2251 ve·

372 2295 558 2351 rumlamen
575 2307 634 2352 nos
655 2306 786 2369 quoque
801 2293 868 2350 tam
891 2288 1093 2368 splendidam
1116 2290 1298 2367 miramque
1321 2290 1507 2369 accepimus
1525 2290 1564 2349 ab
1580 2306 1617 2350 eo
1636 2305 1707 2367 gra·

372 2385 465 2461 tiam3
486 2404 628 2467 namque
648 2388 711 2450 hac
730 2387 829 2449 etiam
851 2386 1004 2466 dignitate
1025 2394 1171 2449 naturam
1191 2387 1329 2449 bominis
1351 2388 1452 2448 voluit
1472 2403 1639 2457 exornare;
1661 2386 1707 2447 ait

373 2485 482 2564 itaque
502 2487 624 2547 sanctis
645 2486 805 2565 apostolis
820 2484 920 2565 (loen.
939 2487 1055 2564 20‚23);
1074 2503 1130 2547 eos
1144 2503 1220 2547 suae
1241 2486 1416 2546 maiestatis
1437 2485 1609 2562 participes
1631 2485 1707 2545 elie·

373 2582 433 2659 cit,
450 2587 645 2662 potestatem
668 2584 818 2646 tribuens
843 2583 1024 2646 remittendi
1046 2583 1094 2645 vel
1119 2583 1215 2645 etiam
1240 2582 1397 2642 retinendi
1421 2587 1567 2660 peccata;
1592 2585 1625 2642 et
1647 2598 1705 2642 nos

372 2679 434 2742 boc
457 2680 543 2743 idem
567 2681 673 2744 facere
695 2681 777 2742 iussi
799 2698 947 2741 sumus»
970 2680 1014 2759 (in
1036 2683 1109 2741 Luc.
1131 2681 1220 2752 5‚Et;
1245 2679 1287 2740 Μ.
1311 2681 1443 2758 72,567).
1465 2682 1501 2740 Et
1523 2681 1554 2740 in
1579 2679 1708 2759 liturgia

373 2795 399 2837 s.
414 2778 523 2839 Basilii
538 2780 665 2858 coptioa
684 2778 844 2840 habentur
862 2779 947 2839 inter
960 2778 1023 2838 alia
1042 2777 1121 2839 baec
1138 2795 1145 2836 :
1164 2779 1299 2838 Domine
1324 2780 1396 2838 lesu
1412 2778 1572 2839 Christe...
1589 2778 1643 2855 qui
1660 2778 1708 2838 in·

372 2875 500 2956 spirasti
515 2876 549 2938 in
565 2876 683 2938 faciem
700 2875 931 2955 discipulorum
948 2882 1076 2937 tuorum
1089 2876 1371 2955 apostolorumque
1382 2881 1563 2936 sanctorum
1575 2875 1708 2937 dicens:

371 2974 506 3053 accipite
522 2978 597 3048 etc,
612 2979 650 3037 tu
666 2975 867 3045 etiamnum,
882 2975 1015 3036 Domine
1025 3021 1033 3047 ‚
1045 2991 1102 3052 per
1113 2975 1276 3053 apostolos
1289 2980 1361 3035 tuos
1376 2980 1505 3034 sanctos
1517 2991 1572 3034 eos
1585 2973 1712 3052 elegisti

371 3071 428 3149 qui
446 3072 629 3134 sacerdotio
650 3089 783 3150 semper
801 3073 835 3132 in
859 3072 996 3133 Ecclesia
1016 3078 1071 3132 tua
1088 3072 1311 3150 fungerentur,
1328 3077 1363 3132 ut
1383 3073 1561 3133 relaxarent
1581 3077 1713 3150 peccata

371 3174 625 3247 superterram,
644 3169 851 3248 ligareutque
874 3176 906 3230 et
925 3169 1084 3230 solverent
1104 3171 1213 3230 omnia
1229 3168 1408 3247 iniquitatis
1430 3170 1559 3229 vincula
1579 3165 1633 3248 (Μ.
1653 3170 1706 3240 3¹,

373 3264 473 3344 1659).
490 3266 529 3329 Et
547 3267 581 3327 iu
603 3269 751 3329 oratione
769 3283 868 3345 super
881 3267 1086 3327 confitentem
1109 3267 1189 3328 haec
1201 3267 1362 3328 habentur
1380 3285 1387 3326 :
1405 3267 1538 3327 Domine
1553 3267 1635 3327 Deus
1653 3283 1709 3327 no·

371 3369 447 3438 ster,
464 3364 520 3443 qui
536 3363 669 3427 dixisti:
694 3381 836 3443 quorum
851 3365 1076 3425 remiseritis...
1094 3365 1216 3443 inspice
1235 3382 1332 3443 super
1347 3382 1478 3425 servum
1494 3365 1577 3425 buno
1592 3370 1622 3424 et
1639 3380 1707 3424 sor-

371 3461 428 3522 des
448 3462 576 3523 auimae
593 3468 729 3542 propter
743 3480 822 3540 quas
842 3463 874 3522 in
896 3468 1024 3541 peccata
1040 3463 1151 3524 incidit
1172 3480 1229 3541 per
1242 3480 1277 3522 os
1293 3480 1417 3532 mcum,
1435 3462 1581 3539 quamvis
1594 3478 1705 3539 pecca·

372 3564 423 3620 tor
436 3558 498 3619 sim
515 3559 657 3622 dissolve
672 3559 820 3639 (loannes
835 3559 1003 3631 ieiunator‚
1021 3578 1128 3622 sermo
1143 3561 1183 3621 de
1201 3562 1322 3639 poenit.
1340 3559 1382 3620 Μ.
1399 3560 1554 3638 88‚1926).
1573 3562 1609 3620 Et
1623 3557 1704 3640 itaq.

372 3657 449 3717 inb.
467 3656 489 3717 l.
505 3675 513 3718 :
530 3659 696 3720 Ecclesiae
716 3658 833 3718 caritas
853 3676 935 3736 quae
954 3675 1011 3737 per
1030 3659 1184 3738 Spiritum
1208 3664 1355 3719 sanctum
1373 3657 1563 3719 dillunditur
1584 3658 1615 3717 in
1632 3673 1704 3718 cor-

372 3753 467 3816 dibus
486 3755 619 3828 nostris,
636 3755 833 3835 participum
853 3772 984 3816 suorum
1009 3762 1139 3835 peecata
1154 3757 1296 3817 dimittit.
1317 3759 1352 3816 Et
1376 3754 1542 3837 Greqorias
1562 3755 1705 3816 recitatis

371 3852 477 3913 verbis
492 3870 632 3930 quorum
646 3853 889 3922 remiseritis...
902 3854 968 3914 ait:
985 3853 1063 3914 libet
1075 3855 1207 3921 intueri,
1223 3854 1372 3932 discipuli
1392 3855 1437 3915 illi
1450 3853 1490 3915 ad
1506 3857 1593 3914 tanta
1609 3869 1707 3913 onera

371 3947 563 4012 humilitatis
582 3951 689 4013 vocati
711 3951 751 4011 ad
772 3956 930 4029 quantum
949 3951 1075 4012 culmen
1096 3951 1214 4031 gloriae
1237 3952 1298 4011 sint
1316 3951 1478 4029 perducti;
1496 3968 1568 4012 eece
1583 3949 1707 4010 alienae

372 4047 577 4126 obligationis
592 4051 791 4129 potestatem
811 4049 1012 4109 relaxationis
1030 4047 1190 4128 accipiunt
1209 4050 1489 4127 principatumque
1509 4046 1636 4126 superni
1658 4047 1708 4108 iu-

372 4145 447 4205 dicii
467 4144 660 4219 sortiuntur,
684 4151 721 4207 ut
740 4146 810 4207 vice
832 4146 889 4207 Ilei
907 4146 1095 4224 quibusdam
1121 4153 1252 4226 peccata
1271 4147 1431 4207 retineant
1445 4145 1640 4223 quibusdam
1655 4161 1707 4205 re·
1823 4182 1828 4199 2

371 4241 493 4314 laxent;
508 4260 582 4305 ecce
598 4245 656 4323 qui
673 4244 859 4305 districtum
872 4244 928 4305 Dei
944 4245 1099 4306 iudicium
1116 4251 1278 4313 metuunt,
1294 4245 1473 4307 animarum
1490 4245 1610 4306 iudices
1627 4243 1707 4304 liunt

372 4346 404 4402 et
416 4341 495 4402 alios
510 4340 667 4403 damnant
683 4341 733 4404 vel
747 4342 883 4404 liberant
899 4343 952 4420 qui
966 4343 1156 4422 semetipsos
1172 4344 1313 4404 damnari
1335 4344 1520 4404 metuebant
1536 4341 1633 4421 (hom.
1650 4342 1702 4414 26,

371 4442 405 4509 43
417 4439 460 4499 Μ.
474 4439 630 4517 rastas).
645 4442 683 4501 Et
694 4439 881 4499 Anastasius
893 4440 1007 4501 sinaita
1017 4440 1157 4501 breviter
1168 4442 1244 4502 dicit
1258 4459 1264 4499 :
1280 4441 1431 4502 confitere
1447 4442 1512 4501 Deo
1528 4457 1584 4517 per
1599 4455 1703 4499 sacer·

372 4536 463 4597 dotes
484 4542 617 4616 peccata
646 4543 702 4598 tua
723 4536 776 4615 (de
800 4539 923 4615 synaxi;
947 4537 989 4598 Μ.
1015 4539 1154 4616 89,834);
1179 4539 1218 4599 ci.
1240 4537 1324 4618 Oriq.
1345 4538 1430 4599 bom.
1455 4540 1488 4598 in
1514 4537 1611 4597 Levit.
1628 4537 1699 4608 3‚i;

371 4632 413 4692 Μ.
433 4637 543 4706 tales
556 4641 620 4696 etc.

416 4786 595 4873 Apostolos
622 4784 769 4853 minime
791 4785 948 4854 credulos
970 4786 1087 4868 luisse,
1112 4809 1230 4854 verum
1253 4787 1448 4854 certissimis
1469 4786 1579 4853 solnm
1599 4807 1703 4873 argu·
