4116 5648
266 696 269 701 ,
323 639 468 707 materia
488 639 685 709 communia
704 631 923 700 habebantur
947 638 1058 706 solum
1082 655 1145 724 pro
1174 633 1384 727 pauperibus
1405 621 1440 704 et
1460 634 1650 726 peregrinis

324 746 377 832 (cl.
397 752 415 813 t
432 753 515 837 Reg.
532 754 624 829 23,6.
643 747 705 806 ter.
726 745 841 822 2633.
859 742 973 810 llatth.
992 745 1152 830 nr‚‘'1);v.
1172 746 1213 809 tr
1230 738 1282 806 iti
1295 762 1376 832 cryc
1389 757 1535 834 propter
1547 763 1650 833 pora-

324 876 441 922 sceven
462 854 686 927 ludaeorum,
706 847 789 936 quio
811 847 913 914 iuxta
932 865 1005 918 erat
1028 860 1300 929 monumentum,
1310 863 1502 937 postremam
1522 852 1651 931 Iesum,·

321 957 580 1050 urgebat'enim
602 959 752 1043 tempus,
771 955 853 1045 quia
873 954 1056 1025 sabbatum
1077 954 1239 1022 instabat.
1257 959 1344 1021 Hora
1362 975 1455 1021 nona
1470 955 1496 1024 i.
1518 979 1550 1028 e.
1565 957 1651 1023 hora

322 1069 421 1135 tertia
442 1069 519 1154 post
544 1060 722 1128 meridiem
747 1060 898 1129 Christus
919 1063 1114 1154 exspiravit.
1144 1064 1207 1129 Per
1230 1058 1373 1152 aliquod
1396 1066 1546 1150 tempus,
1569 1063 1650 1132 dnm

286 1227 291 1236 ,
321 1167 569 1255 crurifragium
589 1168 685 1235 tieret
701 1174 734 1236 et
752 1166 878 1234 Pilatus
897 1168 940 1236 dc
964 1175 1073 1237 morte
1101 1167 1226 1235 certior
1241 1169 1353 1236 iactus
1367 1188 1492 1257 corpus
1506 1165 1655 1236 donaret

321 1275 480 1365 losepho‚
502 1297 625 1365 corpus
644 1273 809 1365 pependit
820 1271 979 1343 incruce.
1003 1276 1039 1343 ld
1055 1274 1229 1364 deponere
1243 1275 1287 1343 de
1300 1295 1401 1342 cruce
1410 1273 1535 1341 ablatis
1549 1273 1652 1341 clavis

321 1385 390 1451 iarn
411 1380 456 1447 ob
481 1384 707 1450 reverentiam
726 1402 823 1463 sacro
838 1383 975 1470 corpori
993 1380 1194 1450 habendam
1213 1381 1394 1449 celerrime
1408 1380 1484 1448 fieri
1504 1402 1575 1447 non
1589 1403 1652 1471 po·

194 1460 226 1589 'J
322 1494 421 1557 terat.
451 1487 561 1565 Quare
585 1490 678 1556 locus
700 1487 876 1578 proximus
897 1486 941 1553 ad
963 1488 1177 1578 sepulturam
1207 1495 1280 1556 erat
1310 1487 1524 1575 seligendus,
1547 1487 1651 1578 idque

203 1639 205 1646 ·
233 1648 236 1655 .
322 1601 463 1688 propter
490 1618 713 1686 parasceven,
740 1617 783 1663 ne
813 1593 885 1660 scil.
917 1593 1018 1661 labor
1040 1594 1102 1661 ille
1124 1593 1221 1663 lieret
1241 1595 1278 1663 in
1299 1595 1461 1677 sabbato,
1481 1594 1538 1662 die
1556 1594 1650 1661 testo.

183 1717 185 1723 ’
266 1744 269 1749 ·
323 1703 432 1771 Etiam
449 1703 505 1769 hic
523 1702 738 1791 italoqnitnr
751 1706 895 1768 loannes
916 1699 959 1767 de
978 1722 1177 1790 parasceve,
1197 1705 1236 1768 ut
1254 1701 1297 1769 de
1317 1700 1393 1793 ipso
1414 1702 1470 1770 die
1494 1700 1653 1769 sollemni

322 1811 495 1900 paschatis
518 1832 561 1875 ne
586 1806 749 1895 cogitatio
775 1806 916 1897 quidem
938 1806 1010 1873 ulla
1033 1805 1183 1874 suboriri
1204 1809 1325 1896 possit.
1352 1834 1370 1875 ιι,
1394 1806 1476 1874 Vide
1491 1813 1604 1875 autem
1620 1814 1654 1874 et

249 1974 253 1982 ,
322 1916 459 1984 divitias
477 1913 689 2005 paupertatis
704 1914 836 1981 Domini
849 1919 991 2004 propter
1005 1933 1084 1993 nos3
1102 1913 1163 2003 qui
1181 1915 1275 1981 enim
1288 1936 1358 1983 non
1372 1912 1496 1982 habuit
1509 1913 1652 1980 domum

321 2023 359 2089 in
380 2022 464 2104 vita,
481 2043 594 2110 neque
612 2025 690 2109 post
706 2026 851 2087 mortem
875 2020 1070 2109 sepulcrum
1095 2018 1215 2103 habet,
1232 2020 1292 2088 sed
1317 2020 1355 2087 in
1378 2021 1490 2088 alieno
1510 2018 1653 2110 deponi·

217 2135 220 2143 “
285 2115 287 2118 ’
320 2136 432 2208 tur‚-...
449 2148 538 2216 pone
558 2134 595 2193 tu
617 2148 696 2194 eum
720 2127 757 2193 in
776 2132 998 2195 monumento
1026 2125 1164 2194 animae
1184 2131 1263 2195 tuae
1288 2154 1304 2189 ν
1321 2126 1480 2218 (Τθεομθ.
1496 2125 1654 2193 similiter

320 2235 463 2302 Sereno
476 2234 514 2300 in
532 2240 597 2300 cat.
616 2232 744 2322 cord).
1198 2227 1201 2232 ’

435 2471 463 2527 3.
485 2467 573 2527 Iasus
590 2465 715 2543 plcrmm
736 2483 821 2525 samm
841 2465 1010 2545 monifestat
1028 2441 1236 2527 resurrectione
1247 2466 1335 2546 sacto
1355 2467 1538 2541 toa-meo.

365 2661 528 2752 Sepulcro
542 2683 668 2743 vacuo,
686 2659 961 2750 apparitionibus
979 2660 1077 2727 lactis
1100 2659 1248 2727 ostendit
1266 2665 1357 2727 lesus
1374 2681 1409 2726 se
1429 2681 1509 2726 vere
1525 2682 1544 2726 a
1562 2681 1650 2724 mor-

320 2768 388 2835 tuis
402 2763 623 2835 resurrexisse
648 2773 683 2833 et
700 2768 862 2856 apostolis
881 2766 942 2856 qui
962 2772 1060 2834 testes
1075 2789 1146 2834 esse
1167 2766 1297 2834 debent
1312 2765 1574 2834 resurrectionis
1588 2765 1651 2833 do-

321 2881 482 2942 cumenta
492 2874 599 2941 tradit
610 2896 711 2964 quam
724 2874 871 2941 maxime
881 2873 1066 2941 evidentia.
1082 2878 1186 2941 Suam
1200 2873 1242 2940 iis
1254 2874 1439 2941 committit
1450 2877 1653 2963 potestatem

320 2985 355 3047 et
371 2982 582 3068 migraturus
601 3003 621 3047 a
643 2985 735 3045 terra
753 2984 854 3046 Petro
871 2984 1048 3070 tamquam
1066 3002 1128 3048 suo
1151 2979 1283 3047 vicario
1305 3002 1425 3048 curam
1444 2985 1478 3047 et
1497 2980 1653 3065 regimen

251 3165 255 3173 ι
321 3087 425 3155 totins
439 3086 545 3154 tradit
565 3085 744 3153 Ecclesiae.

493 3310 520 3377 ο)
541 3312 636 3362 lesus
656 3324 691 3361 aa
711 3309 916 3362 manifestat
933 3311 1070 3363 Martae
1088 3311 1316 3375 magdalenae
1335 3310 1483 3377 eoa-18.

256 3515 258 3519 Α
358 3491 431 3551 loa.
448 3489 513 3539 Una
527 3494 621 3539 antem
641 3488 762 3548 sabbati,
779 3488 868 3538 Maria
881 3487 963 3552 Mag·
1051 3484 1124 3554 20,l.
1145 3488 1186 3556 Τῇ
1210 3485 1238 3539 tl
1252 3487 1298 3556 μιᾷ
1315 3490 1364 3538 τῶν
1388 3484 1516 3538 οεθθάτων
1534 3485 1622 3556 Μαρία
1640 3487 1655 3542 ἡ

320 3580 420 3631 dalene
440 3581 517 3629 venit
542 3590 637 3637 mane,
660 3590 745 3641 quum
772 3576 863 3628 adhuc
882 3581 963 3628 tenc·
1013 3571 1172 3643 Μαγδαληνὴ
1187 3573 1287 3646 ῐρχεται
1300 3572 1380 3646 πρωῒ,
1397 3573 1497 3634 scotia<
1512 3571 1549 3626 ἔτι
1569 3572 1653 3642 οὔσης,

321 3669 388 3719 brae
407 3670 516 3727 essent,
537 3667 573 3716 ed
593 3671 821 3728 monumentum
842 3669 870 3716 ct
893 3666 964 3716 vidit
1014 3660 1094 3725 ε1ςτθ
1115 3665 1250 3733 μνημεῖον·
1274 3662 1316 3715 καὶ
1339 3662 1425 3733 [lituu
1449 3662 1493 3716 τθν
1516 3661 1655 3733 λ1θονὴρ-

322 3758 445 3821 lapidem
460 3756 602 3806 snblatnm
617 3770 633 3805 a
648 3757 839 3805 monumento.
854 3754 880 3806 2.
905 3754 962 3807 Cu·
1015 3754 1089 3822 μένον
1108 3751 1135 3804 ἐκ
1160 3756 1205 3805 τοῦ
1229 3751 1363 3824 μνημείου.
1388 3755 1415 3806 2.
1441 3754 1524 3825 τρίχει
1550 3747 1656 3806 οὖνκαὶ

190 3843 192 3846 ’
275 3877 276 3882 1
323 3849 409 3897 currit
421 3859 499 3909 ergo,
512 3848 540 3896 et
554 3845 632 3894 veuit
646 3844 681 3894 ad
692 3844 835 3895 Simonem
846 3844 962 3896 Petrum
1014 3840 1114 3914 ἔρχεται
1137 3840 1197 3912 πρὸς
1219 3840 1321 3912 Σίμωνα
1343 3840 1435 3912 111τρον
1459 3841 1502 3893 καὶ
1529 3842 1588 3912 τερος
1612 3844 1656 3894 τὸν

323 3934 405 3986 etad
433 3930 520 3985 alium
551 3933 717 3996 discipulum
742 3945 824 3996 quem
851 3933 964 3983 amabat
1012 3929 1093 3982 tilios
1119 3927 1232 4000 μαθητὴν
1261 3932 1290 3983 tv
1324 3929 1403 4000 ἐρθιει
1428 3928 1443 3981 θ
1474 3928 1585 4000 Ἰησοῦς,
1614 3931 1657 3983 καὶ

323 4023 416 4084 lesus;
432 4026 459 4073 et
478 4023 545 4072 dicit
565 4023 621 4071 illis
638 4036 643 4068 :
662 4021 796 4070 Tulerunt
812 4021 962 4072 Dominum
1012 4019 1082 4089 λέγει
1101 4018 1197 4089 αὐτοῖς,
1217 4019 1299 4090 Ἦραν
1318 4020 1361 4073 tlte
1380 4019 1463 4090 οὔριον
1483 4017 1510 4072 ἔνι
1530 4025 1572 4072 τοῦ
1593 4040 1656 4091 μνη-

323 4113 358 4164 de
378 4115 573 4170 monumento,
596 4113 624 4161 ct
640 4111 778 4160 nescimus
792 4111 841 4160 ubl
857 4124 962 4174 posue·
1014 4109 1097 4179 μείου,
1118 4109 1160 4160 καὶ
1178 4108 1223 4162 ota
1247 4107 1351 4179 οἴδαμεν
1379 4111 1427 4162 τεοῦ
1455 4108 1545 4174 ἔθηκαν
1570 4108 1654 4163 αὑτόν.

321 4204 387 4253 runt
406 4214 479 4252 enm.
503 4201 528 4249 3.
555 4201 629 4250 Exiit
651 4212 719 4262 ergo
745 4199 843 4249 Petrus
867 4204 895 4250 et
915 4201 963 4250 ille
1014 4201 1039 4254 3.
1061 4197 1162 4263 ἐξῆλθεν
1182 4191 1224 4250 etv
1243 4196 1554 4267 6111τροςιοιθὸἅλλος
1573 4200 1656 4270 μεθη-

323 4287 962 4353 allusdiscipulus,etveneruntadmonumcn·
1012 4284 1069 4354 τὴς,
1103 4286 1145 4338 καὶ
1178 4285 1288 4358 ἤρχοντο
1321 4285 1353 4345 εἰς
1388 4286 1417 4340 τὸ
1456 4289 1588 4358 μνημεῖον.
1631 4292 1655 4342 t.

322 4385 389 4431 tum.
413 4381 437 4429 l.
456 4379 612 4430 Currebant
633 4380 725 4429 autem
744 4377 799 4426 duo
819 4378 918 4439 simul,
935 4384 963 4428 et
1013 4375 1118 4447 ἔτρεχον
1137 4374 1164 4428 tl
1182 4375 1207 4428 cl
1226 4375 1269 4429 δύο
1293 4375 1366 4447 ὁμοῦ·
1387 4376 1430 4429 καὶ
1447 4376 1462 4428 θ
1480 4376 1559 4438 ἄλλος
1577 4377 1656 4446 μαθη-

322 4470 369 4520 ille
388 4471 460 4520 alius
484 4467 640 4531 discipulus
666 4468 857 4531 praecucurrit
878 4467 962 4517 citlus
1012 4463 1055 4531 τὴς
1083 4465 1237 4536 προέδραμεν
1271 4466 1374 4539 τάχειον
1402 4470 1446 4518 τοῦ
1481 4465 1587 4536 Πέτρον,
1616 4465 1658 4517 καὶ

321 4559 414 4621 Petro,
427 4559 543 4608 etvenit
555 4558 663 4619 primus
681 4556 716 4606 ad
737 4561 959 4607 monumentum.
1012 4551 1088 4620 ἦλθεν
1108 4559 1204 4631 πρῶτοςο
1225 4553 1257 4618 εἰς
1286 4555 1315 4608 τὸ
1339 4557 1477 4626 μνημεῖον,
1503 4562 1529 4610 5.
1550 4556 1593 4609 καὶ
1610 4575 1657 4609 ιτα·

293 4716 295 4721 Α
321 4650 347 4698 5.
368 4648 403 4697 Et
421 4661 508 4712 quum
532 4659 563 4696 se
582 4646 758 4704 inclinasset,
780 4647 849 4696 vidit
870 4647 963 4709 posita
1014 4643 1118 4715 ραιιθψας
1138 4643 1223 4714 βλέπει
1237 4645 1338 4715 κείμενα
1357 4643 1387 4697 τὰ
1401 4643 1502 4710 ὀθόνια,
1526 4643 1553 4696 ιθ
1573 4646 1656 4715 μέντοι

320 4737 498 4795 linteamina;
511 4749 569 4786 non
585 4741 677 4784 tamen
693 4737 828 4785 introivit.
842 4735 867 4785 6.
878 4735 963 4785 Venit
1013 4731 1137 4799 εἰσῆλθεν.
1160 4737 1184 4788 6.
1207 4734 1308 4805 ἔρχεται
1326 4728 1371 4785 οὖν
1395 4734 1437 4786 καὶ
1461 4733 1546 4805 Σίμων
1567 4734 1656 4805 Πέτρος

323 4838 390 4889 ergo
411 4824 509 4875 Simon
527 4826 627 4875 Petrus
641 4836 765 4886 sequens
780 4837 858 4885 erim,
875 4831 903 4875 et
918 4827 961 4873 in·
1013 4820 1156 4875 ἀκολουθῶν
1175 4822 1262 4895 αὐτῷ,
1285 4823 1327 4876 καὶ
1339 4825 1342 4833 “
1353 4822 1464 4889 εἰσῆλθεν
1489 4821 1522 4885 εἰς
1546 4823 1574 4876 τὸ
1595 4844 1657 4894 μνη-

322 4916 416 4966 troivit
436 4915 465 4962 in
485 4916 712 4972 monumentum,
730 4915 758 4962 et
779 4914 848 4964 vidit
865 4915 962 4965 lintea·
1014 4913 1100 4981 μεῖον,
1131 4913 1172 4966 καὶ
1200 4914 1293 4982 θεωρεῖ
1317 4912 1347 4966 τὰ
1372 4913 1458 4966 ὀθόνια
1481 4916 1602 4983 κείμεναι,
1630 4917 1654 4966 7.
