4050 5648
3 677 7 689 ’
80 740 83 744 Α
142 694 308 763 rationem
336 697 464 786 quippe
488 693 745 779 synoptieorum
765 699 798 758 et
818 691 979 780 supponit
1001 695 1034 756 et
1053 689 1191 777 supplet
1211 698 1372 770 loannes;
1394 713 1426 754 v.
1451 697 1466 756 1

35 881 37 884 Α
140 823 211 868 erno
238 817 354 869 certem
375 795 508 862 scaenae·
530 798 552 864 i.
578 822 606 864 c.
631 797 744 887 prima
766 799 822 866 die
847 796 1087 879 hebdomadis;
1112 818 1193 875 narn
1220 811 1253 865 τὸ
1273 806 1416 868 σάεὸατον
1437 802 1471 863 ct

138 912 173 976 τὰ
199 914 327 977 cettan
351 902 526 969 notionem
551 925 686 994 quoque
717 903 867 972 induunt
893 903 1121 970 hebdomadis
1145 901 1341 997 (cl.llatth.
1370 910 1468 984 28‚1;

138 1020 236 1081 Marc.
258 1016 351 1088 16,1;
370 1013 448 1076 Luc.
469 1010 678 1096 18,12etc.),
698 1013 811 1078 Mario
826 1009 1031 1098 Moqdalene
1045 1011 1136 1078 venit
1150 1032 1251 1076 utone
1268 1032 1346 1077 cerm
1358 1011 1471 1079 adduc

139 1121 413 1187 tenebrceesscnt
428 1117 475 1183 od
489 1129 764 1201 momenmentum
777 1139 910 1186 summo
920 1138 1019 1183 mane
1036 1140 1071 1184 se
1088 1117 1202 1184 itineri
1217 1116 1293 1197 dat3
1313 1118 1467 1185 declara-

140 1232 195 1291 tur
215 1224 328 1287 fervor
348 1226 486 1291 amoris.
514 1230 559 1291 Ex
580 1223 765 1312 synopticis
787 1229 881 1314 patet
895 1245 971 1288 earn
987 1246 1057 1289 non
1072 1224 1178 1291 solam
1192 1224 1382 1313 profectam
1398 1245 1470 1290 esse

44 1382 46 1386 .
140 1328 184 1395 ad
204 1330 484 1413 monumentum,
514 1330 572 1395 sed
599 1351 667 1394 una
694 1351 771 1395 cum
801 1330 877 1396 aliis
905 1329 1122 1411 mulieribuS,
1147 1353 1234 1420 quae
1263 1334 1471 1419 paraverant

139 1442 313 1517 aromata,
341 1443 377 1502 ut
400 1440 574 1503 venientes
594 1440 765 1520 ungerent
784 1441 903 1501 lesum.
922 1440 1024 1517 Nam,
1042 1441 1079 1502 nt
1099 1433 1176 1503 etr.
1199 1436 1299 1519 dicit,
1317 1442 1349 1503 et
1361 1435 1467 1516 viros,

142 1544 322 1632 losephum
338 1552 372 1609 ct
388 1543 623 1623 Nicodemum,
642 1550 674 1607 et
689 1542 850 1609 mulieres
861 1564 1014 1609 amorem
1028 1541 1170 1632 quidem
1186 1564 1353 1630 magnum
1369 1543 1406 1609 in
1421 1547 1471 1609 le·

139 1670 215 1715 sum
229 1650 422 1716 exhibuisse
438 1656 585 1723 constat,
604 1654 638 1714 at
666 1670 735 1714 non
761 1650 879 1736 magni
902 1649 1080 1738 quidpiam
1102 1647 1146 1715 de
1169 1648 1244 1738 ipso
1258 1651 1416 1727 sensisse;
1438 1649 1470 1715 ei

140 1755 234 1823 enirn
254 1778 372 1822 curam
398 1756 599 1844 impendere
622 1754 742 1822 volunt
765 1767 941 1846 tamquam
967 1762 1133 1844 perpetuo
1153 1755 1188 1821 in
1203 1755 1360 1845 sepulcro
1373 1776 1470 1822 mau-

139 1885 230 1929 suro.
251 1865 317 1928 Cur
333 1867 474 1927 loannes
491 1862 593 1929 solius
608 1861 726 1928 Mariae
747 1864 957 1928 mentionem
972 1861 1075 1928 saciat
1086 1865 1297 1951 ,quaerunt3
1317 1862 1399 1950 quia
1417 1882 1469 1928 ce·

139 1969 219 2035 teris
235 1968 422 2034 ferventior
441 1989 557 2034 amore
575 1976 663 2050 erat,
680 1975 793 2036 censet
808 1971 898 2057 Any.
907 1988 921 2052 ;
937 1967 1023 2034 ratio
1039 1968 1175 2035 videtur
1190 1990 1260 2034 esse
1279 1968 1360 2058 quia
1380 1989 1468 2055 quae

137 2075 196 2141 alii
212 2075 398 2141 omiserant
411 2074 453 2140 de
470 2097 512 2142 ea
524 2096 666 2141 narrare
686 2075 758 2140 vult
773 2080 807 2142 et
821 2074 1091 2164 explicarequae
1107 2064 1235 2142 Marcus
1253 2081 1331 2156 16,9
1347 2074 1470 2161 tetige-

138 2187 205 2264 rat,
222 2182 252 2247 ei
268 2181 469 2270 apparuisse
485 2180 596 2269 primo
608 2183 800 2248 Dominum.
817 2182 986 2270 Supponit
999 2186 1142 2247 loannes
1157 2186 1277 2247 notum
1291 2203 1360 2249 esse
1371 2180 1469 2247 illam

138 2309 217 2355 curn
245 2287 321 2353 aliis
340 2289 469 2354 venisse
491 2287 535 2353 ad
556 2295 834 2368 monumentum,
860 2288 964 2376 idque
990 2287 1080 2354 clare
1100 2309 1239 2376 quoque
1254 2287 1384 2353 indicat
1398 2291 1468 2353 v.2

139 2393 330 2478 nescimus;
345 2405 427 2480 ergo
452 2401 567 2483 aperte
587 2394 671 2461 dicit
690 2417 724 2461 se
748 2416 813 2461 non
835 2394 941 2460 solam
957 2395 1004 2460 ibi
1026 2393 1143 2473 fuisse3
1162 2405 1194 2459 et
1213 2393 1301 2460 vidit
1317 2391 1467 2484 lapidem

139 2498 315 2567 sublatum
329 2523 350 2566 α
370 2513 607 2583 monurnenlo,
626 2500 668 2567 de
689 2524 758 2591 quo
777 2501 937 2567 mulieres
956 2501 992 2566 in
1010 2501 1065 2566 via
1078 2499 1244 2567 sollicitae
1257 2506 1356 2567 eraut
1368 2504 1466 2567 Marc.

142 2613 231 2687 16,3.
254 2613 290 2687 t3
314 2609 363 2673 uti
387 2613 489 2674 leucas
516 2613 650 2687 narrat,
676 2607 835 2674 mulieres
856 2607 1029 2694 ingremae
1054 2608 1091 2673 in
1113 2612 1376 2675 monumentum
1398 2593 1468 2672 non

138 2716 343 2782 invenerunt
357 2736 480 2804 corpus
494 2720 527 2781 et
545 2719 709 2781 steterunt
725 2713 940 2804 aliquamdiu
961 2720 1076 2780 mente
1090 2719 1328 2782 consternatae
1343 2711 1386 2779 de
1403 2713 1469 2779 hoc

138 2823 243 2908 (ma.
268 2824 315 2906 e).

182 2928 284 2993 Maria
304 2926 500 3012 llagdalene
520 2950 581 3015 pro
599 2927 779 2994 fervidiore
800 2927 956 3014 ingenio,
979 2927 1123 2994 simulac
1142 2927 1338 3017 sepulcrum
1359 2927 1468 2993 cernit

136 3056 299 3115 vacuum,
324 3056 395 3098 non
421 3039 593 3122 exspectat
616 3056 693 3100 curn
714 3033 789 3100 aliis
815 3033 1033 3116 mulieribus,
1051 3055 1139 3123 quae
1165 3055 1242 3100 mor
1261 3033 1466 3120 angelorum

135 3139 388 3229 apparitionem
411 3146 443 3206 et
465 3141 656 3228 alloquium
674 3140 816 3216 habent,
835 3139 895 3205 sed
911 3163 942 3206 v.
966 3146 1152 3206 acuerent
1166 3162 1247 3228 erpo
1268 3151 1300 3205 et
1315 3139 1406 3206 venit
1421 3136 1469 3205 ad

134 3247 306 3314 Simonem
328 3250 467 3313 Petrum
489 3258 520 3313 et
547 3246 595 3312 cd
614 3246 723 3313 alium
748 3245 956 3335 (tc'scipulum
982 3269 1083 3335 quem
1103 3246 1244 3312 amabat
1258 3248 1351 3313 Iesus
1372 3254 1468 3332 tester

134 3361 291 3420 tenerum
315 3355 373 3442 qui
394 3353 540 3419 sentitur
562 3375 716 3418 amorem
741 3353 920 3442 exprimit3
939 3374 1015 3419 curn
1040 3357 1215 3443 repetatur
1236 3360 1330 3439 πρὸς,
1356 3351 1467 3441 aliqui

135 3459 363 3540 concludunt,
383 3482 450 3525 non
475 3461 510 3524 in
532 3458 654 3525 eadem
676 3458 780 3525 domo
806 3458 907 3524 fuisse
926 3458 1126 3548 discipulos3
1145 3458 1190 3525 ad
1216 3459 1277 3525 lros
1297 3457 1464 3539 cucurrit,

135 3566 215 3655 quia
232 3572 349 3633 Petrus
364 3572 436 3631 erat
446 3566 600 3631 omnium
616 3565 746 3654 primus
761 3574 793 3631 et
809 3566 891 3653 quia
906 3570 1047 3631 loannes
1060 3563 1182 3632 ceteris
1198 3565 1346 3655 amplius
1356 3568 1465 3632 lesum

136 3672 320 3759 diligebat,
343 3680 375 3737 et
402 3673 437 3737 hi
461 3672 523 3738 soli
549 3674 638 3738 inter
657 3693 776 3738 omues
800 3694 879 3737 eum
903 3672 1011 3739 secuti
1042 3681 1140 3739 erant
1165 3693 1243 3739 cum
1267 3670 1312 3737 ad
1333 3676 1467 3738 Annam

136 3780 322 3845 duceretur
337 3779 473 3867 (Eutlz.)
498 3791 531 3844 et
554 3777 639 3844 dicit
658 3778 754 3844 illis:
774 3777 926 3843 tulerunt
944 3778 1128 3844 Dominum
1143 3777 1184 3844 de
1203 3791 1422 3844 monumento
1436 3791 1466 3844 et

136 3886 304 3951 nescimus
329 3885 387 3950 ubi
400 3898 590 3974 posuerunt
611 3906 708 3970 emm·
731 3884 819 3951 illud
833 3884 1003 3951 nescimus
1022 3907 1091 3951 non
1107 3885 1152 3951 ob
1168 3884 1321 3951 tulerunt
1336 3884 1374 3950 in
1389 3884 1467 3973 plu-

136 3992 198 4058 rali
212 3992 352 4057 effertur
368 3991 519 4080 (Sede),
541 3993 599 4058 sed
616 3993 730 4081 plures
750 3991 908 4058 mulieres
923 4014 1000 4058 cum
1017 4015 1056 4058 ea
1071 3993 1248 4058 accessisse
1263 3989 1368 4079 idque
1383 4013 1467 4080 apo-

134 4099 239 4165 stolos
271 4120 365 4164 nosse
387 4097 580 4175 indicatnr3
603 4121 684 4165 nam
708 4098 799 4164 iufra
826 4122 856 4165 v.
889 4105 940 4178 13,
960 4098 1019 4165 ubi
1034 4099 1077 4165 de
1093 4121 1127 4165 se
1141 4098 1214 4164 sola
1227 4097 1330 4164 refert
1348 4099 1463 4177 llario,

135 4205 374 4272 nonobstante
394 4204 547 4270 tulemmt
569 4204 653 4272 dicit
675 4205 799 4271 nescio.
820 4211 865 4272 Eo
884 4205 991 4291 igitur
1013 4205 1116 4272 modo
1135 4204 1297 4272 facillime
1313 4212 1346 4271 et
1360 4204 1467 4294 aptis-

133 4314 216 4378 sime
243 4315 327 4378 haec
352 4312 501 4377 narratio
523 4334 555 4377 v.
585 4319 615 4379 l.
641 4319 661 4376 2
682 4333 760 4377 cum
785 4312 951 4378 relatione
973 4313 1231 4400 synopticorum
1256 4310 1466 4377 concordare

135 4419 338 4485 ostenditur.

183 4531 266 4592 llum
285 4525 444 4591 mulieres
471 4525 558 4592 aliae
584 4525 705 4591 nuntio
728 4527 887 4614 angelico
907 4530 1047 4613 accepto
1063 4524 1209 4591 redeunt
1223 4525 1377 4604 domum,
1396 4522 1467 4589 duo

139 4631 315 4722 discipuli,
343 4655 427 4720 quos
455 4631 650 4718 Magdalene
675 4654 751 4699 mor
769 4634 813 4699 ad
837 4633 1033 4722 sepulcrum
1053 4631 1220 4719 sequitur,
1237 4631 1307 4699 alia
1320 4631 1375 4697 via
1390 4636 1465 4696 teu-

138 4737 224 4802 dunt
250 4740 292 4804 ad
321 4746 580 4805 monumentum
601 4762 632 4802 v.
656 4747 674 4805 3
692 4738 776 4804 exiit
802 4762 883 4830 erpo
899 4743 1018 4806 Petrus
1038 4751 1071 4803 et
1089 4736 1146 4804 ille
1161 4739 1254 4812 otius
1276 4736 1465 4828 discipulus

139 4857 171 4908 et
186 4846 411 4912 veneruntad
426 4860 704 4931 nzonzrmentum,·
721 4850 853 4912 Petrum
875 4852 1013 4912 euntem
1024 4844 1068 4911 ad
1085 4850 1345 4911 monumentum
1361 4845 1463 4911 etiarn

137 4962 384 5020 commemorat
400 4959 501 5020 Lucas
516 4957 618 5034 2ῌὲ
638 4960 671 5019 et
688 4975 719 5016 v.
738 4957 779 5017 tt
799 4953 974 5043 loquentes
990 4951 1072 5019 lacit
1088 4958 1207 5019 euntes
1225 4952 1259 5017 iu
1276 4955 1435 5019 Emmaus
1456 4971 1464 5016 :
