4116 5648
804 537 885 585 toas.
910 521 1028 591 tut-7.
1513 522 1571 582 467

289 679 396 751 Quare
419 670 569 740 Christus
587 671 702 736 denuo
724 690 781 737 eos
801 671 954 740 suaviter
973 671 1181 737 consolatur.
1198 676 1237 737 st
1249 669 1360 761 primo
1376 666 1518 757 quidem
1533 670 1574 737 iis

249 781 403 857 amanter
415 776 534 846 obiicit
544 773 638 864 quod
653 776 863 845 nullomodo
876 775 919 842 de
936 777 1115 864 praeclaro
1130 775 1197 841 line
1212 777 1365 862 cogitare
1378 774 1570 858 videantur,

243 885 288 952 ad
303 903 406 970 quem
419 884 491 975 ipse
507 880 642 961 tendat;
662 905 758 968 nam,
775 887 823 950 uti
844 889 947 950 antea
968 881 1054 948 dixit
1075 905 1082 951 :
1105 882 1133 948 si
1153 880 1343 968 diligeretis
1357 904 1428 965 me,
1442 880 1573 969 gaude·

244 989 325 1057 retis
339 989 473 1081 utique,
498 988 580 1077 quia
602 991 690 1057 vodo
712 989 757 1057 ad
777 994 910 1056 Patrem
933 987 1082 1076 (it,28),
1101 1001 1132 1053 et
1147 1009 1239 1053 auae
1257 987 1343 1052 cado
1362 987 1410 1053 ad
1422 1011 1498 1054 eum
1514 986 1575 1077 qui

244 1094 339 1161 misit
353 1119 425 1181 ma·
439 1109 471 1164 et
485 1116 584 1160 nemo
599 1118 641 1162 ea
654 1095 749 1162 cobis
765 1096 955 1183 interrogat
977 1117 1031 1161 me
1046 1117 1058 1160 .·
1077 1116 1146 1183 qno
1163 1092 1287 1159 cadis?
1303 1114 1370 1182 qua
1385 1094 1479 1160 suavi
1498 1094 1575 1161 red·

244 1204 422 1289 argutione
440 1202 515 1268 illos
532 1202 606 1269 vult
620 1203 823 1283 admonere,
845 1223 887 1268 ne
907 1202 943 1266 in
962 1201 1035 1267 solo
1050 1200 1201 1267 discessu
1216 1199 1479 1286 cogitationibus
1495 1200 1575 1268 bae·

245 1320 356 1392 reant,
373 1306 433 1376 sed
450 1314 485 1373 nt
508 1308 741 1398 perpendant,
760 1330 828 1397 quo
849 1306 968 1386 vadat,
991 1313 1029 1373 ut
1044 1307 1090 1373 ad
1104 1305 1353 1396 dispellendam
1370 1306 1574 1374 moestitiam

244 1423 426 1505 quaerant,
443 1420 481 1480 ut
504 1415 666 1482 Dominus
685 1412 750 1479 sibi
774 1413 876 1503 plura
900 1413 942 1480 de
970 1435 1033 1479 suo
1053 1413 1098 1479 ad
1119 1418 1253 1480 Patrem
1274 1413 1386 1479 reditu
1402 1405 1435 1480 et
1446 1411 1488 1479 de
1498 1413 1576 1501 glo-

245 1522 297 1590 ria
310 1519 403 1610 apud
422 1526 556 1589 Patrem
571 1518 735 1587 habenda
758 1527 894 1587 enarret
916 1560 960 1571 —
986 1524 1021 1586 at
1040 1519 1098 1586 fixi
1120 1527 1202 1588 sunt
1221 1519 1259 1586 in
1283 1541 1352 1587 una
1365 1519 1425 1586 illa
1439 1519 1576 1587 tristitia

245 1653 277 1697 v.
297 1636 316 1695 6
331 1626 393 1694 sed
414 1631 497 1718 quia
526 1627 608 1694 baec
635 1627 767 1694 loeutus
784 1627 986 1709 sumendis,
1009 1626 1154 1695 tristitia
1170 1626 1325 1717 implevit
1339 1649 1398 1693 cor
1410 1639 1572 1713 vestrum,

245 1735 342 1803 obliti
353 1741 434 1802 sunt
448 1736 620 1802 Christum
636 1733 750 1814 abire,
767 1741 804 1800 ut
824 1735 866 1800 iis
885 1756 1023 1824 quoque
1048 1734 1164 1801 locum
1185 1741 1282 1823 paret
1304 1734 1455 1801 indomo
1468 1734 1576 1800 Patris

246 1842 350 1932 (Μ)
362 1862 370 1917 ;
384 1842 564 1910 bominum
573 1840 610 1907 in
621 1841 685 1907 hac
696 1841 848 1908 humana
861 1841 1119 1908 conversatione
1138 1846 1352 1930 praesentem
1366 1863 1500 1932 semper
1514 1840 1577 1908 ba-

245 1948 326 2015 bere
341 1949 485 2036 eupiunt
497 1948 627 2037 (Herpa).
646 1952 770 2015 Eorum
790 1947 960 2014 desiderio
979 1947 1125 2038 opponit
1139 1954 1318 2038 tamquam
1333 1946 1476 2014 alteram
1494 1970 1575 2015 con·

245 2054 421 2121 solutionis
433 2056 601 2121 rationem
615 2054 764 2121 irnctum
779 2076 860 2121 suae
875 2054 1050 2122 absentiae
1066 2055 1184 2144 (Bora)
1206 2078 1237 2122 v.
1257 2062 1277 2121 '1
1291 2055 1353 2122 sed
1370 2077 1432 2143 eqo
1451 2054 1577 2122 uerita-

246 2175 312 2228 tem
328 2160 421 2227 oobis
435 2160 510 2227 dico
527 2159 690 2251 :expedit
703 2159 796 2226 robis
812 2174 849 2226 ut
865 2184 929 2250 eqo
944 2159 1092 2246 vadam;
1107 2161 1210 2250 proin
1223 2162 1252 2227 si
1264 2163 1371 2251 ipsius
1379 2161 1503 2229 Christi
1512 2163 1577 2228 uti-

245 2268 341 2335 litate
355 2274 389 2334 et
403 2269 513 2354 gloria
525 2267 617 2356 apud
625 2271 762 2333 Patrem
775 2289 842 2334 non
853 2269 933 2334 satis
944 2267 988 2334 de
999 2267 1073 2334 eius
1086 2267 1245 2334 absentia
1260 2289 1331 2334 sese
1346 2268 1448 2336 solari
1458 2268 1578 2334 volunt

246 2375 300 2442 vel
312 2381 466 2465 possunt,
484 2375 659 2440 iamsuam
676 2374 829 2463 ipsorum
843 2375 1028 2441 utilitatem
1040 2374 1342 2463 expendantetsuo
1353 2373 1577 2441 seeommodo

246 2481 384 2568 erigant
408 2488 511 2570 atque
531 2481 743 2560 confortent3
765 2479 902 2546 sienim
921 2504 992 2547 oon
1013 2480 1146 2561 abiere,
1172 2480 1369 2548 Paraclitus
1381 2503 1450 2547 aon
1468 2482 1579 2549 ueniet

246 2588 294 2654 ad
316 2609 389 2672 vos,
417 2587 448 2653 si
466 2601 581 2653 autem
600 2589 731 2671 obiero,
751 2588 889 2654 mittam
907 2611 985 2655 euna
1002 2585 1051 2654 ad
1067 2609 1140 2671 vos,
1161 2593 1194 2653 et
1213 2609 1301 2677 quae
1314 2586 1406 2654 bona
1426 2610 1486 2677 per
1499 2608 1577 2655 eum

247 2695 421 2784 accepturi
435 2695 518 2774 sini,
541 2696 670 2784 partim
685 2694 755 2761 iam
774 2695 886 2761 sciunt
900 2694 1029 2783 (1t‚1r.
1046 2699 1106 2774 263
1130 2693 1244 2780 1536)
1261 2700 1295 2760 et
1312 2716 1389 2760 mox
1403 2693 1506 2783 plura
1517 2715 1579 2761 au-

246 2801 353 2869 dient.
368 2828 384 2860 «
398 2800 629 2890 Enquomodo
638 2801 768 2867 solatur
777 2823 834 2867 eos
844 2821 852 2868 :
861 2802 923 2867 etsi
935 2799 1073 2867 tristitia
1083 2799 1296 2882 afficiamini,
1308 2800 1472 2890 egoquod
1483 2800 1579 2868 vobis

250 2907 333 2975 utile
349 2912 398 2973 est
412 2907 505 2987 dieo;
523 2928 603 2974 nam
615 2929 674 2972 vos
689 2906 829 2996 quidem
845 2906 977 2973 vellatis
995 2928 1132 2997 semper
1150 2927 1284 2973 mecum
1299 2928 1389 2991 esse;
1404 2906 1500 2997 atqui
1514 2908 1580 2974 hoe

247 3036 315 3081 non
341 3020 391 3080 est
414 3013 614 3103 expediens;
642 3012 734 3079 unde
758 3011 795 3078 id
819 3011 912 3098 eligo
936 3011 1032 3101 quod
1053 3012 1149 3079 vobis
1178 3020 1228 3079 est
1251 3011 1367 3079 utile»
1386 3011 1576 3102 (Tacape).

285 3203 448 3274 Quaerunt
467 3219 522 3263 cur
537 3201 660 3262 Christo
681 3205 850 3278 praesente
865 3218 930 3261 non
945 3205 1102 3261 venturus
1118 3201 1160 3260 sit
1176 3201 1360 3261 Paraciitus.
1378 3201 1581 3278 Respondent

246 3299 361 3377 aliqui,
377 3300 452 3379 qnia
467 3299 610 3359 nondum
627 3297 833 3359 maledictum
849 3298 1011 3359 sublatum
1030 3304 1113 3370 erat,
1131 3298 1277 3359 nondum
1292 3303 1456 3376 peccatum
1475 3299 1580 3377 expia-

249 3403 334 3470 tum,
351 3413 464 3460 omnes
477 3396 580 3457 adbuc
597 3395 757 3475 supplicio
774 3395 921 3469 obnoxii3
938 3396 1107 3474 oportebat
1128 3397 1218 3474 prius
1235 3397 1438 3457 inimicitiam
1452 3396 1531 3458 solvi
1549 3402 1582 3458 et

248 3513 305 3557 nos
322 3496 387 3555 Deo
408 3493 624 3580 reconciliari,
642 3498 720 3554 tunc
741 3492 864 3553 donum
888 3493 967 3554 illud
991 3494 1136 3572 accipere
1156 3491 1245 3574 (Chr.
1266 3492 1389 3573 aura).
1415 3494 1476 3556 Sed
1500 3496 1580 3556 bane

247 3592 383 3655 advertit
402 3588 501 3651 allatii.
522 3591 680 3653 Christum
704 3607 767 3651 non
782 3591 886 3652 dicere
902 3609 935 3652 se
955 3591 994 3652 ad
1021 3596 1159 3653 mortem
1175 3593 1237 3663 ire,
1255 3591 1310 3653 sed
1331 3594 1371 3654 ad
1393 3595 1533 3666 Patrem,
1549 3596 1581 3653 et

249 3689 394 3769 potuisse
411 3706 484 3750 eum
498 3689 604 3749 soluto
621 3706 674 3767 per
689 3694 829 3749 mortem
845 3693 878 3750 et
892 3690 1164 3750 resurrectionem
1180 3695 1309 3767 peccato
1326 3708 1452 3751 manere
1467 3709 1581 3770 perpe·

249 3795 305 3849 tuo
327 3804 402 3849 cum
424 3786 586 3865 apostolis.
608 3786 673 3845 Alii
695 3774 852 3847 rationem
875 3792 1009 3848 cernunt
1031 3788 1064 3847 in
1088 3788 1197 3866 aliquo
1216 3805 1324 3849 amore
1346 3789 1579 3867 discipulorum

250 3887 346 3946 nimis
361 3885 500 3947 humano
516 3889 547 3946 et
562 3883 707 3945 sensibili
724 3883 817 3964 (stup.
831 3883 907 3945 Bed.
932 3883 1052 3964 Thero.)
1075 3903 1082 3944 :
1099 3909 1114 3940 a
1132 3887 1159 3946 si
1174 3885 1327 3947 alimenta
1341 3891 1450 3948 tenera
1464 3888 1581 3966 quibus

250 4001 306 4044 vos
321 3984 386 4044 alni
406 4001 469 4044 non
485 3983 687 4051 subtraxero,
708 3982 846 4043 solidum
866 3983 972 4044 einum
995 4000 1060 4044 non
1082 3984 1247 4056 esurietis;
1266 3986 1292 4044 si
1312 3987 1399 4046 carni
1419 3985 1582 4048 carnaliter

251 4081 433 4154 haeseritis,
448 4098 577 4160 capaces
593 4080 727 4158 spiritus
739 4097 805 4141 non
819 4081 907 4142 eritis
924 4104 939 4136 o
954 4080 1076 4160 (Aua).
1090 4084 1171 4144 Vera
1187 4087 1294 4144 autem
1307 4084 1387 4144 ratio
1401 4083 1583 4161 quaerenda

251 4185 299 4242 est
314 4180 347 4239 in
366 4179 494 4239 decreto
512 4177 734 4256 providentiae
753 4178 878 4239 divinae
895 4178 947 4255 (ei.
966 4179 1063 4258 739),
1078 4197 1144 4256 quo
1165 4184 1321 4242 statutum
1342 4185 1404 4254 est,
1422 4188 1458 4242 ut
1471 4198 1584 4244 omnes

251 4286 314 4339 tres
329 4294 480 4354 personae
500 4276 664 4336 Trinitatis
686 4275 906 4354 procurandae
927 4276 1022 4336 saluti
1044 4276 1220 4339 hominum
1242 4284 1474 4357 operarentur:
1493 4283 1584 4340 Pater

250 4376 407 4438 mittendo
428 4374 544 4435 Filium
565 4373 793 4452 trahendisque
814 4373 1000 4434 bominibus
1021 4374 1063 4435 ad
1083 4392 1174 4445 eum,
1194 4375 1293 4436 Filius
1313 4377 1482 4451 docendis,
1498 4378 1584 4438 redi·

250 4474 392 4547 mendis,
407 4471 577 4533 liberandis
590 4471 792 4543 bominibus,
808 4470 941 4548 Spiritus
955 4476 1085 4533 sanetus
1096 4474 1300 4551 perficiendis
1317 4481 1348 4535 et
1359 4476 1453 4534 variis
1467 4475 1583 4536 divinis

251 4571 343 4632 donis
361 4568 608 4650 locupletandis;
627 4586 703 4630 suae
719 4569 834 4647 cuique
851 4569 936 4629 vices
955 4576 1062 4643 erant,
1080 4589 1178 4632 suum
1195 4571 1312 4649 cuique
1329 4578 1466 4650 tempus.
1485 4573 1583 4635 Filius

253 4670 365 4731 debuit
382 4671 508 4729 mittere
524 4667 696 4745 Spiritum3
711 4667 853 4744 loquitur
867 4668 966 4728 etiam
982 4685 1072 4729 more
1090 4669 1254 4729 humano:
1276 4671 1301 4754 si
1318 4671 1439 4735 abiero.
1459 4672 1582 4733 mittam

252 4786 328 4829 eum
344 4769 382 4828 ad
396 4786 451 4827 vos
465 4767 515 4845 (ci.
531 4763 656 4843 Matri).

299 4942 367 5004 lam
391 4935 587 5003 declaratur
607 4933 694 5001 illud
717 4933 855 5024 expedit
876 4935 988 5019 uobis‚·
1004 4935 1199 5004 ostenditur
1217 4937 1312 5005 enim
1339 4939 1464 5008 utilitas
1478 4963 1580 5030 quam
