4050 5648
234 439 247 461 qa
418 435 420 439 “
518 443 520 447 ,

235 464 249 484 V*
268 474 292 493 ’,Ι
415 467 418 473 ’
447 476 449 482 ,
568 461 569 466 ’

238 484 284 536 ¹4⁹..
298 503 324 538 ..κγ
341 506 354 514 1ι
374 504 378 513 ·

245 542 257 573 a*
273 526 405 583 ltlt'ssffff'
473 519 511 579 7ss

251 580 331 637 ’.ι-..ξζὶήἰ1
346 582 386 629 ⁴:⁸¹}

253 652 373 746 Q}
475 663 524 730 ait
549 662 647 749 Cyn,
664 667 747 754 quin
771 675 865 731 ἑκτοῡ
882 665 922 740 μὴ
941 664 1023 741 ἔντος
1043 665 1085 742 εἰς
1106 673 1139 729 τὲ
1154 662 1229 727 εἶναι
1246 660 1396 726 vocatur.
1418 655 1583 726 Subtilius
1609 657 1660 746 (ut
1682 653 1791 722 Malu.

480 767 576 856 dicit)
590 770 648 837 alii
660 771 743 838 inde
755 768 888 835 animae
903 768 1105 835 creationem
1119 765 1357 858 concluserunt
1373 785 1380 826 :
1398 764 1585 831 secundum
1596 786 1718 852 corpus
1732 765 1795 830 ho·

481 873 608 944 minem
623 901 694 946 non
712 872 827 941 venire
842 871 877 937 in
892 875 1075 953 mundum,
1094 872 1173 961 quia
1190 893 1314 963 corpus
1332 869 1375 935 sit
1388 891 1428 935 ex
1444 871 1588 953 mundo,
1604 892 1725 937 verum
1740 893 1795 936 se-

243 970 356 1079 ²2³·,j'³“<⁵['
403 1037 406 1043 .
479 984 628 1053 cundum
643 985 809 1059 animam,
826 1002 913 1068 quae
933 1003 1002 1047 non
1023 981 1067 1047 sit
1080 1001 1119 1045 ex
1138 981 1283 1059 mundo,
1305 975 1364 1042 sed
1385 975 1497 1042 venial
1511 985 1625 1044 creata
1644 980 1745 1044 ³⁰00
1760 978 1796 1042 in

478 1092 646 1159 mundum
660 1085 788 1176 (Titum.
806 1087 878 1153 Cui.
893 1087 1031 1175 Salm.).

519 1203 591 1265 lam
604 1195 640 1261 in
653 1190 880 1283 subsequente
897 1193 1087 1260 accuratius
1102 1189 1288 1279 explicatur
1300 1191 1473 1280 quomodo
1490 1189 1575 1256 haec
1592 1191 1796 1258 illuminatio

481 1303 526 1372 ed
539 1299 692 1386 singulos
710 1302 888 1389 pervenire
903 1301 1007 1388 possit
1022 1307 1055 1366 et
1069 1321 1137 1388 qua
1155 1296 1287 1365 ratione
1303 1301 1386 1366 haec
1406 1295 1615 1364 illuminatio
1627 1296 1796 1386 impedia-

483 1414 540 1485 tur
553 1429 584 1473 v.
604 1412 645 1472 10
658 1406 695 1473 in
707 1405 836 1474 otiando
850 1418 939 1489 crat,
956 1405 1028 1472 scil.
1050 1403 1213 1486 Verbum,
1231 1412 1356 1494 Log0S,
1371 1405 1421 1472 uti
1440 1428 1479 1471 ex
1498 1402 1721 1493 sequentibus
1736 1426 1797 1492 pa-

405 1550 408 1554 ·
483 1517 548 1591 tet;
562 1512 671 1582 leoilis
690 1523 740 1582 est
753 1515 913 1581 transitus
934 1533 954 1578 a
976 1512 1051 1579 luce
1070 1513 1114 1579 ad
1129 1510 1293 1592 Verbum,
1311 1510 1394 1601 quia
1412 1513 1531 1578 iamin
1546 1534 1579 1578 v.
1597 1517 1617 1579 8
1639 1511 1799 1577 transitus

480 1641 501 1686 a
523 1619 600 1687 luce
618 1621 663 1689 ad
689 1621 823 1688 eumin
848 1642 917 1707 quo
935 1617 994 1684 lux
1016 1619 1079 1685 illa
1101 1620 1269 1708 reperitur
1290 1625 1364 1686 erat
1392 1625 1631 1707 praeparatus:
1658 1616 1800 1707 insuper

481 1726 590 1794 etiam
611 1727 831 1816 consequitur
854 1725 949 1792 baud
973 1748 1114 1813 operose
1127 1749 1167 1792 ex
1186 1749 1217 1792 v.
1243 1732 1262 1790 t
1285 1751 1292 1791 :
1320 1729 1354 1792 in
1379 1747 1419 1791 eo
1438 1731 1513 1792 erat
1528 1725 1600 1792 rita
1615 1725 1639 1792 i.
1664 1748 1694 1792 e.
1724 1725 1797 1804 lux,

483 1855 566 1920 ergo
583 1834 656 1923 ipse
674 1832 760 1898 lucis
778 1833 915 1898 nomine
935 1830 1109 1919 designari
1122 1839 1243 1922 potest.
1268 1838 1396 1900 Nexum
1411 1831 1555 1898 adstruit
1572 1834 1662 1920 Κεφ.
1679 1831 1772 1897 hunc
1790 1851 1798 1896 :

483 1939 632 2017 Verbum
650 1937 743 2027 quod
768 1945 817 2005 est
840 1939 932 2028 apud
958 1943 1081 2022 Deum,
1108 1939 1280 2028 quomodo
1301 1939 1475 2005 hominem
1495 1938 1571 2006 luce
1589 1959 1652 2004 sua
1670 1936 1800 2003 illumi·

482 2066 565 2112 nare
584 2045 713 2134 potest?
726 2044 808 2113 audi
822 2068 830 2113 ;
845 2045 882 2112 in
902 2045 1030 2112 mundo
1050 2052 1124 2112 erat
1135 2054 1168 2112 et
1181 2045 1273 2134 apud
1288 2051 1394 2113 Deum
1407 2052 1495 2128 erat;
1518 2043 1696 2110 inmundo
1714 2045 1802 2110 siout

480 2173 582 2220 causa
603 2151 755 2219 efficiens
770 2159 805 2218 et
819 2174 1040 2233 conservans,
1064 2153 1181 2220 efficax
1199 2153 1316 2241 itaque
1341 2160 1373 2218 et
1388 2174 1548 2242 praesens
1571 2159 1621 2218 est
1642 2151 1802 2217 omnibus

483 2260 528 2326 ad
539 2257 807 2326 illuminandum
824 2259 968 2348 (Thom.)
983 2259 1176 2326 elmundus
1188 2283 1249 2349 per
1265 2259 1375 2349 ipsum
1387 2259 1503 2345 [cetera
1521 2274 1584 2339 cst,
1599 2258 1648 2324 ita
1662 2258 1801 2347 quidem

482 2371 520 2432 ut
552 2388 592 2433 ex
617 2365 854 2453 magnitudine
877 2366 1003 2455 speciei
1037 2374 1069 2433 et
1101 2374 1275 2433 creaturae
1308 2374 1441 2433 creator
1470 2365 1619 2455 potuerit
1642 2366 1802 2452 cognosci

483 2475 685 2562 (Sap.13,5.
714 2478 807 2541 Rom.
832 2481 921 2555 1,19.
947 2480 1000 2540 20.
1026 2478 1098 2541 bot.
1124 2476 1248 2560 lt,1o).
1274 2473 1449 2541 Debebunt
1464 2473 1580 2561 itaque
1599 2472 1649 2539 uti
1672 2470 1803 2538 lumine

479 2579 630 2646 naturali
642 2586 676 2646 et
687 2586 792 2646 Deum
807 2603 909 2670 quem
923 2581 1135 2671 exoperibus
1154 2603 1354 2667 cognoscere
1371 2587 1530 2670 poterent
1542 2581 1716 2659 venerari,
1730 2585 1803 2645 tum

479 2707 564 2753 sane
578 2685 639 2752 illa
650 2685 772 2753 aderat
783 2709 822 2753 ex
838 2709 956 2754 eorum
971 2696 1069 2776 parte
1082 2688 1250 2769 conditio,
1269 2694 1306 2754 ut
1320 2689 1515 2755 ulteriorem
1531 2708 1677 2775 eamque
1687 2706 1804 2774 super-

482 2792 672 2859 naturalem
691 2815 712 2858 a
725 2793 835 2859 Verbo
850 2796 1048 2882 acciperent
1066 2794 1367 2861 illuminationem.
1384 2795 1447 2871 Qui
1464 2816 1543 2860 vero
1563 2792 1639 2859 luce
1654 2790 1804 2858 naturali

480 2902 514 2965 ct
525 2898 604 2985 lege
617 2897 678 2965 illa
689 2899 841 2965 omnium
855 2901 891 2966 in
901 2900 1062 2966 cordibus
1077 2901 1240 2989 inscripta
1254 2902 1364 2988 (Rom.
1378 2901 1471 2987 tlt)
1487 2899 1663 2986 neglecta,
1676 2902 1802 2986 spreta,

480 3004 644 3072 suffocata
658 3027 694 3071 se
707 3005 746 3072 in
758 3006 840 3073 vitia
855 3006 1124 3074 etidololatriam
1137 3007 1352 3089 abiecerunt,
1370 3007 1421 3074 illi
1437 3007 1540 3073 etiam
1553 3006 1670 3073 oculos
1682 3003 1806 3071 mentis

257 3084 344 3151 ³³³
405 3178 409 3185 ,
481 3112 696 3180 occluserunt
714 3112 964 3180 illuminationi
984 3114 1083 3181 Verbi
1104 3115 1372 3204 supernaturali;
1392 3115 1443 3180 illi
1463 3120 1636 3202 tamquam
1659 3113 1750 3179 caeci
1771 3113 1807 3176 in

483 3217 664 3307 splendore
681 3218 763 3286 solis
782 3219 1017 3287 ambulabant.
1035 3221 1117 3288 Aliis
1137 3221 1271 3288 verbis:
1295 3221 1355 3311 qui
1370 3220 1451 3287 lacit
1468 3242 1508 3286 ex
1524 3241 1586 3286 sua
1599 3225 1697 3309 parte
1713 3216 1807 3305 quod

480 3330 606 3412 potest,
628 3325 660 3391 ei
676 3330 763 3392 lteus
781 3348 849 3392 non
865 3327 991 3410 deerit,
1010 3328 1116 3394 immo
1129 3328 1199 3394 iam
1218 3328 1320 3394 etiam
1337 3327 1369 3394 ei
1389 3328 1515 3407 adstat,
1536 3332 1574 3392 ut
1592 3325 1708 3393 faciat.
1729 3329 1806 3390 Ver-v

481 3430 569 3497 bum
591 3432 709 3520 utique
735 3455 804 3521 qua
827 3432 974 3499 Verbum
994 3457 1035 3500 ex
1055 3457 1157 3522 opere
1177 3434 1298 3501 mundi
1320 3436 1460 3521 agnosci
1481 3434 1616 3521 nequit,
1642 3437 1676 3499 at
1695 3431 1808 3521 opifex

492 3540 577 3603 Deus
591 3537 651 3626 qui
673 3537 836 3604 colendus
849 3540 911 3620 'sit3
933 3540 976 3606 ad
997 3562 1100 3628 quam
1115 3541 1363 3626 cognitionem,
1381 3541 1443 3607 etsi
1462 3541 1540 3607 solis
1563 3539 1694 3605 viribus
1710 3544 1808 3604 natu-

482 3642 613 3711 ralibus
634 3644 755 3710 baberi
777 3645 896 3734 possit,
915 3652 1028 3712 tamen
1051 3647 1198 3713 Verbum
1220 3648 1323 3714 etiam
1344 3669 1444 3737 opem
1464 3654 1498 3712 et
1518 3644 1807 3713 illuminationem

484 3749 661 3838 quendam
682 3754 1010 3840 praeternaturalem
1030 3754 1065 3842 (i.
1091 3776 1121 3819 e.
1147 3755 1261 3821 stricte
1281 3752 1414 3820 homini
1437 3776 1507 3820 non
1526 3752 1696 3835 debitam,
1719 3760 1754 3817 at
1778 3751 1810 3816 ei

485 3855 588 3923 valde
616 3857 745 3942 utilem)
770 3858 953 3925 contulisse
975 3862 1116 3927 omnino
1139 3861 1345 3928 censendum
1371 3870 1431 3928 est.
1456 3859 1652 3927 Deusenim
1676 3857 1809 3924 homini

343 3970 348 3978 '
445 4008 447 4011 .
491 3985 560 4029 non
577 3962 735 4051 providet
753 3969 884 4032 tantum
902 3969 1105 4047 necessaria,
1122 3968 1181 4033 sed
1192 3968 1224 4034 ei
1239 3990 1376 4056 quoque
1389 3990 1451 4057 pro
1466 3989 1528 4034 sun
1547 3966 1761 4054 benignitate
1777 3971 1811 4030 et

485 4068 696 4136 liberalitate
716 4071 847 4137 assistit.
867 4079 974 4160 Atque
985 4071 1072 4138 bene
1087 4073 1274 4139 notandum
1287 4081 1351 4154 est,
1370 4074 1464 4162 quod
1479 4072 1592 4140 Ttom.
1611 4078 1729 4139 monet
1743 4071 1811 4137 dici

494 4176 551 4243 bic
566 4199 703 4266 quoque
723 4189 811 4260 erat,
834 4185 871 4243 ut
894 4178 1093 4246 ostendatur
1114 4179 1157 4245 ab
1181 4178 1279 4245 initio
1295 4185 1472 4246 creaturae
1497 4181 1645 4247 Verbum
1659 4178 1761 4244 fuisse
1777 4178 1812 4242 in

496 4282 637 4350 mundo.
663 4283 869 4350 Describitur
887 4286 1003 4375 itaque
1025 4285 1108 4374 quid
1128 4285 1272 4353 Verbum
1295 4286 1339 4352 ab
1358 4286 1493 4371 origine
1515 4286 1651 4372 generis
1666 4285 1812 4351 hnmani

389 4428 391 4433 -
487 4390 695 4476 praestiterit
706 4413 767 4480 pro
782 4391 990 4459 hominibus.

538 4499 659 4563 Verum
680 4497 716 4564 id
732 4497 857 4564 accidit
870 4499 962 4587 quod
975 4502 1115 4590 Sapiens
1132 4502 1200 4567 iam
1217 4499 1309 4565 vanis
1322 4500 1521 4566 hominibus
1536 4499 1721 4590 exprobrat
1732 4504 1766 4565 ct
1778 4497 1814 4563 in

494 4601 682 4671 maximam
697 4607 798 4672 vertit
812 4605 965 4694 culpam,
980 4608 1029 4674 ita
1041 4615 1078 4676 ut
1090 4632 1145 4675 eos
1161 4607 1260 4673 venia
1275 4629 1346 4673 csse
1359 4607 1482 4694 dignos
1495 4613 1596 4694 neget
1612 4607 1707 4695 (Sap.
1725 4607 1813 4690 13,8)

489 4721 527 4775 et·
538 4709 687 4779 inunctus
698 4736 775 4779 eum
785 4736 852 4779 raon
867 4715 1059 4801 copnooiti.
1077 4739 1106 4781 e.
1124 4724 1173 4782 est
1187 4715 1284 4802 quasi
1299 4715 1499 4782 exclamatio
1512 4715 1660 4781 dolentis
1675 4713 1812 4800 (lurp),

490 4815 678 4883 mundusi.
697 4843 726 4887 e.
755 4821 909 4887 homines
935 4820 1055 4885 mundi
1070 4845 1186 4888 amore
1204 4821 1336 4910 decepti
1355 4827 1388 4887 et
1401 4844 1442 4888 eo
1462 4821 1554 4910 quod
1570 4825 1746 4886 creaturae
1765 4817 1815 4884 in-

491 4922 681 4990 haerebant
694 4948 715 4991 a
730 4933 795 4994 Deo
818 4926 925 4995 alieni
939 4927 1081 5015 (Beda),
1102 4930 1281 4996 dilectores
1296 4928 1415 4995 mundi
1434 4929 1573 5020 (Aue),
1591 4926 1746 4993 homines
1761 4948 1812 4992 re·
