4116 5648
764 445 776 472 ⁷
892 498 969 545 1oau.
994 487 1130 561 loe-ll.
1201 505 1203 509 ’

347 638 442 725 Silus
457 634 560 714 Vitam
585 655 701 704 veram
721 638 755 699 et
773 632 891 700 omnia
915 634 1135 704 abundanter
1154 656 1243 722 quae
1273 637 1320 704 ad
1350 636 1440 712 hanc
1465 634 1571 701 vitam
1599 661 1681 707 con·
1772 620 1842 737 ’ν’,ξ

345 738 564 825 servandam,
592 739 880 832 promovendam,
914 740 1092 810 ditandam
1120 740 1358 828 requiruntur,
1387 750 1425 810 ut
1452 746 1589 831 περισσὸν
1620 744 1683 811 ha·
1781 732 1842 831 Q}

346 850 465 930 beant,
492 877 509 910 «
530 871 601 916 non
622 846 733 913 solum
759 848 882 931 vitam,
906 848 965 916 sed
991 846 1125 934 aliquid
1151 847 1315 936 ampliuS,
1337 856 1376 915 ut
1396 851 1490 917 omni
1511 850 1683 917 bonorum
1783 830 1842 945 ᾖξ’

346 975 470 1041 genere
495 952 769 1034 cumularentur,
792 952 859 1018 hoc
881 960 999 1020 autem
1019 954 1229 1042 praeclarius
1254 954 1324 1020 sive
1347 953 1551 1023 honoratius
1571 976 1684 1023 acces-
1792 936 1842 1035 ⁴³17}

346 1058 517 1151 sionisque
538 1066 574 1128 et
593 1060 720 1126 cumuli
742 1059 849 1125 vicem
869 1060 1000 1126 habens
1017 1066 1282 1127 consentaneum
1299 1065 1350 1126 est
1372 1057 1489 1126 dicere
1511 1063 1684 1149 perfectis·

347 1165 469 1235 simam
492 1165 638 1255 Spiritus
662 1166 965 1257 participationem
994 1195 1009 1226 »
1036 1167 1130 1254 (Cpr.
1156 1167 1233 1232 sim.
1260 1166 1402 1255 aliold.);
1427 1165 1507 1233 vide
1534 1174 1630 1249 1,ro;
1651 1175 1682 1251 6,
1735 1227 1736 1232 ,
1797 1243 1842 1271 ,

353 1278 406 1341 35.
425 1281 479 1343 58.
1817 1273 1824 1299 ’·

387 1442 476 1505 Haud
491 1443 584 1520 pauci
598 1461 626 1501 v.
643 1440 836 1520 llexplicant
851 1443 890 1504 de
906 1442 1021 1503 ovibus
1035 1443 1058 1501 i.
1075 1459 1103 1501 e.
1121 1441 1161 1503 de
1177 1443 1328 1503 omnibus
1345 1440 1507 1514 fidelibus,
1520 1444 1683 1506 Christum

345 1559 415 1604 esse
430 1539 549 1601 ostium
569 1558 627 1620 per
642 1539 728 1619 quod
743 1557 856 1602 omnes
872 1540 1011 1601 debeant
1026 1539 1058 1599 in
1076 1540 1265 1614 Ecclesiam,
1284 1540 1323 1601 ad
1340 1557 1469 1619 gregem
1487 1540 1683 1602 dominicum
1784 1576 1787 1580 Δ

347 1641 465 1700 intrare
483 1635 632 1720 (raupa.
651 1635 749 1696 noti.
765 1636 848 1718 nup.
877 1636 980 1697 riom.
997 1634 1077 1697 non.
1102 1634 1170 1698 oar.
1195 1635 1260 1697 rot.
1278 1635 1376 1698 inu.
1395 1636 1473 1719 rap.
1492 1636 1576 1699 corr.
1595 1637 1683 1718 rna,
1790 1620 1831 1731 gs,

347 1736 378 1798 id
394 1734 481 1813 quod
496 1737 608 1815 utique
622 1751 731 1796 vemm
746 1739 809 1806 est;
825 1740 858 1795 at
872 1735 1072 1796 concinnitas
1087 1735 1241 1796 orationis
1256 1736 1340 1814 perit
1352 1739 1385 1797 el
1398 1740 1579 1797 contextus.
1596 1738 1685 1798 Prae·

346 1839 433 1895 terea
446 1834 532 1894 varie
550 1833 707 1911 accipitur
723 1832 846 1911 ingredi
863 1837 896 1892 et
911 1832 1030 1910 egredi.
1047 1835 1143 1894 Recte
1164 1830 1241 1892 Bar.
1257 1834 1400 1911 concipit
1419 1833 1459 1895 de
1480 1839 1608 1913 pastore
1629 1834 1686 1912 qui
1786 1868 1789 1873 ·
1803 1828 1842 1917 ,si-⁴,

347 1935 419 1992 ante
443 1948 518 1993 oves
543 1930 732 2009 ingreditur,
754 1934 827 1992 ante
854 1947 908 1991 eos
933 1929 1095 2010 egreditur
1116 1930 1236 1991 ducens
1261 1931 1300 1992 ad
1325 1948 1458 2009 pascua3
1481 1933 1570 1993 bene.
1588 1932 1685 1993 etiam

345 2026 443 2089 Mald.
465 2027 588 2107 ingredi
605 2028 759 2089 inlocum
781 2027 838 2088 nbi
862 2029 1030 2097 recubent,
1047 2028 1156 2106 egredi
1176 2027 1216 2089 ad
1233 2046 1359 2106 pascua.
1378 2029 1438 2089 alii
1461 2028 1684 2109 autemexpli·
1731 2026 1734 2030 ’

345 2131 417 2188 cant
431 2144 470 2188 ex
483 2125 666 2188 hebraismo
684 2125 724 2186 de
739 2126 823 2185 vitae
843 2126 982 2203 negotiis
1000 2133 1031 2186 et
1046 2126 1197 2203 operibus
1213 2125 1386 2188 secundum
1404 2126 1484 2189 illud
1505 2145 1513 2186 :
1532 2127 1685 2188 Dominus
1796 2124 1831 2209 ¹1}

346 2225 501 2286 custodiat
516 2223 685 2284 introilum
701 2231 793 2285 tuum
809 2227 841 2283 et
856 2223 979 2283 exitum
996 2228 1089 2284 tuum
1107 2221 1168 2300 ips.
1187 2226 1294 2296 lau&
1307 2223 1346 2285 cl.
1365 2227 1456 2286 Dent.
1471 2226 1555 2295 313.
1574 2228 1588 2285 1
1607 2226 1682 2304 lleg.
1796 2231 1810 2292 ,ἵ
1825 2226 1842 2311 {l

275 2404 278 2409 ,
348 2324 448 2394 18,13.
464 2324 483 2380 2
502 2324 576 2400 Reg.
591 2323 663 2394 3525
678 2326 738 2382 eto.
762 2319 846 2380 Iona.
873 2318 965 2398 Tol).
979 2321 1072 2380 Varia
1085 2322 1239 2401 proponit
1254 2320 1334 2402 Aug.
1353 2322 1497 2401 :ingredi
1519 2340 1588 2383 esse
1604 2324 1683 2384 inle-

347 2417 412 2481 rius
427 2418 546 2496 aliquid
562 2419 716 2498 cogitare,
734 2418 843 2498 egredi
859 2419 1000 2479 exterius
1015 2419 1156 2497 operari;
1174 2419 1296 2500 ingredi
1309 2419 1405 2480 vitam
1418 2437 1511 2498 agere
1524 2425 1682 2500 tempora·

347 2516 429 2588 lem,
441 2516 548 2596 egredi
563 2516 602 2577 ad
617 2517 714 2576 vitam
736 2520 913 2589 aeternam,
931 2517 1110 2595 eodemque
1132 2517 1227 2578 modo
1243 2517 1338 2578 vitam
1356 2517 1472 2578 habere
1493 2517 1629 2597 explicat
1643 2516 1682 2578 de
1782 2496 1809 2563 'a

346 2615 412 2674 rita
434 2614 464 2675 in
484 2613 563 2685 fide,
580 2614 796 2674 abundantius
815 2613 934 2675 habere
960 2614 1000 2675 de
1022 2615 1088 2675 vita
1117 2619 1246 2675 aeterna
1268 2614 1428 2684 lucceio,
1455 2616 1495 2675 de
1518 2632 1582 2691 qua
1601 2615 1682 2676 illud

346 2711 560 2773 abundantius
575 2711 671 2772 multi
683 2711 847 2789 accipiunt
859 2710 913 2790 (cl.
929 2710 1012 2792 Καρ.
1025 2708 1103 2771 Bed.
1120 2710 1223 2771 Tirom.
1239 2709 1318 2771 Bon.
1338 2709 1432 2790 Caii.
1445 2712 1524 2773 Cum
1540 2712 1682 2774 Christus
1796 2714 1812 2798 ς’
1824 2674 1842 2775 ’,

345 2808 488 2870 hocloco
504 2809 588 2870 dicat
604 2810 835 2871 inuniversum
853 2827 860 2869 :
882 2826 941 2888 ego
953 2826 1026 2871 sum
1047 2810 1182 2882 ostium,
1201 2813 1309 2888 posset
1328 2809 1428 2870 videri
1444 2811 1607 2871 notionem
1628 2826 1681 2870 ex-

347 2907 491 2980 tendere,
509 2911 543 2968 ut
558 2908 715 2985 significet
731 2925 764 2968 se
786 2907 904 2968 ostium
923 2912 955 2968 el
972 2925 1030 2986 pro
1051 2907 1232 2985 pastoribus
1254 2911 1287 2968 et
1301 2924 1359 2986 pro
1380 2907 1491 2968 ovibus
1505 2908 1566 2986 (uti
1587 2906 1682 2968 etiam

346 3003 427 3085 Aug.
443 3003 520 3065 Bed.
532 3003 624 3085 Sclrg.
636 3005 845 3084 concipiunt).
861 3006 900 3064 at
913 3009 1044 3083 propter
1057 3023 1088 3065 v.
1105 3006 1124 3065 8
1139 3009 1172 3065 et
1186 3004 1332 3067 suetiam
1345 3005 1423 3065 haec
1437 3004 1607 3083 explicatio
1621 3005 1682 3064 im·

347 3102 521 3180 probabilis
537 3108 601 3173 est,
616 3103 762 3181 quamvis
778 3102 887 3179 utique
903 3103 1007 3163 verbis
1021 3102 1256 3164 accommodari
1272 3104 1384 3180 possit.

392 3296 484 3374 Quod
508 3296 550 3362 de
571 3319 606 3363 se
630 3299 700 3364 iam
719 3298 958 3365 enuntiaverat
975 3297 1012 3363 in
1042 3296 1257 3386 oppositione
1280 3297 1325 3364 ad
1348 3298 1468 3366 tures:
1497 3319 1562 3385 ego
1587 3297 1681 3373 veni,

350 3425 441 3471 nuuc
454 3404 568 3469 verbis
582 3405 732 3493 propriis
746 3410 781 3470 et
794 3403 942 3470 maxime
956 3403 1233 3491 significantibus
1247 3403 1411 3495 proponit
1426 3426 1457 3470 v.
1476 3410 1514 3471 ll
1532 3426 1595 3493 cqc
1608 3425 1683 3470 sum

347 3523 465 3600 pastor
483 3513 589 3577 bontas
609 3522 623 3578 ὁ
642 3520 750 3594 ποιμὴν
772 3518 899 3590 §exig
920 3532 1008 3577 unus
1026 3511 1084 3592 ille
1108 3517 1142 3578 et
1163 3533 1242 3577 vere
1265 3512 1390 3596 bonus,
1409 3511 1469 3600 qui
1490 3511 1603 3578 olficio
1621 3532 1683 3576 suo

350 3617 525 3707 praeclare
552 3617 725 3705 iungitur,
754 3618 798 3684 cf.
828 3625 842 3682 1
871 3621 958 3684 Petr.
986 3618 1683 3707 1351151ὰρχιποιμήν.ΡορυΙυευοί

349 3745 450 3813 saepe
465 3746 549 3811 grex
563 3723 698 3790 Domini
714 3723 852 3804 dicitur,
865 3746 945 3790 oves
958 3745 1080 3791 manus
1092 3725 1181 3803 eius,
1196 3746 1274 3792 oves
1285 3746 1431 3814 pascuae
1444 3724 1518 3791 eius
1532 3732 1566 3791 et
1581 3723 1683 3791 lahve

351 3837 466 3920 pastor
480 3830 538 3917 (cf.
559 3835 611 3896 PS.
625 3837 701 3910 23,l
717 3829 816 3896 hebr.
833 3834 913 3896 LXX
930 3834 1043 3918 Κύριος
1063 3840 1212 3914 ποιμαίνει
1233 3862 1286 3914 με,
1305 3837 1355 3897 PS.
1373 3836 1492 3913 78,l3;
1508 3836 1605 3913 θῌς
1627 3836 1681 3911 99,

350 3942 382 4002 3.
400 3941 453 4002 liz.
472 3942 552 4017 3t,5
566 3958 636 4025 seq.
652 3936 748 4003 llicb.
767 3942 858 4016 nrt.
879 3936 981 4003 Zacb.
1002 3940 1103 4018 10,3).
1128 3942 1232 4004 Porro
1248 3939 1379 4004 llossias
1398 3936 1596 4026 praedictus
1613 3943 1686 4004 erat

350 4050 525 4133 tamquam
541 4052 657 4133 pastor
676 4049 717 4110 ls.
743 4048 842 4124 t0,11
867 4050 902 4108 et
925 4042 1131 4132 praeprimis
1149 4048 1202 4111 Ea.
1231 4050 1332 4123 atas
1352 4051 1385 4109 et
1402 4049 1502 4126 3731
1527 4052 1561 4110 et
1581 4043 1683 4111 Zach.

352 4156 450 4233 13,st
469 4149 561 4237 (vide
576 4172 663 4238 quae
675 4149 744 4216 dixi
760 4149 805 4216 ad
818 4149 881 4215 hos
897 4148 990 4216 locos
1000 4151 1035 4215 in
1049 4151 1264 4239 comment).
1283 4157 1392 4230 Quare
1411 4155 1501 4217 lesus
1516 4151 1686 4239 hocquo-

349 4280 417 4347 que
431 4278 557 4323 nomen
574 4258 741 4346 adoptans
759 4278 794 4322 se
809 4254 960 4322 llessiam
984 4254 1147 4323 declarat.
1168 4260 1206 4323 Et
1226 4279 1332 4346 quarn
1356 4264 1468 4337 καλός,
1488 4278 1593 4345 quam
1615 4255 1686 4323 exi-

351 4365 439 4430 mius
448 4369 482 4429 et
495 4364 691 4452 praeclarus
704 4368 819 4452 pastor
832 4364 876 4428 sit
891 4367 926 4428 et
936 4382 1041 4451 quarn
1053 4363 1201 4450 perfecte
1215 4362 1358 4451 impleat
1372 4361 1519 4452 pastoris
1534 4361 1685 4429 officium

352 4471 494 4558 (Titum.)
519 4471 665 4558 explicat
688 4468 792 4535 simul
810 4468 970 4535 indicans
994 4491 1063 4558 quo
1086 4469 1198 4558 pretio
1218 4469 1361 4536 daturus
1384 4469 1428 4535 sit
1454 4468 1559 4534 vitam
1584 4469 1654 4535 suis
1675 4490 1682 4536 :

353 4580 458 4644 bonan
476 4588 596 4667 pastor
619 4577 773 4643 animam
796 4598 895 4641 suom
918 4575 979 4642 dot
996 4598 1063 4667 pro
1089 4576 1209 4642 ouibus
1229 4577 1300 4642 suis
1323 4585 1432 4660 τίθησιν
1454 4576 1559 4642 vilem
1586 4597 1683 4642 suam

350 4686 482 4773 puniti.
501 4707 530 4750 e.
552 4683 600 4748 uti
614 4683 799 4751 dictionem
814 4681 884 4748 iam
902 4686 990 4770 Rup.
1008 4682 1096 4748 bene
1111 4682 1259 4772 explicat
1276 4707 1284 4749 :
1300 4712 1316 4744 a
1332 4682 1501 4750 talentum
1515 4681 1593 4764 hoc,
1610 4681 1683 4749 ani·

355 4811 446 4857 mam
461 4812 590 4871 meam,
608 4813 670 4879 pro
679 4787 951 4857 sanctificatione
960 4789 1126 4879 antiquae
1142 4788 1444 4879 praevaricationis
1459 4788 1681 4878 persolvam»

354 4902 406 4963 est
423 4897 496 4964 scil.
523 4899 627 4964 vitam
648 4896 865 4988 impendere,
887 4895 985 4963 illam
1010 4896 1184 4985 deponere
1206 4904 1383 4986 tamquam
1404 4904 1513 4984 λύτρον
1532 4894 1683 4985 prelium
