<?xml version="1.0" encoding="UTF-8"?>
<!DOCTYPE html PUBLIC "-//W3C//DTD XHTML 1.0 Transitional//EN"
    "http://www.w3.org/TR/xhtml1/DTD/xhtml1-transitional.dtd">
<html xmlns="http://www.w3.org/1999/xhtml" xml:lang="en" lang="en">
 <head>
  <title>
</title>
<meta http-equiv="Content-Type" content="text/html;charset=utf-8" />
  <meta name='ocr-system' content='tesseract 3.04.00' />
  <meta name='ocr-capabilities' content='ocr_page ocr_carea ocr_par ocr_line ocrx_word'/>
</head>
<body>
  <div class='ocr_page' id='page_1' title='image "./commentariusinq00knabgoog_0222.png"; bbox 0 0 4116 5648; ppageno 0'>
   <div class='ocr_carea' id='block_1_1' title="bbox 979 448 1326 564">
    <p class='ocr_par' dir='ltr' id='par_1_1' title="bbox 979 448 1326 564">
     <span class='ocr_line' id='line_1_1' title="bbox 979 448 1326 564; baseline 0.003 -14"><span class='ocrx_word' id='word_1_1' title='bbox 979 507 1061 553; x_wconf 73' lang='lat' dir='ltr'><strong>roan.</strong></span> <span class='ocrx_word' id='word_1_2' title='bbox 1085 493 1226 564; x_wconf 68' lang='lat' dir='ltr'><strong>aar-38.</strong></span> <span class='ocrx_word' id='word_1_3' title='bbox 1325 448 1326 452; x_wconf 7' lang='grc' dir='ltr'><strong>Ἰ</strong></span> 
     </span>
    </p>
   </div>
   <div class='ocr_carea' id='block_1_2' title="bbox 438 598 1918 822">
    <p class='ocr_par' dir='ltr' id='par_1_2' title="bbox 438 598 1918 843">
     <span class='ocr_line' id='line_1_2' title="bbox 483 598 1918 729; baseline -0.003 -36"><span class='ocrx_word' id='word_1_4' title='bbox 483 623 615 713; x_wconf 88' lang='lat' dir='ltr'><strong>lnipsis</strong></span> <span class='ocrx_word' id='word_1_5' title='bbox 628 623 744 717; x_wconf 87' lang='lat' dir='ltr'><strong>itaque</strong></span> <span class='ocrx_word' id='word_1_6' title='bbox 759 624 922 719; x_wconf 88' lang='lat' dir='ltr'><strong>operibus</strong></span> <span class='ocrx_word' id='word_1_7' title='bbox 941 623 1064 693; x_wconf 85' lang='lat' dir='ltr'>Christi</span> <span class='ocrx_word' id='word_1_8' title='bbox 1082 627 1152 693; x_wconf 85' lang='lat' dir='ltr'><strong>ianr</strong></span> <span class='ocrx_word' id='word_1_9' title='bbox 1172 625 1366 693; x_wconf 81' lang='lat' dir='ltr'>continetur</span> <span class='ocrx_word' id='word_1_10' title='bbox 1384 623 1617 692; x_wconf 92' lang='lat' dir='ltr'><strong>testimonium</strong></span> <span class='ocrx_word' id='word_1_11' title='bbox 1637 630 1762 708; x_wconf 88' lang='lat' dir='ltr'><strong>Patris;</strong></span> <span class='ocrx_word' id='word_1_12' title='bbox 1865 603 1878 637; x_wconf 62' lang='lat'><em>³</em></span> <span class='ocrx_word' id='word_1_13' title='bbox 1903 598 1918 729; x_wconf 48' lang='lat' dir='ltr'>J</span> 
     </span>
     <span class='ocr_line' id='line_1_3' title="bbox 438 727 1766 822; baseline -0.016 -18"><span class='ocrx_word' id='word_1_14' title='bbox 438 738 482 804; x_wconf 84' lang='lat' dir='ltr'><strong>ci.</strong></span> <span class='ocrx_word' id='word_1_15' title='bbox 499 755 531 798; x_wconf 85' lang='lat' dir='ltr'><strong>v.</strong></span> <span class='ocrx_word' id='word_1_16' title='bbox 548 736 602 796; x_wconf 72' lang='grc'><strong>33.</strong></span> <span class='ocrx_word' id='word_1_17' title='bbox 621 735 801 801; x_wconf 88' lang='lat' dir='ltr'><strong>Praeterea</strong></span> <span class='ocrx_word' id='word_1_18' title='bbox 814 729 883 799; x_wconf 92' lang='lat' dir='ltr'><strong>alio</strong></span> <span class='ocrx_word' id='word_1_19' title='bbox 897 751 1035 822; x_wconf 88' lang='lat' dir='ltr'><strong>quoquc</strong></span> <span class='ocrx_word' id='word_1_20' title='bbox 1050 730 1152 798; x_wconf 90' lang='lat' dir='ltr'><strong>modo</strong></span> <span class='ocrx_word' id='word_1_21' title='bbox 1169 733 1266 793; x_wconf 86' lang='lat' dir='ltr'><strong>Pater</strong></span> <span class='ocrx_word' id='word_1_22' title='bbox 1285 732 1316 796; x_wconf 91' lang='lat' dir='ltr'><strong>ei</strong></span> <span class='ocrx_word' id='word_1_23' title='bbox 1335 731 1567 799; x_wconf 90' lang='lat' dir='ltr'><strong>testimonium</strong></span> <span class='ocrx_word' id='word_1_24' title='bbox 1588 727 1766 819; x_wconf 74' lang='lat' dir='ltr'><strong>perhibuit</strong></span> 
     </span>
    </p>
   </div>
   <div class='ocr_carea' id='block_1_3' title="bbox 437 834 1764 929">
    <p class='ocr_par' dir='ltr' id='par_1_3' title="bbox 437 834 1764 929">
     <span class='ocr_line' id='line_1_4' title="bbox 437 834 1764 929; baseline -0.003 -22"><span class='ocrx_word' id='word_1_25' title='bbox 437 841 542 927; x_wconf 95' lang='lat' dir='ltr'><strong>idque</strong></span> <span class='ocrx_word' id='word_1_26' title='bbox 557 840 722 927; x_wconf 78' lang='lat' dir='ltr'><strong>perdurat</strong></span> <span class='ocrx_word' id='word_1_27' title='bbox 733 836 945 929; x_wconf 80' lang='lat' dir='ltr'><strong>perhibitum</strong></span> <span class='ocrx_word' id='word_1_28' title='bbox 962 862 994 904; x_wconf 91' lang='lat' dir='ltr'><strong>v.</strong></span> <span class='ocrx_word' id='word_1_29' title='bbox 1011 845 1053 907; x_wconf 80' lang='lat' dir='ltr'><strong>at</strong></span> <span class='ocrx_word' id='word_1_30' title='bbox 1069 849 1102 901; x_wconf 79' lang='lat' dir='ltr'><strong>et</strong></span> <span class='ocrx_word' id='word_1_31' title='bbox 1117 834 1180 924; x_wconf 83' lang='lat' dir='ltr'><strong>qui</strong></span> <span class='ocrx_word' id='word_1_32' title='bbox 1191 834 1285 899; x_wconf 84' lang='lat' dir='ltr'><em>misit</em></span> <span class='ocrx_word' id='word_1_33' title='bbox 1305 859 1357 903; x_wconf 86' lang='lat' dir='ltr'><strong>me</strong></span> <span class='ocrx_word' id='word_1_34' title='bbox 1376 841 1479 905; x_wconf 83' lang='lat' dir='ltr'><strong>Pater</strong></span> <span class='ocrx_word' id='word_1_35' title='bbox 1492 840 1565 928; x_wconf 81' lang='lat' dir='ltr'><strong>ipsc</strong></span> <span class='ocrx_word' id='word_1_36' title='bbox 1581 847 1694 917; x_wconf 71' lang='grc' dir='ltr'><strong>ἐκεῖνος</strong></span> <span class='ocrx_word' id='word_1_37' title='bbox 1707 837 1764 903; x_wconf 89' lang='lat' dir='ltr'><strong>ille</strong></span> 
     </span>
    </p>
   </div>
   <div class='ocr_carea' id='block_1_4' title="bbox 435 938 1918 1255">
    <p class='ocr_par' dir='ltr' id='par_1_4' title="bbox 435 909 1918 1255">
     <span class='ocr_line' id='line_1_5' title="bbox 436 938 1856 1036; baseline -0.001 -25"><span class='ocrx_word' id='word_1_38' title='bbox 436 967 482 1011; x_wconf 90' lang='lat' dir='ltr'><strong>sc.</strong></span> <span class='ocrx_word' id='word_1_39' title='bbox 512 965 589 1012; x_wconf 92' lang='lat' dir='ltr'><strong>cum</strong></span> <span class='ocrx_word' id='word_1_40' title='bbox 613 945 769 1036; x_wconf 82' lang='lat' dir='ltr'><strong>emphasi</strong></span> <span class='ocrx_word' id='word_1_41' title='bbox 792 941 1024 1011; x_wconf 80' lang='lat' dir='ltr'><strong>testimoniam</strong></span> <span class='ocrx_word' id='word_1_42' title='bbox 1047 939 1226 1031; x_wconf 76' lang='lat' dir='ltr'><em>perhibuit</em></span> <span class='ocrx_word' id='word_1_43' title='bbox 1250 939 1292 1006; x_wconf 87' lang='lat' dir='ltr'><strong>de</strong></span> <span class='ocrx_word' id='word_1_44' title='bbox 1315 963 1369 1007; x_wconf 81' lang='lat' dir='ltr'><strong>me</strong></span> <span class='ocrx_word' id='word_1_45' title='bbox 1394 955 1636 1031; x_wconf 75' lang='grc' dir='ltr'>μεμαρτύρηκεν;</span> <span class='ocrx_word' id='word_1_46' title='bbox 1659 943 1764 1032; x_wconf 90' lang='lat' dir='ltr'><strong>idque</strong></span> <span class='ocrx_word' id='word_1_47' title='bbox 1847 938 1856 979; x_wconf 57' lang='grc'><strong><em>9</em></strong></span> 
     </span>
     <span class='ocr_line' id='line_1_6' title="bbox 435 1047 1875 1140; baseline 0.001 -25"><span class='ocrx_word' id='word_1_48' title='bbox 435 1050 651 1140; x_wconf 78' lang='lat' dir='ltr'><strong>perhibitum</strong></span> <span class='ocrx_word' id='word_1_49' title='bbox 666 1054 774 1120; x_wconf 82' lang='lat' dir='ltr'><strong>exstat</strong></span> <span class='ocrx_word' id='word_1_50' title='bbox 788 1055 822 1115; x_wconf 93' lang='lat' dir='ltr'><strong>et</strong></span> <span class='ocrx_word' id='word_1_51' title='bbox 837 1051 1002 1139; x_wconf 81' lang='lat' dir='ltr'>perdurat</span> <span class='ocrx_word' id='word_1_52' title='bbox 1016 1048 1054 1114; x_wconf 92' lang='lat' dir='ltr'><strong>in</strong></span> <span class='ocrx_word' id='word_1_53' title='bbox 1066 1048 1171 1114; x_wconf 91' lang='lat' dir='ltr'><strong>sacris</strong></span> <span class='ocrx_word' id='word_1_54' title='bbox 1185 1047 1322 1125; x_wconf 84' lang='lat' dir='ltr'><strong>litteris,</strong></span> <span class='ocrx_word' id='word_1_55' title='bbox 1341 1047 1390 1114; x_wconf 91' lang='lat' dir='ltr'><strong>uti</strong></span> <span class='ocrx_word' id='word_1_56' title='bbox 1406 1048 1442 1113; x_wconf 89' lang='lat' dir='ltr'><strong>in</strong></span> <span class='ocrx_word' id='word_1_57' title='bbox 1456 1071 1486 1115; x_wconf 92' lang='lat' dir='ltr'><strong>v.</strong></span> <span class='ocrx_word' id='word_1_58' title='bbox 1510 1055 1563 1116; x_wconf 88' lang='grc'><strong>38.</strong></span> <span class='ocrx_word' id='word_1_59' title='bbox 1579 1054 1621 1115; x_wconf 88' lang='grc'><strong>39</strong></span> <span class='ocrx_word' id='word_1_60' title='bbox 1636 1049 1765 1117; x_wconf 89' lang='lat' dir='ltr'><strong>indica·</strong></span> <span class='ocrx_word' id='word_1_61' title='bbox 1874 1064 1875 1069; x_wconf 77' lang='grc'>’</span> 
     </span>
     <span class='ocr_line' id='line_1_7' title="bbox 437 1152 1918 1255; baseline 0 -33"><span class='ocrx_word' id='word_1_62' title='bbox 437 1166 493 1223; x_wconf 91' lang='lat' dir='ltr'><strong>tur</strong></span> <span class='ocrx_word' id='word_1_63' title='bbox 507 1158 598 1247; x_wconf 75' lang='lat' dir='ltr'><strong>(cla.</strong></span> <span class='ocrx_word' id='word_1_64' title='bbox 613 1164 700 1246; x_wconf 82' lang='lat' dir='ltr'><strong>liup.</strong></span> <span class='ocrx_word' id='word_1_65' title='bbox 720 1155 829 1223; x_wconf 70' lang='lat' dir='ltr'><strong>Malu.</strong></span> <span class='ocrx_word' id='word_1_66' title='bbox 847 1157 948 1227; x_wconf 68' lang='lat' dir='ltr'><strong>Sata.</strong></span> <span class='ocrx_word' id='word_1_67' title='bbox 957 1177 973 1240; x_wconf 88' lang='lat'><strong>,·</strong></span> <span class='ocrx_word' id='word_1_68' title='bbox 982 1153 1139 1221; x_wconf 90' lang='lat' dir='ltr'><strong>similiter</strong></span> <span class='ocrx_word' id='word_1_69' title='bbox 1156 1157 1234 1244; x_wconf 80' lang='lat' dir='ltr'><strong>Cyr.</strong></span> <span class='ocrx_word' id='word_1_70' title='bbox 1252 1154 1368 1244; x_wconf 83' lang='lat' dir='ltr'><strong>Bed.);</strong></span> <span class='ocrx_word' id='word_1_71' title='bbox 1382 1163 1520 1244; x_wconf 91' lang='lat' dir='ltr'><strong>praeter</strong></span> <span class='ocrx_word' id='word_1_72' title='bbox 1533 1155 1765 1244; x_wconf 87' lang='lat' dir='ltr'><strong>testimoniam</strong></span> <span class='ocrx_word' id='word_1_73' title='bbox 1829 1221 1831 1226; x_wconf 86' lang='grc'><strong>,</strong></span> <span class='ocrx_word' id='word_1_74' title='bbox 1880 1152 1918 1255; x_wconf 21' lang='lat' dir='ltr'><strong>squ:</strong></span> 
     </span>
    </p>
   </div>
   <div class='ocr_carea' id='block_1_5' title="bbox 434 1261 1918 1672">
    <p class='ocr_par' dir='ltr' id='par_1_5' title="bbox 434 1261 1918 1672">
     <span class='ocr_line' id='line_1_8' title="bbox 439 1261 1902 1356; baseline -0.001 -27"><span class='ocrx_word' id='word_1_75' title='bbox 439 1264 504 1332; x_wconf 94' lang='lat' dir='ltr'><strong>hoc</strong></span> <span class='ocrx_word' id='word_1_76' title='bbox 518 1288 589 1334; x_wconf 93' lang='lat' dir='ltr'><strong>non</strong></span> <span class='ocrx_word' id='word_1_77' title='bbox 606 1265 670 1332; x_wconf 92' lang='lat' dir='ltr'><strong>erit</strong></span> <span class='ocrx_word' id='word_1_78' title='bbox 682 1261 749 1329; x_wconf 90' lang='lat' dir='ltr'><strong>illis</strong></span> <span class='ocrx_word' id='word_1_79' title='bbox 761 1261 1133 1356; x_wconf 83' lang='lat' dir='ltr'><strong>exspectandumaliud</strong></span> <span class='ocrx_word' id='word_1_80' title='bbox 1145 1284 1165 1327; x_wconf 93' lang='lat' dir='ltr'><strong>a</strong></span> <span class='ocrx_word' id='word_1_81' title='bbox 1179 1265 1278 1328; x_wconf 88' lang='lat' dir='ltr'><strong>Patre</strong></span> <span class='ocrx_word' id='word_1_82' title='bbox 1290 1261 1445 1328; x_wconf 86' lang='lat' dir='ltr'><strong>sensibili</strong></span> <span class='ocrx_word' id='word_1_83' title='bbox 1457 1261 1559 1328; x_wconf 92' lang='lat' dir='ltr'><strong>modo</strong></span> <span class='ocrx_word' id='word_1_84' title='bbox 1574 1261 1763 1342; x_wconf 85' lang='lat' dir='ltr'><strong>edendnm;</strong></span> <span class='ocrx_word' id='word_1_85' title='bbox 1899 1338 1902 1343; x_wconf 15' lang='grc' dir='ltr'><strong>Δ</strong></span> 
     </span>
     <span class='ocr_line' id='line_1_9' title="bbox 436 1367 1865 1462; baseline -0.001 -25"><span class='ocrx_word' id='word_1_86' title='bbox 436 1392 517 1439; x_wconf 92' lang='lat' dir='ltr'><strong>nam</strong></span> <span class='ocrx_word' id='word_1_87' title='bbox 539 1393 647 1462; x_wconf 80' lang='lat' dir='ltr'><strong>neque</strong></span> <span class='ocrx_word' id='word_1_88' title='bbox 666 1392 781 1436; x_wconf 86' lang='lat' dir='ltr'><strong>vocem</strong></span> <span class='ocrx_word' id='word_1_89' title='bbox 800 1371 874 1437; x_wconf 82' lang='lat' dir='ltr'><strong>eius</strong></span> <span class='ocrx_word' id='word_1_90' title='bbox 891 1390 1045 1457; x_wconf 70' lang='lat' dir='ltr'><strong>tanquam</strong></span> <span class='ocrx_word' id='word_1_91' title='bbox 1065 1367 1211 1435; x_wconf 83' lang='lat' dir='ltr'><strong>audistis</strong></span> <span class='ocrx_word' id='word_1_92' title='bbox 1229 1389 1339 1458; x_wconf 83' lang='lat' dir='ltr'><strong>aeque</strong></span> <span class='ocrx_word' id='word_1_93' title='bbox 1358 1369 1502 1458; x_wconf 82' lang='lat' dir='ltr'><strong>speciem</strong></span> <span class='ocrx_word' id='word_1_94' title='bbox 1518 1368 1594 1435; x_wconf 80' lang='lat' dir='ltr'><strong>cius</strong></span> <span class='ocrx_word' id='word_1_95' title='bbox 1612 1367 1762 1452; x_wconf 82' lang='lat' dir='ltr'><strong>uidistis,</strong></span> <span class='ocrx_word' id='word_1_96' title='bbox 1862 1456 1865 1462; x_wconf 18' lang='grc' dir='ltr'><strong>Δ</strong></span> 
     </span>
     <span class='ocr_line' id='line_1_10' title="bbox 437 1473 1918 1568; baseline 0 -24"><span class='ocrx_word' id='word_1_97' title='bbox 437 1500 547 1568; x_wconf 91' lang='lat' dir='ltr'><strong>neque</strong></span> <span class='ocrx_word' id='word_1_98' title='bbox 568 1476 738 1544; x_wconf 92' lang='lat' dir='ltr'><strong>eiusmodi</strong></span> <span class='ocrx_word' id='word_1_99' title='bbox 759 1476 987 1543; x_wconf 80' lang='lat' dir='ltr'><strong>manifestatio</strong></span> <span class='ocrx_word' id='word_1_100' title='bbox 1007 1475 1082 1555; x_wconf 87' lang='lat' dir='ltr'><strong>Dei,</strong></span> <span class='ocrx_word' id='word_1_101' title='bbox 1105 1496 1194 1564; x_wconf 90' lang='lat' dir='ltr'><strong>quae</strong></span> <span class='ocrx_word' id='word_1_102' title='bbox 1212 1475 1389 1541; x_wconf 84' lang='lat' dir='ltr'>retroactis</span> <span class='ocrx_word' id='word_1_103' title='bbox 1412 1473 1624 1563; x_wconf 86' lang='lat' dir='ltr'><strong>temporibus</strong></span> <span class='ocrx_word' id='word_1_104' title='bbox 1637 1477 1766 1566; x_wconf 92' lang='lat' dir='ltr'><strong>populo</strong></span> <span class='ocrx_word' id='word_1_105' title='bbox 1892 1473 1918 1497; x_wconf 75' lang='grc'><strong>’“</strong></span> 
     </span>
     <span class='ocr_line' id='line_1_11' title="bbox 434 1580 1766 1672; baseline -0.002 -20"><span class='ocrx_word' id='word_1_106' title='bbox 434 1608 505 1652; x_wconf 92' lang='lat' dir='ltr'><strong>non</strong></span> <span class='ocrx_word' id='word_1_107' title='bbox 519 1591 568 1651; x_wconf 90' lang='lat' dir='ltr'><strong>est</strong></span> <span class='ocrx_word' id='word_1_108' title='bbox 580 1605 756 1666; x_wconf 88' lang='lat' dir='ltr'><strong>concessa,</strong></span> <span class='ocrx_word' id='word_1_109' title='bbox 776 1582 846 1650; x_wconf 90' lang='lat' dir='ltr'><strong>ullo</strong></span> <span class='ocrx_word' id='word_1_110' title='bbox 860 1588 961 1670; x_wconf 90' lang='lat' dir='ltr'><strong>pacto</strong></span> <span class='ocrx_word' id='word_1_111' title='bbox 981 1584 1047 1648; x_wconf 90' lang='lat' dir='ltr'><strong>erit</strong></span> <span class='ocrx_word' id='word_1_112' title='bbox 1061 1580 1247 1672; x_wconf 81' lang='lat' dir='ltr'><strong>speranda,</strong></span> <span class='ocrx_word' id='word_1_113' title='bbox 1267 1603 1309 1648; x_wconf 90' lang='lat' dir='ltr'><strong>ne</strong></span> <span class='ocrx_word' id='word_1_114' title='bbox 1335 1581 1442 1667; x_wconf 91' lang='lat' dir='ltr'><strong>igitur</strong></span> <span class='ocrx_word' id='word_1_115' title='bbox 1463 1588 1626 1671; x_wconf 86' lang='lat' dir='ltr'><strong>expetant</strong></span> <span class='ocrx_word' id='word_1_116' title='bbox 1643 1582 1702 1649; x_wconf 82' lang='lat' dir='ltr'><strong>liei</strong></span> <span class='ocrx_word' id='word_1_117' title='bbox 1717 1589 1766 1650; x_wconf 83' lang='lat' dir='ltr'><strong>te·</strong></span> 
     </span>
    </p>
   </div>
   <div class='ocr_carea' id='block_1_6' title="bbox 433 1648 1918 1785">
    <p class='ocr_par' dir='ltr' id='par_1_6' title="bbox 433 1648 1918 1785">
     <span class='ocr_line' id='line_1_12' title="bbox 433 1648 1918 1785; baseline -0.005 -27"><span class='ocrx_word' id='word_1_118' title='bbox 433 1689 628 1758; x_wconf 91' lang='lat' dir='ltr'><strong>stimonium</strong></span> <span class='ocrx_word' id='word_1_119' title='bbox 639 1691 807 1781; x_wconf 91' lang='lat' dir='ltr'><strong>apropria</strong></span> <span class='ocrx_word' id='word_1_120' title='bbox 818 1711 899 1755; x_wconf 91' lang='lat' dir='ltr'><strong>voce</strong></span> <span class='ocrx_word' id='word_1_121' title='bbox 913 1695 947 1755; x_wconf 93' lang='lat' dir='ltr'><strong>et</strong></span> <span class='ocrx_word' id='word_1_122' title='bbox 956 1711 978 1756; x_wconf 90' lang='lat' dir='ltr'><strong>a</strong></span> <span class='ocrx_word' id='word_1_123' title='bbox 989 1689 1133 1778; x_wconf 91' lang='lat' dir='ltr'><strong>propria</strong></span> <span class='ocrx_word' id='word_1_124' title='bbox 1142 1710 1289 1778; x_wconf 89' lang='lat' dir='ltr'><strong>persona</strong></span> <span class='ocrx_word' id='word_1_125' title='bbox 1300 1686 1418 1777; x_wconf 77' lang='grc' dir='ltr'><strong>(ΕιιιΙι.</strong></span> <span class='ocrx_word' id='word_1_126' title='bbox 1430 1689 1505 1754; x_wconf 91' lang='lat' dir='ltr'><strong>sim.</strong></span> <span class='ocrx_word' id='word_1_127' title='bbox 1519 1687 1653 1778; x_wconf 67' lang='lat' dir='ltr'><strong>trata),</strong></span> <span class='ocrx_word' id='word_1_128' title='bbox 1668 1693 1766 1757; x_wconf 87' lang='lat' dir='ltr'><strong>Pater</strong></span> <span class='ocrx_word' id='word_1_129' title='bbox 1860 1773 1865 1784; x_wconf 10' lang='grc' dir='ltr'><strong>,ἢ</strong></span> <span class='ocrx_word' id='word_1_130' title='bbox 1875 1648 1918 1785; x_wconf 37' lang='lat'><strong>{¹³3</strong></span> 
     </span>
    </p>
   </div>
   <div class='ocr_carea' id='block_1_7' title="bbox 432 1795 1765 2953">
    <p class='ocr_par' dir='ltr' id='par_1_7' title="bbox 432 1795 1765 2953">
     <span class='ocr_line' id='line_1_13' title="bbox 434 1795 1765 1886; baseline -0.001 -22"><span class='ocrx_word' id='word_1_131' title='bbox 434 1796 526 1864; x_wconf 92' lang='lat' dir='ltr'><strong>enim</strong></span> <span class='ocrx_word' id='word_1_132' title='bbox 541 1818 652 1885; x_wconf 89' lang='lat' dir='ltr'><strong>neque</strong></span> <span class='ocrx_word' id='word_1_133' title='bbox 669 1796 784 1864; x_wconf 90' lang='lat' dir='ltr'><strong>audiri</strong></span> <span class='ocrx_word' id='word_1_134' title='bbox 802 1817 915 1885; x_wconf 90' lang='lat' dir='ltr'><strong>neque</strong></span> <span class='ocrx_word' id='word_1_135' title='bbox 927 1795 1037 1862; x_wconf 91' lang='lat' dir='ltr'><strong>videri</strong></span> <span class='ocrx_word' id='word_1_136' title='bbox 1054 1800 1179 1885; x_wconf 90' lang='lat' dir='ltr'><strong>potest;</strong></span> <span class='ocrx_word' id='word_1_137' title='bbox 1200 1818 1306 1885; x_wconf 92' lang='lat' dir='ltr'><strong>opera</strong></span> <span class='ocrx_word' id='word_1_138' title='bbox 1316 1795 1389 1862; x_wconf 92' lang='lat' dir='ltr'><strong>eius</strong></span> <span class='ocrx_word' id='word_1_139' title='bbox 1399 1801 1433 1861; x_wconf 90' lang='lat' dir='ltr'><strong>et</strong></span> <span class='ocrx_word' id='word_1_140' title='bbox 1447 1796 1640 1862; x_wconf 88' lang='lat' dir='ltr'><strong>testimonia</strong></span> <span class='ocrx_word' id='word_1_141' title='bbox 1653 1795 1765 1886; x_wconf 88' lang='lat' dir='ltr'><strong>Scrip-</strong></span> 
     </span>
     <span class='ocr_line' id='line_1_14' title="bbox 436 1900 1761 1992; baseline 0.001 -24"><span class='ocrx_word' id='word_1_142' title='bbox 436 1910 531 1970; x_wconf 89' lang='lat' dir='ltr'><strong>turae</strong></span> <span class='ocrx_word' id='word_1_143' title='bbox 541 1909 620 1970; x_wconf 90' lang='lat' dir='ltr'><strong>sunt</strong></span> <span class='ocrx_word' id='word_1_144' title='bbox 631 1925 727 1970; x_wconf 88' lang='lat' dir='ltr'><strong>voces</strong></span> <span class='ocrx_word' id='word_1_145' title='bbox 736 1902 809 1969; x_wconf 90' lang='lat' dir='ltr'><strong>eius</strong></span> <span class='ocrx_word' id='word_1_146' title='bbox 822 1903 948 1991; x_wconf 92' lang='lat' dir='ltr'><strong>quibus</strong></span> <span class='ocrx_word' id='word_1_147' title='bbox 962 1901 1133 1983; x_wconf 78' lang='lat' dir='ltr'><strong>audiatur,</strong></span> <span class='ocrx_word' id='word_1_148' title='bbox 1145 1907 1224 1968; x_wconf 91' lang='lat' dir='ltr'><strong>sunt</strong></span> <span class='ocrx_word' id='word_1_149' title='bbox 1241 1900 1339 1968; x_wconf 94' lang='lat' dir='ltr'><strong>color</strong></span> <span class='ocrx_word' id='word_1_150' title='bbox 1357 1923 1425 1992; x_wconf 90' lang='lat' dir='ltr'><strong>quo</strong></span> <span class='ocrx_word' id='word_1_151' title='bbox 1442 1901 1761 1992; x_wconf 71' lang='lat' dir='ltr'><strong>videaturlMold.).</strong></span> 
     </span>
     <span class='ocr_line' id='line_1_15' title="bbox 435 2009 1763 2095; baseline 0.004 -23"><span class='ocrx_word' id='word_1_152' title='bbox 435 2015 557 2076; x_wconf 86' lang='lat' dir='ltr'><strong>Verum</strong></span> <span class='ocrx_word' id='word_1_153' title='bbox 575 2010 663 2078; x_wconf 89' lang='lat' dir='ltr'><strong>hanc</strong></span> <span class='ocrx_word' id='word_1_154' title='bbox 677 2009 736 2077; x_wconf 86' lang='lat' dir='ltr'><strong>Dei</strong></span> <span class='ocrx_word' id='word_1_155' title='bbox 754 2031 873 2076; x_wconf 86' lang='lat' dir='ltr'><strong>vocem</strong></span> <span class='ocrx_word' id='word_1_156' title='bbox 892 2031 962 2075; x_wconf 94' lang='lat' dir='ltr'><strong>non</strong></span> <span class='ocrx_word' id='word_1_157' title='bbox 978 2014 1172 2095; x_wconf 88' lang='lat' dir='ltr'><strong>agnoscunt</strong></span> <span class='ocrx_word' id='word_1_158' title='bbox 1186 2031 1218 2076; x_wconf 88' lang='lat' dir='ltr'><strong>v.</strong></span> <span class='ocrx_word' id='word_1_159' title='bbox 1238 2014 1281 2076; x_wconf 89' lang='grc'><strong>38</strong></span> <span class='ocrx_word' id='word_1_160' title='bbox 1294 2022 1327 2075; x_wconf 86' lang='lat' dir='ltr'><strong>et</strong></span> <span class='ocrx_word' id='word_1_161' title='bbox 1340 2011 1477 2076; x_wconf 86' lang='lat' dir='ltr'><strong>verbum</strong></span> <span class='ocrx_word' id='word_1_162' title='bbox 1491 2009 1564 2076; x_wconf 81' lang='lat' dir='ltr'><strong>cius</strong></span> <span class='ocrx_word' id='word_1_163' title='bbox 1578 2031 1648 2076; x_wconf 80' lang='lat' dir='ltr'><strong>nort</strong></span> <span class='ocrx_word' id='word_1_164' title='bbox 1661 2010 1763 2077; x_wconf 83' lang='lat' dir='ltr'><strong>habe-</strong></span> 
     </span>
     <span class='ocr_line' id='line_1_16' title="bbox 434 2114 1761 2201; baseline 0 -19"><span class='ocrx_word' id='word_1_165' title='bbox 434 2116 479 2182; x_wconf 85' lang='lat' dir='ltr'><strong>tis</strong></span> <span class='ocrx_word' id='word_1_166' title='bbox 491 2117 527 2181; x_wconf 83' lang='lat' dir='ltr'><strong>in</strong></span> <span class='ocrx_word' id='word_1_167' title='bbox 541 2116 634 2182; x_wconf 82' lang='lat' dir='ltr'><strong>vobis</strong></span> <span class='ocrx_word' id='word_1_168' title='bbox 645 2138 807 2201; x_wconf 74' lang='lat' dir='ltr'><strong>monem,</strong></span> <span class='ocrx_word' id='word_1_169' title='bbox 827 2115 957 2181; x_wconf 89' lang='lat' dir='ltr'><strong>hahent</strong></span> <span class='ocrx_word' id='word_1_170' title='bbox 971 2115 1007 2181; x_wconf 92' lang='lat' dir='ltr'><strong>in</strong></span> <span class='ocrx_word' id='word_1_171' title='bbox 1020 2114 1135 2194; x_wconf 81' lang='lat' dir='ltr'><strong>libris3</strong></span> <span class='ocrx_word' id='word_1_172' title='bbox 1152 2138 1218 2182; x_wconf 89' lang='lat' dir='ltr'><strong>non</strong></span> <span class='ocrx_word' id='word_1_173' title='bbox 1234 2115 1407 2183; x_wconf 90' lang='lat' dir='ltr'><strong>hahentin</strong></span> <span class='ocrx_word' id='word_1_174' title='bbox 1424 2137 1476 2196; x_wconf 92' lang='lat' dir='ltr'><strong>se,</strong></span> <span class='ocrx_word' id='word_1_175' title='bbox 1488 2115 1524 2181; x_wconf 92' lang='lat' dir='ltr'><strong>in</strong></span> <span class='ocrx_word' id='word_1_176' title='bbox 1536 2115 1677 2195; x_wconf 86' lang='lat' dir='ltr'><strong>animis;</strong></span> <span class='ocrx_word' id='word_1_177' title='bbox 1696 2137 1761 2183; x_wconf 91' lang='lat' dir='ltr'><strong>non</strong></span> 
     </span>
     <span class='ocr_line' id='line_1_17' title="bbox 433 2221 1763 2313; baseline 0 -24"><span class='ocrx_word' id='word_1_178' title='bbox 433 2222 685 2310; x_wconf 90' lang='lat' dir='ltr'><strong>amplectuntur</strong></span> <span class='ocrx_word' id='word_1_179' title='bbox 707 2223 793 2289; x_wconf 94' lang='lat' dir='ltr'><strong>illud</strong></span> <span class='ocrx_word' id='word_1_180' title='bbox 813 2222 937 2289; x_wconf 89' lang='lat' dir='ltr'><strong>animis</strong></span> <span class='ocrx_word' id='word_1_181' title='bbox 961 2221 1181 2311; x_wconf 88' lang='lat' dir='ltr'><strong>impressum,</strong></span> <span class='ocrx_word' id='word_1_182' title='bbox 1207 2227 1241 2288; x_wconf 91' lang='lat' dir='ltr'><strong>et</strong></span> <span class='ocrx_word' id='word_1_183' title='bbox 1261 2223 1350 2289; x_wconf 91' lang='lat' dir='ltr'><strong>ratio</strong></span> <span class='ocrx_word' id='word_1_184' title='bbox 1373 2222 1551 2289; x_wconf 79' lang='lat' dir='ltr'><strong>manifesta</strong></span> <span class='ocrx_word' id='word_1_185' title='bbox 1572 2229 1622 2289; x_wconf 89' lang='lat' dir='ltr'><strong>est</strong></span> <span class='ocrx_word' id='word_1_186' title='bbox 1644 2241 1652 2288; x_wconf 75' lang='grc' dir='ltr'><em>τ</em></span> <span class='ocrx_word' id='word_1_187' title='bbox 1678 2222 1763 2313; x_wconf 81' lang='lat' dir='ltr'><strong>quia</strong></span> 
     </span>
     <span class='ocr_line' id='line_1_18' title="bbox 433 2327 1763 2419; baseline 0.002 -25"><span class='ocrx_word' id='word_1_188' title='bbox 433 2352 534 2418; x_wconf 84' lang='lat' dir='ltr'><strong>quem</strong></span> <span class='ocrx_word' id='word_1_189' title='bbox 545 2330 639 2396; x_wconf 81' lang='lat' dir='ltr'><strong>misit</strong></span> <span class='ocrx_word' id='word_1_190' title='bbox 649 2330 707 2396; x_wconf 84' lang='lat' dir='ltr'><strong>ille</strong></span> <span class='ocrx_word' id='word_1_191' title='bbox 714 2382 725 2415; x_wconf 89' lang='lat'><strong>,</strong></span> <span class='ocrx_word' id='word_1_192' title='bbox 741 2329 821 2394; x_wconf 80' lang='lat' dir='ltr'><strong>huic</strong></span> <span class='ocrx_word' id='word_1_193' title='bbox 833 2351 891 2395; x_wconf 82' lang='lat' dir='ltr'><strong>vos</strong></span> <span class='ocrx_word' id='word_1_194' title='bbox 907 2351 976 2394; x_wconf 80' lang='lat' dir='ltr'><strong>noa</strong></span> <span class='ocrx_word' id='word_1_195' title='bbox 989 2327 1130 2396; x_wconf 83' lang='lat' dir='ltr'><strong>creditis</strong></span> <span class='ocrx_word' id='word_1_196' title='bbox 1136 2349 1151 2412; x_wconf 89' lang='lat'><strong>,·</strong></span> <span class='ocrx_word' id='word_1_197' title='bbox 1162 2329 1310 2419; x_wconf 88' lang='lat' dir='ltr'><strong>proinde</strong></span> <span class='ocrx_word' id='word_1_198' title='bbox 1327 2330 1354 2396; x_wconf 92' lang='lat' dir='ltr'><strong>si</strong></span> <span class='ocrx_word' id='word_1_199' title='bbox 1371 2330 1516 2396; x_wconf 86' lang='lat' dir='ltr'><strong>verbum</strong></span> <span class='ocrx_word' id='word_1_200' title='bbox 1531 2330 1588 2396; x_wconf 84' lang='lat' dir='ltr'><strong>Dei</strong></span> <span class='ocrx_word' id='word_1_201' title='bbox 1604 2329 1640 2396; x_wconf 94' lang='lat' dir='ltr'><strong>in</strong></span> <span class='ocrx_word' id='word_1_202' title='bbox 1657 2330 1763 2397; x_wconf 90' lang='lat' dir='ltr'><strong>sacris</strong></span> 
     </span>
     <span class='ocr_line' id='line_1_19' title="bbox 432 2435 1761 2524; baseline 0.002 -23"><span class='ocrx_word' id='word_1_203' title='bbox 432 2435 529 2502; x_wconf 91' lang='lat' dir='ltr'><strong>libris</strong></span> <span class='ocrx_word' id='word_1_204' title='bbox 543 2436 707 2502; x_wconf 91' lang='lat' dir='ltr'><strong>traditum</strong></span> <span class='ocrx_word' id='word_1_205' title='bbox 723 2435 848 2502; x_wconf 91' lang='lat' dir='ltr'><strong>animis</strong></span> <span class='ocrx_word' id='word_1_206' title='bbox 866 2435 1181 2524; x_wconf 86' lang='lat' dir='ltr'><strong>complecterentur</strong></span> <span class='ocrx_word' id='word_1_207' title='bbox 1199 2442 1233 2501; x_wconf 89' lang='lat' dir='ltr'><strong>et</strong></span> <span class='ocrx_word' id='word_1_208' title='bbox 1250 2437 1314 2502; x_wconf 92' lang='lat' dir='ltr'><strong>rite</strong></span> <span class='ocrx_word' id='word_1_209' title='bbox 1329 2435 1583 2521; x_wconf 85' lang='lat' dir='ltr'><strong>intelligerent,</strong></span> <span class='ocrx_word' id='word_1_210' title='bbox 1600 2436 1676 2504; x_wconf 87' lang='lat' dir='ltr'><strong>lieri</strong></span> <span class='ocrx_word' id='word_1_211' title='bbox 1689 2458 1761 2503; x_wconf 92' lang='lat' dir='ltr'><strong>non</strong></span> 
     </span>
     <span class='ocr_line' id='line_1_20' title="bbox 433 2541 1763 2632; baseline 0 -24"><span class='ocrx_word' id='word_1_212' title='bbox 433 2550 560 2632; x_wconf 89' lang='lat' dir='ltr'><strong>posset,</strong></span> <span class='ocrx_word' id='word_1_213' title='bbox 583 2548 621 2608; x_wconf 94' lang='lat' dir='ltr'><strong>ut</strong></span> <span class='ocrx_word' id='word_1_214' title='bbox 640 2548 750 2609; x_wconf 91' lang='lat' dir='ltr'><strong>lesum</strong></span> <span class='ocrx_word' id='word_1_215' title='bbox 769 2564 841 2609; x_wconf 92' lang='lat' dir='ltr'><strong>non</strong></span> <span class='ocrx_word' id='word_1_216' title='bbox 861 2547 1088 2629; x_wconf 82' lang='lat' dir='ltr'><strong>agnoscerent</strong></span> <span class='ocrx_word' id='word_1_217' title='bbox 1110 2542 1259 2609; x_wconf 87' lang='lat' dir='ltr'><strong>llessiam</strong></span> <span class='ocrx_word' id='word_1_218' title='bbox 1278 2564 1300 2608; x_wconf 93' lang='lat' dir='ltr'><strong>a</strong></span> <span class='ocrx_word' id='word_1_219' title='bbox 1320 2547 1389 2608; x_wconf 86' lang='lat' dir='ltr'><strong>Deo</strong></span> <span class='ocrx_word' id='word_1_220' title='bbox 1410 2541 1565 2621; x_wconf 77' lang='lat' dir='ltr'><strong>missum3</strong></span> <span class='ocrx_word' id='word_1_221' title='bbox 1586 2542 1648 2632; x_wconf 91' lang='lat' dir='ltr'><strong>qui</strong></span> <span class='ocrx_word' id='word_1_222' title='bbox 1665 2549 1763 2610; x_wconf 91' lang='lat' dir='ltr'><strong>vetus</strong></span> 
     </span>
     <span class='ocr_line' id='line_1_21' title="bbox 433 2647 1759 2739; baseline 0 -23"><span class='ocrx_word' id='word_1_223' title='bbox 433 2655 687 2732; x_wconf 89' lang='lat' dir='ltr'><strong>testamentum,</strong></span> <span class='ocrx_word' id='word_1_224' title='bbox 705 2650 845 2716; x_wconf 90' lang='lat' dir='ltr'><strong>oracula</strong></span> <span class='ocrx_word' id='word_1_225' title='bbox 857 2650 1104 2739; x_wconf 90' lang='lat' dir='ltr'><strong>prophetarum</strong></span> <span class='ocrx_word' id='word_1_226' title='bbox 1125 2648 1181 2738; x_wconf 92' lang='lat' dir='ltr'><strong>pie</strong></span> <span class='ocrx_word' id='word_1_227' title='bbox 1196 2656 1229 2715; x_wconf 86' lang='lat' dir='ltr'><strong>et</strong></span> <span class='ocrx_word' id='word_1_228' title='bbox 1243 2648 1362 2715; x_wconf 91' lang='lat' dir='ltr'><strong>sedulo</strong></span> <span class='ocrx_word' id='word_1_229' title='bbox 1376 2647 1580 2738; x_wconf 89' lang='lat' dir='ltr'><strong>perlustrat,</strong></span> <span class='ocrx_word' id='word_1_230' title='bbox 1598 2649 1642 2717; x_wconf 91' lang='lat' dir='ltr'><strong>ad</strong></span> <span class='ocrx_word' id='word_1_231' title='bbox 1655 2648 1759 2716; x_wconf 88' lang='lat' dir='ltr'><strong>fidem</strong></span> 
     </span>
     <span class='ocr_line' id='line_1_22' title="bbox 432 2755 1762 2847; baseline -0.002 -24"><span class='ocrx_word' id='word_1_232' title='bbox 432 2756 469 2823; x_wconf 95' lang='lat' dir='ltr'><strong>in</strong></span> <span class='ocrx_word' id='word_1_233' title='bbox 483 2756 652 2823; x_wconf 87' lang='lat' dir='ltr'><strong>Christum</strong></span> <span class='ocrx_word' id='word_1_234' title='bbox 673 2756 874 2835; x_wconf 70' lang='lat' dir='ltr'><strong>adducitur,</strong></span> <span class='ocrx_word' id='word_1_235' title='bbox 896 2763 948 2823; x_wconf 91' lang='lat' dir='ltr'><strong>est</strong></span> <span class='ocrx_word' id='word_1_236' title='bbox 969 2756 1063 2823; x_wconf 90' lang='lat' dir='ltr'><strong>enim</strong></span> <span class='ocrx_word' id='word_1_237' title='bbox 1083 2755 1138 2822; x_wconf 83' lang='lat' dir='ltr'><strong>lex</strong></span> <span class='ocrx_word' id='word_1_238' title='bbox 1157 2755 1382 2847; x_wconf 90' lang='lat' dir='ltr'><strong>paedagogus</strong></span> <span class='ocrx_word' id='word_1_239' title='bbox 1402 2755 1449 2823; x_wconf 87' lang='lat' dir='ltr'><strong>ad</strong></span> <span class='ocrx_word' id='word_1_240' title='bbox 1473 2756 1645 2823; x_wconf 87' lang='lat' dir='ltr'><strong>Christum</strong></span> <span class='ocrx_word' id='word_1_241' title='bbox 1670 2761 1704 2822; x_wconf 91' lang='lat' dir='ltr'><strong>et</strong></span> <span class='ocrx_word' id='word_1_242' title='bbox 1727 2755 1762 2822; x_wconf 90' lang='lat' dir='ltr'><strong>in</strong></span> 
     </span>
     <span class='ocr_line' id='line_1_23' title="bbox 432 2862 1762 2953; baseline 0.002 -26"><span class='ocrx_word' id='word_1_243' title='bbox 432 2862 600 2930; x_wconf 90' lang='lat' dir='ltr'><strong>vaticiniis</strong></span> <span class='ocrx_word' id='word_1_244' title='bbox 619 2865 869 2953; x_wconf 88' lang='lat' dir='ltr'><strong>prophetarum</strong></span> <span class='ocrx_word' id='word_1_245' title='bbox 889 2884 929 2929; x_wconf 92' lang='lat' dir='ltr'><strong>ea</strong></span> <span class='ocrx_word' id='word_1_246' title='bbox 948 2863 1038 2930; x_wconf 93' lang='lat' dir='ltr'><strong>clare</strong></span> <span class='ocrx_word' id='word_1_247' title='bbox 1058 2862 1264 2930; x_wconf 84' lang='lat' dir='ltr'><strong>exhibentur</strong></span> <span class='ocrx_word' id='word_1_248' title='bbox 1282 2885 1369 2952; x_wconf 90' lang='lat' dir='ltr'><strong>quae</strong></span> <span class='ocrx_word' id='word_1_249' title='bbox 1388 2863 1424 2929; x_wconf 92' lang='lat' dir='ltr'><strong>in</strong></span> <span class='ocrx_word' id='word_1_250' title='bbox 1440 2862 1574 2929; x_wconf 89' lang='lat' dir='ltr'><strong>Christo</strong></span> <span class='ocrx_word' id='word_1_251' title='bbox 1593 2862 1762 2952; x_wconf 86' lang='lat' dir='ltr'><strong>completa</strong></span> 
     </span>
    </p>
   </div>
   <div class='ocr_carea' id='block_1_8' title="bbox 432 2969 1917 3061">
    <p class='ocr_par' dir='ltr' id='par_1_8' title="bbox 432 2969 1917 3061">
     <span class='ocr_line' id='line_1_24' title="bbox 432 2969 1917 3061; baseline 0.001 -27"><span class='ocrx_word' id='word_1_252' title='bbox 432 2976 521 3037; x_wconf 88' lang='lat' dir='ltr'><strong>sunt.</strong></span> <span class='ocrx_word' id='word_1_253' title='bbox 538 2976 645 3050; x_wconf 87' lang='lat' dir='ltr'><strong>Quare</strong></span> <span class='ocrx_word' id='word_1_254' title='bbox 661 2969 813 3036; x_wconf 89' lang='lat' dir='ltr'><strong>Christus</strong></span> <span class='ocrx_word' id='word_1_255' title='bbox 828 2969 1015 3061; x_wconf 90' lang='lat' dir='ltr'><strong>discipulos</strong></span> <span class='ocrx_word' id='word_1_256' title='bbox 1029 2970 1168 3036; x_wconf 90' lang='lat' dir='ltr'><strong>loannis</strong></span> <span class='ocrx_word' id='word_1_257' title='bbox 1182 2969 1226 3037; x_wconf 93' lang='lat' dir='ltr'><strong>ad</strong></span> <span class='ocrx_word' id='word_1_258' title='bbox 1243 2991 1284 3036; x_wconf 89' lang='lat' dir='ltr'><strong>ea</strong></span> <span class='ocrx_word' id='word_1_259' title='bbox 1297 2970 1436 3037; x_wconf 90' lang='lat' dir='ltr'><strong>oracula</strong></span> <span class='ocrx_word' id='word_1_260' title='bbox 1453 2969 1616 3036; x_wconf 92' lang='lat' dir='ltr'><strong>amandat</strong></span> <span class='ocrx_word' id='word_1_261' title='bbox 1629 2969 1758 3059; x_wconf 76' lang='lat' dir='ltr'><strong>(naith.</strong></span> <span class='ocrx_word' id='word_1_262' title='bbox 1871 3004 1873 3010; x_wconf 95' lang='lat'>·</span> <span class='ocrx_word' id='word_1_263' title='bbox 1914 2985 1917 2992; x_wconf 85' lang='grc'><strong><em>·</em></strong></span> 
     </span>
    </p>
   </div>
   <div class='ocr_carea' id='block_1_9' title="bbox 432 3075 1762 3485">
    <p class='ocr_par' dir='ltr' id='par_1_9' title="bbox 432 3075 1762 3485">
     <span class='ocr_line' id='line_1_25' title="bbox 434 3075 1762 3166; baseline 0.001 -25"><span class='ocrx_word' id='word_1_264' title='bbox 434 3077 543 3163; x_wconf 57' lang='lat' dir='ltr'><strong>tta),</strong></span> <span class='ocrx_word' id='word_1_265' title='bbox 566 3075 625 3142; x_wconf 89' lang='lat' dir='ltr'><strong>sed</strong></span> <span class='ocrx_word' id='word_1_266' title='bbox 646 3076 749 3143; x_wconf 89' lang='lat' dir='ltr'><strong>simul</strong></span> <span class='ocrx_word' id='word_1_267' title='bbox 772 3075 930 3142; x_wconf 89' lang='lat' dir='ltr'><strong>meminit</strong></span> <span class='ocrx_word' id='word_1_268' title='bbox 951 3076 1193 3166; x_wconf 90' lang='lat' dir='ltr'><strong>impedimenti</strong></span> <span class='ocrx_word' id='word_1_269' title='bbox 1217 3099 1286 3165; x_wconf 92' lang='lat' dir='ltr'><strong>quo</strong></span> <span class='ocrx_word' id='word_1_270' title='bbox 1314 3097 1359 3142; x_wconf 89' lang='lat' dir='ltr'><strong>ne</strong></span> <span class='ocrx_word' id='word_1_271' title='bbox 1378 3075 1549 3142; x_wconf 88' lang='lat' dir='ltr'><strong>Christum</strong></span> <span class='ocrx_word' id='word_1_272' title='bbox 1574 3085 1762 3163; x_wconf 82' lang='lat' dir='ltr'><strong>agnoscant</strong></span> 
     </span>
     <span class='ocr_line' id='line_1_26' title="bbox 434 3181 1759 3272; baseline 0.002 -25"><span class='ocrx_word' id='word_1_273' title='bbox 434 3183 621 3248; x_wconf 91' lang='lat' dir='ltr'><strong>retinentur</strong></span> <span class='ocrx_word' id='word_1_274' title='bbox 642 3205 649 3249; x_wconf 93' lang='lat'>:</span> <span class='ocrx_word' id='word_1_275' title='bbox 668 3189 702 3248; x_wconf 93' lang='lat' dir='ltr'><strong>ct</strong></span> <span class='ocrx_word' id='word_1_276' title='bbox 717 3182 838 3248; x_wconf 90' lang='lat' dir='ltr'><strong>beatus</strong></span> <span class='ocrx_word' id='word_1_277' title='bbox 853 3182 993 3271; x_wconf 91' lang='lat' dir='ltr'><strong>quinon</strong></span> <span class='ocrx_word' id='word_1_278' title='bbox 1012 3184 1116 3248; x_wconf 86' lang='lat' dir='ltr'><strong>luerit</strong></span> <span class='ocrx_word' id='word_1_279' title='bbox 1132 3182 1379 3249; x_wconf 90' lang='lat' dir='ltr'><strong>scandalizatus</strong></span> <span class='ocrx_word' id='word_1_280' title='bbox 1390 3182 1428 3248; x_wconf 92' lang='lat' dir='ltr'><strong>in</strong></span> <span class='ocrx_word' id='word_1_281' title='bbox 1444 3203 1514 3263; x_wconf 86' lang='lat' dir='ltr'><strong>me,</strong></span> <span class='ocrx_word' id='word_1_282' title='bbox 1529 3181 1553 3248; x_wconf 90' lang='lat' dir='ltr'><strong>i.</strong></span> <span class='ocrx_word' id='word_1_283' title='bbox 1569 3204 1598 3249; x_wconf 90' lang='lat' dir='ltr'><strong>e.</strong></span> <span class='ocrx_word' id='word_1_284' title='bbox 1616 3181 1759 3272; x_wconf 91' lang='lat' dir='ltr'><strong>quinon</strong></span> 
     </span>
     <span class='ocr_line' id='line_1_27' title="bbox 432 3288 1760 3379; baseline 0.002 -25"><span class='ocrx_word' id='word_1_285' title='bbox 432 3289 534 3354; x_wconf 86' lang='lat' dir='ltr'><strong>luerit</strong></span> <span class='ocrx_word' id='word_1_286' title='bbox 546 3289 695 3356; x_wconf 89' lang='lat' dir='ltr'><strong>ollensus</strong></span> <span class='ocrx_word' id='word_1_287' title='bbox 710 3288 843 3355; x_wconf 86' lang='lat' dir='ltr'><strong>hiessiae</strong></span> <span class='ocrx_word' id='word_1_288' title='bbox 856 3288 1051 3356; x_wconf 89' lang='lat' dir='ltr'><strong>humilitate</strong></span> <span class='ocrx_word' id='word_1_289' title='bbox 1065 3311 1154 3378; x_wconf 88' lang='lat' dir='ltr'><strong>quae</strong></span> <span class='ocrx_word' id='word_1_290' title='bbox 1166 3312 1187 3355; x_wconf 96' lang='lat' dir='ltr'><strong>a</strong></span> <span class='ocrx_word' id='word_1_291' title='bbox 1204 3289 1355 3376; x_wconf 86' lang='lat' dir='ltr'><strong>gloriosa</strong></span> <span class='ocrx_word' id='word_1_292' title='bbox 1368 3288 1571 3357; x_wconf 92' lang='lat' dir='ltr'><strong>ludaeorum</strong></span> <span class='ocrx_word' id='word_1_293' title='bbox 1589 3297 1760 3379; x_wconf 86' lang='lat' dir='ltr'><strong>exspecta-</strong></span> 
     </span>
     <span class='ocr_line' id='line_1_28' title="bbox 433 3395 1761 3485; baseline 0.002 -24"><span class='ocrx_word' id='word_1_294' title='bbox 433 3397 523 3462; x_wconf 83' lang='lat' dir='ltr'><strong>tione</strong></span> <span class='ocrx_word' id='word_1_295' title='bbox 537 3403 606 3462; x_wconf 90' lang='lat' dir='ltr'><strong>tam</strong></span> <span class='ocrx_word' id='word_1_296' title='bbox 619 3395 723 3482; x_wconf 89' lang='lat' dir='ltr'><strong>longe</strong></span> <span class='ocrx_word' id='word_1_297' title='bbox 735 3396 846 3462; x_wconf 87' lang='lat' dir='ltr'><strong>abest.</strong></span> <span class='ocrx_word' id='word_1_298' title='bbox 866 3398 991 3462; x_wconf 88' lang='lat' dir='ltr'><strong>Verum</strong></span> <span class='ocrx_word' id='word_1_299' title='bbox 1004 3395 1137 3463; x_wconf 90' lang='lat' dir='ltr'><strong>adeam</strong></span> <span class='ocrx_word' id='word_1_300' title='bbox 1149 3402 1397 3485; x_wconf 85' lang='lat' dir='ltr'><strong>pervenerunt,</strong></span> <span class='ocrx_word' id='word_1_301' title='bbox 1410 3395 1493 3484; x_wconf 92' lang='lat' dir='ltr'><strong>quia</strong></span> <span class='ocrx_word' id='word_1_302' title='bbox 1507 3395 1670 3485; x_wconf 90' lang='lat' dir='ltr'><strong>plurimos</strong></span> <span class='ocrx_word' id='word_1_303' title='bbox 1683 3396 1761 3463; x_wconf 90' lang='lat' dir='ltr'><strong>illos</strong></span> 
     </span>
    </p>
   </div>
   <div class='ocr_carea' id='block_1_10' title="bbox 433 3501 1874 3592">
    <p class='ocr_par' dir='ltr' id='par_1_10' title="bbox 433 3501 1874 3592">
     <span class='ocr_line' id='line_1_29' title="bbox 433 3501 1874 3592; baseline 0.003 -25"><span class='ocrx_word' id='word_1_304' title='bbox 433 3502 678 3591; x_wconf 89' lang='lat' dir='ltr'><strong>prophetarum</strong></span> <span class='ocrx_word' id='word_1_305' title='bbox 690 3501 782 3569; x_wconf 91' lang='lat' dir='ltr'><strong>locos</strong></span> <span class='ocrx_word' id='word_1_306' title='bbox 795 3503 837 3569; x_wconf 90' lang='lat' dir='ltr'><strong>de</strong></span> <span class='ocrx_word' id='word_1_307' title='bbox 846 3503 1026 3570; x_wconf 83' lang='lat' dir='ltr'><strong>sanctitate</strong></span> <span class='ocrx_word' id='word_1_308' title='bbox 1036 3524 1098 3591; x_wconf 90' lang='lat' dir='ltr'><strong>per</strong></span> <span class='ocrx_word' id='word_1_309' title='bbox 1108 3503 1257 3569; x_wconf 87' lang='lat' dir='ltr'><strong>liessiam</strong></span> <span class='ocrx_word' id='word_1_310' title='bbox 1272 3501 1501 3581; x_wconf 87' lang='lat' dir='ltr'><strong>restituenda,</strong></span> <span class='ocrx_word' id='word_1_311' title='bbox 1516 3501 1558 3568; x_wconf 92' lang='lat' dir='ltr'><strong>de</strong></span> <span class='ocrx_word' id='word_1_312' title='bbox 1571 3503 1760 3592; x_wconf 82' lang='lat' dir='ltr'><strong>expiatione</strong></span> <span class='ocrx_word' id='word_1_313' title='bbox 1871 3522 1874 3527; x_wconf 78' lang='grc'><em>·</em></span> 
     </span>
    </p>
   </div>
   <div class='ocr_carea' id='block_1_11' title="bbox 432 3608 1761 3802">
    <p class='ocr_par' dir='ltr' id='par_1_11' title="bbox 432 3608 1761 3802">
     <span class='ocr_line' id='line_1_30' title="bbox 433 3608 1761 3699; baseline 0.001 -24"><span class='ocrx_word' id='word_1_314' title='bbox 433 3615 648 3698; x_wconf 89' lang='lat' dir='ltr'><strong>peccatorum</strong></span> <span class='ocrx_word' id='word_1_315' title='bbox 662 3632 724 3697; x_wconf 93' lang='lat' dir='ltr'><strong>per</strong></span> <span class='ocrx_word' id='word_1_316' title='bbox 736 3609 810 3675; x_wconf 90' lang='lat' dir='ltr'><strong>eius</strong></span> <span class='ocrx_word' id='word_1_317' title='bbox 829 3609 1021 3697; x_wconf 88' lang='lat' dir='ltr'><strong>passionem</strong></span> <span class='ocrx_word' id='word_1_318' title='bbox 1037 3613 1070 3675; x_wconf 92' lang='lat' dir='ltr'><strong>et</strong></span> <span class='ocrx_word' id='word_1_319' title='bbox 1083 3616 1245 3683; x_wconf 75' lang='lat' dir='ltr'><strong>mortem,</strong></span> <span class='ocrx_word' id='word_1_320' title='bbox 1262 3614 1383 3699; x_wconf 88' lang='lat' dir='ltr'><strong>utpote</strong></span> <span class='ocrx_word' id='word_1_321' title='bbox 1394 3609 1506 3676; x_wconf 91' lang='lat' dir='ltr'><strong>sensui</strong></span> <span class='ocrx_word' id='word_1_322' title='bbox 1523 3608 1654 3676; x_wconf 89' lang='lat' dir='ltr'><strong>carnali</strong></span> <span class='ocrx_word' id='word_1_323' title='bbox 1665 3609 1761 3676; x_wconf 93' lang='lat' dir='ltr'><strong>haud</strong></span> 
     </span>
     <span class='ocr_line' id='line_1_31' title="bbox 432 3716 880 3802; baseline -0.002 -21"><span class='ocrx_word' id='word_1_324' title='bbox 432 3737 617 3802; x_wconf 88' lang='lat' dir='ltr'><strong>congruos,</strong></span> <span class='ocrx_word' id='word_1_325' title='bbox 642 3716 880 3802; x_wconf 81' lang='lat' dir='ltr'><strong>neglexerunt.</strong></span> 
     </span>
    </p>
   </div>
   <div class='ocr_carea' id='block_1_12' title="bbox 433 3928 1762 4985">
    <p class='ocr_par' dir='ltr' id='par_1_12' title="bbox 433 3928 1762 4985">
     <span class='ocr_line' id='line_1_32' title="bbox 473 3928 1761 4007; baseline 0.001 -19"><span class='ocrx_word' id='word_1_326' title='bbox 473 3928 563 3988; x_wconf 86' lang='lat' dir='ltr'><strong>Haud</strong></span> <span class='ocrx_word' id='word_1_327' title='bbox 584 3946 648 3988; x_wconf 89' lang='lat' dir='ltr'><strong>una</strong></span> <span class='ocrx_word' id='word_1_328' title='bbox 668 3935 717 3988; x_wconf 91' lang='lat' dir='ltr'><strong>est</strong></span> <span class='ocrx_word' id='word_1_329' title='bbox 736 3929 948 4006; x_wconf 89' lang='lat' dir='ltr'><strong>interpretum</strong></span> <span class='ocrx_word' id='word_1_330' title='bbox 972 3928 1011 3988; x_wconf 92' lang='lat' dir='ltr'><strong>de</strong></span> <span class='ocrx_word' id='word_1_331' title='bbox 1030 3947 1059 3987; x_wconf 92' lang='lat' dir='ltr'><strong>v.</strong></span> <span class='ocrx_word' id='word_1_332' title='bbox 1075 3929 1113 3987; x_wconf 80' lang='lat'><strong>37</strong></span> <span class='ocrx_word' id='word_1_333' title='bbox 1136 3929 1290 4006; x_wconf 89' lang='lat' dir='ltr'><strong>acceptio.</strong></span> <span class='ocrx_word' id='word_1_334' title='bbox 1310 3930 1436 3989; x_wconf 90' lang='lat' dir='ltr'><strong>Patrem</strong></span> <span class='ocrx_word' id='word_1_335' title='bbox 1461 3928 1659 4007; x_wconf 89' lang='lat' dir='ltr'><strong>perhibuisse</strong></span> <span class='ocrx_word' id='word_1_336' title='bbox 1682 3928 1761 3989; x_wconf 90' lang='lat' dir='ltr'><strong>illud</strong></span> 
     </span>
     <span class='ocr_line' id='line_1_33' title="bbox 434 4023 1762 4105; baseline 0 -18"><span class='ocrx_word' id='word_1_337' title='bbox 434 4027 656 4088; x_wconf 91' lang='lat' dir='ltr'><strong>testimonium</strong></span> <span class='ocrx_word' id='word_1_338' title='bbox 681 4027 714 4084; x_wconf 92' lang='lat' dir='ltr'><strong>in</strong></span> <span class='ocrx_word' id='word_1_339' title='bbox 734 4026 892 4105; x_wconf 89' lang='lat' dir='ltr'><strong>baptismo</strong></span> <span class='ocrx_word' id='word_1_340' title='bbox 912 4029 961 4084; x_wconf 91' lang='lat' dir='ltr'><strong>sat</strong></span> <span class='ocrx_word' id='word_1_341' title='bbox 982 4024 1077 4085; x_wconf 93' lang='lat' dir='ltr'><strong>multi</strong></span> <span class='ocrx_word' id='word_1_342' title='bbox 1099 4029 1231 4086; x_wconf 88' lang='lat' dir='ltr'><strong>censent</strong></span> <span class='ocrx_word' id='word_1_343' title='bbox 1254 4025 1306 4104; x_wconf 78' lang='lat' dir='ltr'><strong>(ci.</strong></span> <span class='ocrx_word' id='word_1_344' title='bbox 1331 4023 1404 4088; x_wconf 80' lang='lat' dir='ltr'><strong>Cirr.</strong></span> <span class='ocrx_word' id='word_1_345' title='bbox 1427 4023 1540 4103; x_wconf 66' lang='lat' dir='ltr'><strong>Pota).</strong></span> <span class='ocrx_word' id='word_1_346' title='bbox 1561 4027 1679 4087; x_wconf 83' lang='lat' dir='ltr'><strong>Verum</strong></span> <span class='ocrx_word' id='word_1_347' title='bbox 1702 4025 1762 4088; x_wconf 91' lang='lat' dir='ltr'><strong>hoc</strong></span> 
     </span>
     <span class='ocr_line' id='line_1_34' title="bbox 433 4123 1761 4204; baseline -0.002 -19"><span class='ocrx_word' id='word_1_348' title='bbox 433 4143 497 4185; x_wconf 90' lang='lat' dir='ltr'><strong>non</strong></span> <span class='ocrx_word' id='word_1_349' title='bbox 519 4129 731 4204; x_wconf 90' lang='lat' dir='ltr'><strong>perceperunt</strong></span> <span class='ocrx_word' id='word_1_350' title='bbox 757 4123 861 4184; x_wconf 90' lang='lat' dir='ltr'><strong>ludaei</strong></span> <span class='ocrx_word' id='word_1_351' title='bbox 886 4123 1080 4202; x_wconf 86' lang='lat' dir='ltr'><strong>generatim,</strong></span> <span class='ocrx_word' id='word_1_352' title='bbox 1096 4139 1200 4199; x_wconf 89' lang='lat' dir='ltr'><strong>neque</strong></span> <span class='ocrx_word' id='word_1_353' title='bbox 1221 4123 1261 4184; x_wconf 88' lang='lat' dir='ltr'><strong>ad</strong></span> <span class='ocrx_word' id='word_1_354' title='bbox 1286 4123 1366 4184; x_wconf 90' lang='lat' dir='ltr'><strong>illud</strong></span> <span class='ocrx_word' id='word_1_355' title='bbox 1391 4124 1535 4202; x_wconf 87' lang='lat' dir='ltr'><strong>congruit</strong></span> <span class='ocrx_word' id='word_1_356' title='bbox 1556 4123 1761 4203; x_wconf 77' lang='grc' dir='ltr'><strong>μεμαρτύρηκεν</strong></span> 
     </span>
     <span class='ocr_line' id='line_1_35' title="bbox 434 4219 1762 4300; baseline 0.001 -19"><span class='ocrx_word' id='word_1_357' title='bbox 434 4229 597 4300; x_wconf 89' lang='lat' dir='ltr'><strong>tamquam</strong></span> <span class='ocrx_word' id='word_1_358' title='bbox 614 4220 812 4300; x_wconf 90' lang='lat' dir='ltr'><strong>perhibitum</strong></span> <span class='ocrx_word' id='word_1_359' title='bbox 827 4222 933 4294; x_wconf 87' lang='lat' dir='ltr'><strong>adest;</strong></span> <span class='ocrx_word' id='word_1_360' title='bbox 951 4219 996 4280; x_wconf 91' lang='lat' dir='ltr'><strong>ibi</strong></span> <span class='ocrx_word' id='word_1_361' title='bbox 1012 4237 1071 4280; x_wconf 84' lang='lat' dir='ltr'><strong>vox</strong></span> <span class='ocrx_word' id='word_1_362' title='bbox 1087 4220 1216 4281; x_wconf 84' lang='lat' dir='ltr'><strong>Domini</strong></span> <span class='ocrx_word' id='word_1_363' title='bbox 1231 4226 1280 4282; x_wconf 90' lang='lat' dir='ltr'><strong>est</strong></span> <span class='ocrx_word' id='word_1_364' title='bbox 1294 4220 1417 4294; x_wconf 88' lang='lat' dir='ltr'><strong>audita;</strong></span> <span class='ocrx_word' id='word_1_365' title='bbox 1434 4221 1538 4282; x_wconf 91' lang='lat' dir='ltr'><strong>multo</strong></span> <span class='ocrx_word' id='word_1_366' title='bbox 1553 4222 1660 4284; x_wconf 90' lang='lat' dir='ltr'><strong>minus</strong></span> <span class='ocrx_word' id='word_1_367' title='bbox 1675 4222 1708 4283; x_wconf 93' lang='lat' dir='ltr'><strong>id</strong></span> <span class='ocrx_word' id='word_1_368' title='bbox 1724 4239 1762 4283; x_wconf 87' lang='lat' dir='ltr'><strong>ex</strong></span> 
     </span>
     <span class='ocr_line' id='line_1_36' title="bbox 434 4317 1760 4399; baseline 0 -20"><span class='ocrx_word' id='word_1_369' title='bbox 434 4320 707 4397; x_wconf 76' lang='lat' dir='ltr'><strong>transfiguratione</strong></span> <span class='ocrx_word' id='word_1_370' title='bbox 726 4319 877 4396; x_wconf 85' lang='lat' dir='ltr'><strong>explicari</strong></span> <span class='ocrx_word' id='word_1_371' title='bbox 894 4322 1009 4399; x_wconf 89' lang='lat' dir='ltr'><strong>potest.</strong></span> <span class='ocrx_word' id='word_1_372' title='bbox 1031 4317 1091 4377; x_wconf 79' lang='lat' dir='ltr'><strong>atii</strong></span> <span class='ocrx_word' id='word_1_373' title='bbox 1114 4317 1296 4398; x_wconf 89' lang='lat' dir='ltr'><strong>intelligunt</strong></span> <span class='ocrx_word' id='word_1_374' title='bbox 1316 4318 1537 4380; x_wconf 89' lang='lat' dir='ltr'><strong>testimonium</strong></span> <span class='ocrx_word' id='word_1_375' title='bbox 1557 4319 1590 4380; x_wconf 89' lang='lat' dir='ltr'><strong>in</strong></span> <span class='ocrx_word' id='word_1_376' title='bbox 1609 4320 1760 4398; x_wconf 86' lang='lat' dir='ltr'><strong>operibus</strong></span> 
     </span>
     <span class='ocr_line' id='line_1_37' title="bbox 435 4413 1760 4495; baseline 0 -18"><span class='ocrx_word' id='word_1_377' title='bbox 435 4416 610 4477; x_wconf 77' lang='lat' dir='ltr'><strong>exhibitum</strong></span> <span class='ocrx_word' id='word_1_378' title='bbox 635 4416 684 4494; x_wconf 78' lang='lat' dir='ltr'><strong>tei.</strong></span> <span class='ocrx_word' id='word_1_379' title='bbox 710 4413 808 4476; x_wconf 72' lang='lat' dir='ltr'><strong>Matri.</strong></span> <span class='ocrx_word' id='word_1_380' title='bbox 828 4414 915 4495; x_wconf 78' lang='lat' dir='ltr'><strong>Fit),</strong></span> <span class='ocrx_word' id='word_1_381' title='bbox 939 4416 978 4477; x_wconf 89' lang='lat' dir='ltr'><strong>de</strong></span> <span class='ocrx_word' id='word_1_382' title='bbox 1000 4432 1063 4494; x_wconf 84' lang='lat' dir='ltr'><strong>quo</strong></span> <span class='ocrx_word' id='word_1_383' title='bbox 1085 4421 1194 4477; x_wconf 91' lang='lat' dir='ltr'><strong>tamen</strong></span> <span class='ocrx_word' id='word_1_384' title='bbox 1215 4420 1306 4476; x_wconf 91' lang='lat' dir='ltr'><strong>antea</strong></span> <span class='ocrx_word' id='word_1_385' title='bbox 1329 4434 1435 4479; x_wconf 90' lang='lat' dir='ltr'><strong>sermo</strong></span> <span class='ocrx_word' id='word_1_386' title='bbox 1458 4423 1516 4477; x_wconf 91' lang='lat' dir='ltr'><strong>est.</strong></span> <span class='ocrx_word' id='word_1_387' title='bbox 1539 4417 1639 4476; x_wconf 87' lang='lat' dir='ltr'><strong>Etiam</strong></span> <span class='ocrx_word' id='word_1_388' title='bbox 1660 4415 1760 4477; x_wconf 91' lang='lat' dir='ltr'><strong>maior</strong></span> 
     </span>
     <span class='ocr_line' id='line_1_38' title="bbox 434 4513 1760 4591; baseline 0 -16"><span class='ocrx_word' id='word_1_389' title='bbox 434 4513 598 4575; x_wconf 89' lang='lat' dir='ltr'><strong>diversitas</strong></span> <span class='ocrx_word' id='word_1_390' title='bbox 613 4515 757 4575; x_wconf 85' lang='lat' dir='ltr'><strong>cernitur</strong></span> <span class='ocrx_word' id='word_1_391' title='bbox 773 4515 803 4573; x_wconf 91' lang='lat' dir='ltr'><strong>in</strong></span> <span class='ocrx_word' id='word_1_392' title='bbox 823 4517 970 4576; x_wconf 89' lang='lat' dir='ltr'><strong>membro</strong></span> <span class='ocrx_word' id='word_1_393' title='bbox 985 4515 1087 4575; x_wconf 90' lang='lat' dir='ltr'><strong>altero</strong></span> <span class='ocrx_word' id='word_1_394' title='bbox 1103 4532 1111 4573; x_wconf 90' lang='lat'><strong>:</strong></span> <span class='ocrx_word' id='word_1_395' title='bbox 1128 4531 1234 4591; x_wconf 88' lang='lat' dir='ltr'><strong>neque</strong></span> <span class='ocrx_word' id='word_1_396' title='bbox 1254 4530 1366 4576; x_wconf 90' lang='lat' dir='ltr'><strong>vocem</strong></span> <span class='ocrx_word' id='word_1_397' title='bbox 1381 4515 1451 4575; x_wconf 89' lang='lat' dir='ltr'><strong>eius</strong></span> <span class='ocrx_word' id='word_1_398' title='bbox 1473 4518 1552 4585; x_wconf 88' lang='lat' dir='ltr'><strong>etc.;</strong></span> <span class='ocrx_word' id='word_1_399' title='bbox 1569 4530 1652 4590; x_wconf 89' lang='lat' dir='ltr'><strong>qnae</strong></span> <span class='ocrx_word' id='word_1_400' title='bbox 1666 4515 1760 4575; x_wconf 88' lang='lat' dir='ltr'><strong>verba</strong></span> 
     </span>
     <span class='ocr_line' id='line_1_39' title="bbox 435 4611 1758 4691; baseline 0.002 -19"><span class='ocrx_word' id='word_1_401' title='bbox 435 4613 532 4691; x_wconf 89' lang='lat' dir='ltr'><strong>aliqui</strong></span> <span class='ocrx_word' id='word_1_402' title='bbox 555 4614 597 4671; x_wconf 88' lang='lat' dir='ltr'><strong>ita</strong></span> <span class='ocrx_word' id='word_1_403' title='bbox 619 4614 821 4690; x_wconf 90' lang='lat' dir='ltr'><strong>concipiunt,</strong></span> <span class='ocrx_word' id='word_1_404' title='bbox 840 4617 876 4671; x_wconf 92' lang='lat' dir='ltr'><strong>ut</strong></span> <span class='ocrx_word' id='word_1_405' title='bbox 898 4629 952 4674; x_wconf 91' lang='lat' dir='ltr'><strong>eos</strong></span> <span class='ocrx_word' id='word_1_406' title='bbox 973 4630 1039 4674; x_wconf 91' lang='lat' dir='ltr'><strong>non</strong></span> <span class='ocrx_word' id='word_1_407' title='bbox 1058 4613 1246 4690; x_wconf 89' lang='lat' dir='ltr'><strong>cognovisse</strong></span> <span class='ocrx_word' id='word_1_408' title='bbox 1265 4613 1389 4673; x_wconf 89' lang='lat' dir='ltr'><strong>dicatur</strong></span> <span class='ocrx_word' id='word_1_409' title='bbox 1407 4628 1509 4689; x_wconf 89' lang='lat' dir='ltr'><strong>neque</strong></span> <span class='ocrx_word' id='word_1_410' title='bbox 1533 4611 1633 4671; x_wconf 84' lang='lat' dir='ltr'><strong>Deum</strong></span> <span class='ocrx_word' id='word_1_411' title='bbox 1654 4629 1758 4690; x_wconf 91' lang='lat' dir='ltr'><strong>neque</strong></span> 
     </span>
     <span class='ocr_line' id='line_1_40' title="bbox 435 4707 1757 4791; baseline 0 -20"><span class='ocrx_word' id='word_1_412' title='bbox 435 4712 502 4771; x_wconf 86' lang='lat' dir='ltr'><strong>ains</strong></span> <span class='ocrx_word' id='word_1_413' title='bbox 522 4712 718 4770; x_wconf 88' lang='lat' dir='ltr'><strong>voluntatem</strong></span> <span class='ocrx_word' id='word_1_414' title='bbox 741 4711 794 4788; x_wconf 79' lang='lat' dir='ltr'><strong>(ci.</strong></span> <span class='ocrx_word' id='word_1_415' title='bbox 813 4709 892 4768; x_wconf 82' lang='lat' dir='ltr'><strong>Bon.</strong></span> <span class='ocrx_word' id='word_1_416' title='bbox 915 4708 1048 4791; x_wconf 83' lang='lat' dir='ltr'><strong>l&#39;heoph.</strong></span> <span class='ocrx_word' id='word_1_417' title='bbox 1064 4707 1155 4789; x_wconf 67' lang='lat' dir='ltr'><strong>Scito.</strong></span> <span class='ocrx_word' id='word_1_418' title='bbox 1173 4707 1260 4770; x_wconf 81' lang='lat' dir='ltr'><strong>Schz.</strong></span> <span class='ocrx_word' id='word_1_419' title='bbox 1288 4707 1383 4787; x_wconf 82' lang='lat' dir='ltr'><strong>Keil),</strong></span> <span class='ocrx_word' id='word_1_420' title='bbox 1401 4708 1451 4769; x_wconf 87' lang='lat' dir='ltr'><strong>rel</strong></span> <span class='ocrx_word' id='word_1_421' title='bbox 1472 4707 1623 4769; x_wconf 89' lang='lat' dir='ltr'><strong>declarari</strong></span> <span class='ocrx_word' id='word_1_422' title='bbox 1646 4727 1757 4771; x_wconf 84' lang='lat' dir='ltr'><strong>vocem</strong></span> 
     </span>
     <span class='ocr_line' id='line_1_41' title="bbox 435 4804 1758 4887; baseline -0.001 -19"><span class='ocrx_word' id='word_1_423' title='bbox 435 4811 491 4869; x_wconf 84' lang='lat' dir='ltr'><strong>Dei</strong></span> <span class='ocrx_word' id='word_1_424' title='bbox 511 4827 573 4870; x_wconf 91' lang='lat' dir='ltr'><strong>non</strong></span> <span class='ocrx_word' id='word_1_425' title='bbox 593 4807 769 4869; x_wconf 85' lang='lat' dir='ltr'><strong>carnatibus</strong></span> <span class='ocrx_word' id='word_1_426' title='bbox 791 4808 897 4869; x_wconf 89' lang='lat' dir='ltr'><strong>audiri</strong></span> <span class='ocrx_word' id='word_1_427' title='bbox 917 4808 1067 4881; x_wconf 91' lang='lat' dir='ltr'><strong>auribus,</strong></span> <span class='ocrx_word' id='word_1_428' title='bbox 1083 4809 1139 4869; x_wconf 89' lang='lat' dir='ltr'><strong>sed</strong></span> <span class='ocrx_word' id='word_1_429' title='bbox 1160 4807 1318 4885; x_wconf 87' lang='lat' dir='ltr'><strong>spirituali</strong></span> <span class='ocrx_word' id='word_1_430' title='bbox 1339 4805 1548 4887; x_wconf 88' lang='lat' dir='ltr'><strong>intelligentia</strong></span> <span class='ocrx_word' id='word_1_431' title='bbox 1568 4804 1690 4887; x_wconf 77' lang='lat' dir='ltr'><strong>(Beda),</strong></span> <span class='ocrx_word' id='word_1_432' title='bbox 1707 4807 1758 4869; x_wconf 91' lang='lat' dir='ltr'><strong>vel</strong></span> 
     </span>
     <span class='ocr_line' id='line_1_42' title="bbox 436 4903 1755 4985; baseline -0.002 -18"><span class='ocrx_word' id='word_1_433' title='bbox 436 4906 542 4967; x_wconf 83' lang='lat' dir='ltr'><strong>etterrt</strong></span> <span class='ocrx_word' id='word_1_434' title='bbox 554 4907 654 4968; x_wconf 91' lang='lat' dir='ltr'><strong>Patris</strong></span> <span class='ocrx_word' id='word_1_435' title='bbox 667 4905 855 4984; x_wconf 87' lang='lat' dir='ltr'><strong>dignitatem</strong></span> <span class='ocrx_word' id='word_1_436' title='bbox 871 4903 994 4985; x_wconf 75' lang='lat' dir='ltr'><strong>iltup.);</strong></span> <span class='ocrx_word' id='word_1_437' title='bbox 1007 4905 1109 4969; x_wconf 88' lang='lat' dir='ltr'><strong>notari</strong></span> <span class='ocrx_word' id='word_1_438' title='bbox 1121 4909 1185 4968; x_wconf 87' lang='lat' dir='ltr'><strong>tres</strong></span> <span class='ocrx_word' id='word_1_439' title='bbox 1200 4904 1312 4968; x_wconf 89' lang='lat' dir='ltr'><strong>modos</strong></span> <span class='ocrx_word' id='word_1_440' title='bbox 1327 4905 1529 4984; x_wconf 88' lang='lat' dir='ltr'><strong>propheticae</strong></span> <span class='ocrx_word' id='word_1_441' title='bbox 1543 4905 1733 4984; x_wconf 86' lang='lat' dir='ltr'><strong>cognitionis</strong></span> <span class='ocrx_word' id='word_1_442' title='bbox 1747 4923 1755 4964; x_wconf 75' lang='grc' dir='ltr'>ε</span> 
     </span>
    </p>
   </div>
   <div class='ocr_carea' id='block_1_13' title="bbox 0 0 2062 5648">
    <p class='ocr_par' dir='ltr' id='par_1_13' title="bbox 0 0 2062 5648">
     <span class='ocr_line' id='line_1_43' title="bbox 0 0 2062 5648; baseline 0 1"><span class='ocrx_word' id='word_1_443' title='bbox 0 0 2062 5648; x_wconf 95' lang='lat' dir='ltr'><strong> </strong></span> 
     </span>
    </p>
   </div>
  </div>
 </body>
</html>
