<?xml version="1.0" encoding="UTF-8"?>
<!DOCTYPE html PUBLIC "-//W3C//DTD XHTML 1.0 Transitional//EN"
    "http://www.w3.org/TR/xhtml1/DTD/xhtml1-transitional.dtd">
<html xmlns="http://www.w3.org/1999/xhtml" xml:lang="en" lang="en">
 <head>
  <title>
</title>
<meta http-equiv="Content-Type" content="text/html;charset=utf-8" />
  <meta name='ocr-system' content='tesseract 3.04.00' />
  <meta name='ocr-capabilities' content='ocr_page ocr_carea ocr_par ocr_line ocrx_word'/>
</head>
<body>
  <div class='ocr_page' id='page_1' title='image "./commentariusinq00knabgoog_0539.png"; bbox 0 0 4116 5648; ppageno 0'>
   <div class='ocr_carea' id='block_1_1' title="bbox 784 103 1807 218">
    <p class='ocr_par' dir='ltr' id='par_1_1' title="bbox 784 103 1807 218">
     <span class='ocr_line' id='line_1_1' title="bbox 1216 103 1793 118; baseline 0 -1"><span class='ocrx_word' id='word_1_1' title='bbox 1216 111 1220 117; x_wconf 82' lang='grc'>.</span> <span class='ocrx_word' id='word_1_2' title='bbox 1331 108 1335 115; x_wconf 74' lang='grc' dir='ltr'>ι</span> <span class='ocrx_word' id='word_1_3' title='bbox 1487 103 1494 108; x_wconf 84' lang='grc'><em>“</em></span> <span class='ocrx_word' id='word_1_4' title='bbox 1544 106 1566 114; x_wconf 79' lang='lat'>¹·</span> <span class='ocrx_word' id='word_1_5' title='bbox 1603 110 1607 114; x_wconf 86' lang='lat'><em>-</em></span> <span class='ocrx_word' id='word_1_6' title='bbox 1626 110 1632 117; x_wconf 80' lang='grc'><strong>.</strong></span> <span class='ocrx_word' id='word_1_7' title='bbox 1669 103 1696 115; x_wconf 40' lang='grc' dir='ltr'>ον’</span> <span class='ocrx_word' id='word_1_8' title='bbox 1766 109 1793 118; x_wconf 38' lang='lat'>⁴.»</span> 
     </span>
     <span class='ocr_line' id='line_1_2' title="bbox 784 112 1789 170; baseline 0.003 -6"><span class='ocrx_word' id='word_1_9' title='bbox 784 141 788 149; x_wconf 84' lang='lat'><em>·</em></span> <span class='ocrx_word' id='word_1_10' title='bbox 829 136 850 156; x_wconf 44' lang='grc' dir='ltr'>ιι</span> <span class='ocrx_word' id='word_1_11' title='bbox 867 142 876 149; x_wconf 86' lang='lat'>-</span> <span class='ocrx_word' id='word_1_12' title='bbox 964 134 984 143; x_wconf 74' lang='lat'>.,</span> <span class='ocrx_word' id='word_1_13' title='bbox 1009 139 1011 142; x_wconf 39' lang='lat'><em>⁴</em></span> <span class='ocrx_word' id='word_1_14' title='bbox 1049 130 1110 170; x_wconf 53' lang='lat' dir='ltr'>:os</span> <span class='ocrx_word' id='word_1_15' title='bbox 1250 112 1671 168; x_wconf 47' lang='lat' dir='ltr'>v‹¹is..*÷f.rsf·›.1.··s»20¹1</span> <span class='ocrx_word' id='word_1_16' title='bbox 1695 122 1717 153; x_wconf 57' lang='grc' dir='ltr'>’τ’</span> <span class='ocrx_word' id='word_1_17' title='bbox 1752 121 1789 167; x_wconf 51' lang='lat' dir='ltr'>&#39;a‘</span> 
     </span>
     <span class='ocr_line' id='line_1_3' title="bbox 847 155 1807 195; baseline 0 -16"><span class='ocrx_word' id='word_1_18' title='bbox 847 164 853 171; x_wconf 77' lang='lat'>⁸</span> <span class='ocrx_word' id='word_1_19' title='bbox 911 164 924 182; x_wconf 72' lang='grc' dir='ltr'><em>Ι</em></span> <span class='ocrx_word' id='word_1_20' title='bbox 970 188 973 195; x_wconf 66' lang='grc' dir='ltr'>Ι</span> <span class='ocrx_word' id='word_1_21' title='bbox 1046 185 1050 193; x_wconf 49' lang='grc' dir='ltr'>ι</span> <span class='ocrx_word' id='word_1_22' title='bbox 1069 173 1073 180; x_wconf 83' lang='grc'><em>.</em></span> <span class='ocrx_word' id='word_1_23' title='bbox 1115 171 1137 185; x_wconf 56' lang='lat' dir='ltr'>„q</span> <span class='ocrx_word' id='word_1_24' title='bbox 1151 162 1174 191; x_wconf 44' lang='grc'>’0</span> <span class='ocrx_word' id='word_1_25' title='bbox 1219 171 1247 194; x_wconf 57' lang='grc' dir='ltr'>(ΙΔ</span> <span class='ocrx_word' id='word_1_26' title='bbox 1290 162 1324 194; x_wconf 68' lang='lat'>&#39;¹¹&#39;</span> <span class='ocrx_word' id='word_1_27' title='bbox 1350 165 1519 195; x_wconf 34' lang='lat' dir='ltr'>&#39;i&#39;e‘sssdssstu&#39;fff</span> <span class='ocrx_word' id='word_1_28' title='bbox 1537 173 1545 191; x_wconf 48' lang='lat' dir='ltr'><em>l</em></span> <span class='ocrx_word' id='word_1_29' title='bbox 1565 173 1570 181; x_wconf 85' lang='grc'>,</span> <span class='ocrx_word' id='word_1_30' title='bbox 1590 167 1595 175; x_wconf 78' lang='grc' dir='ltr'>ι</span> <span class='ocrx_word' id='word_1_31' title='bbox 1624 171 1645 189; x_wconf 39' lang='grc' dir='ltr'>ἢ,</span> <span class='ocrx_word' id='word_1_32' title='bbox 1665 160 1680 195; x_wconf 50' lang='grc'><strong><em>4</em></strong></span> <span class='ocrx_word' id='word_1_33' title='bbox 1782 155 1807 179; x_wconf 49' lang='lat' dir='ltr'>nl*</span> 
     </span>
     <span class='ocr_line' id='line_1_4' title="bbox 819 189 1675 218; baseline -0.001 -2"><span class='ocrx_word' id='word_1_34' title='bbox 819 191 824 200; x_wconf 66' lang='lat'>⁸</span> <span class='ocrx_word' id='word_1_35' title='bbox 1066 197 1074 206; x_wconf 81' lang='lat'><em>&#39;</em></span> <span class='ocrx_word' id='word_1_36' title='bbox 1139 204 1145 211; x_wconf 75' lang='lat'>·</span> <span class='ocrx_word' id='word_1_37' title='bbox 1168 206 1172 214; x_wconf 84' lang='grc' dir='ltr'>ι</span> <span class='ocrx_word' id='word_1_38' title='bbox 1188 202 1199 214; x_wconf 69' lang='grc' dir='ltr'><strong>Δ</strong></span> <span class='ocrx_word' id='word_1_39' title='bbox 1235 199 1239 207; x_wconf 79' lang='lat'><strong>¹</strong></span> <span class='ocrx_word' id='word_1_40' title='bbox 1266 191 1284 215; x_wconf 61' lang='lat' dir='ltr'>ll</span> <span class='ocrx_word' id='word_1_41' title='bbox 1298 189 1329 213; x_wconf 62' lang='grc' dir='ltr'>ΙῙ</span> <span class='ocrx_word' id='word_1_42' title='bbox 1346 192 1356 212; x_wconf 73' lang='grc' dir='ltr'><strong><em>ἰ</em></strong></span> <span class='ocrx_word' id='word_1_43' title='bbox 1380 192 1466 218; x_wconf 48' lang='grc' dir='ltr'>Ρι-ἰῌ</span> <span class='ocrx_word' id='word_1_44' title='bbox 1505 197 1509 204; x_wconf 92' lang='grc'>’</span> <span class='ocrx_word' id='word_1_45' title='bbox 1537 195 1588 215; x_wconf 68' lang='grc' dir='ltr'>μιΙ</span> <span class='ocrx_word' id='word_1_46' title='bbox 1641 206 1650 217; x_wconf 71' lang='lat'><em>0</em></span> <span class='ocrx_word' id='word_1_47' title='bbox 1669 199 1675 207; x_wconf 79' lang='lat'><strong><em>¹</em></strong></span> 
     </span>
    </p>
   </div>
   <div class='ocr_carea' id='block_1_2' title="bbox 1093 198 1806 295">
    <p class='ocr_par' dir='ltr' id='par_1_2' title="bbox 1093 198 1806 295">
     <span class='ocr_line' id='line_1_5' title="bbox 1093 198 1806 245; baseline 0 -22"><span class='ocrx_word' id='word_1_48' title='bbox 1093 230 1098 239; x_wconf 52' lang='grc' dir='ltr'><strong><em>Ι</em></strong></span> <span class='ocrx_word' id='word_1_49' title='bbox 1149 220 1165 225; x_wconf 90' lang='grc'>.,</span> <span class='ocrx_word' id='word_1_50' title='bbox 1206 210 1238 230; x_wconf 21' lang='grc' dir='ltr'>-Ᾰ</span> <span class='ocrx_word' id='word_1_51' title='bbox 1292 200 1500 242; x_wconf 22' lang='lat' dir='ltr'>·,pt23.5⁴.¹ae·</span> <span class='ocrx_word' id='word_1_52' title='bbox 1546 215 1551 220; x_wconf 82' lang='grc'>.</span> <span class='ocrx_word' id='word_1_53' title='bbox 1626 208 1632 232; x_wconf 65' lang='grc'>;</span> <span class='ocrx_word' id='word_1_54' title='bbox 1678 198 1806 245; x_wconf 47' lang='grc' dir='ltr'>;.,.,,ἰ’“·,,ι-</span> 
     </span>
     <span class='ocr_line' id='line_1_6' title="bbox 1203 240 1802 295; baseline -0.027 0"><span class='ocrx_word' id='word_1_55' title='bbox 1203 260 1208 267; x_wconf 28' lang='lat' dir='ltr'><strong><em>t</em></strong></span> <span class='ocrx_word' id='word_1_56' title='bbox 1244 244 1245 249; x_wconf 32' lang='lat' dir='ltr'>i</span> <span class='ocrx_word' id='word_1_57' title='bbox 1279 240 1482 295; x_wconf 19' lang='lat' dir='ltr'>&#39;jc-thtphaqj‘ussh</span> <span class='ocrx_word' id='word_1_58' title='bbox 1499 256 1656 295; x_wconf 54' lang='grc' dir='ltr'>η’ἶ-ι’Ᾰ,-.ἰω’</span> <span class='ocrx_word' id='word_1_59' title='bbox 1679 247 1754 277; x_wconf 43' lang='lat' dir='ltr'>plin</span> <span class='ocrx_word' id='word_1_60' title='bbox 1769 263 1776 273; x_wconf 74' lang='lat'><strong><em>³</em></strong></span> <span class='ocrx_word' id='word_1_61' title='bbox 1796 259 1802 269; x_wconf 83' lang='grc'><strong>’</strong></span> 
     </span>
    </p>
   </div>
   <div class='ocr_carea' id='block_1_3' title="bbox 776 255 1274 315">
    <p class='ocr_par' dir='ltr' id='par_1_3' title="bbox 776 255 1274 315">
     <span class='ocr_line' id='line_1_7' title="bbox 776 255 1274 315; baseline 0.008 -24"><span class='ocrx_word' id='word_1_62' title='bbox 776 260 795 291; x_wconf 64' lang='grc' dir='ltr'>ἰ’</span> <span class='ocrx_word' id='word_1_63' title='bbox 803 273 813 286; x_wconf 59' lang='grc' dir='ltr'><strong>Α</strong></span> <span class='ocrx_word' id='word_1_64' title='bbox 883 260 920 292; x_wconf 45' lang='grc' dir='ltr'>ἰ’Ῑι</span> <span class='ocrx_word' id='word_1_65' title='bbox 942 255 949 289; x_wconf 65' lang='lat'>⁸¹</span> <span class='ocrx_word' id='word_1_66' title='bbox 973 280 988 293; x_wconf 74' lang='grc' dir='ltr'><strong>ν</strong></span> <span class='ocrx_word' id='word_1_67' title='bbox 995 265 1052 299; x_wconf 50' lang='lat' dir='ltr'>&#39;vu-q</span> <span class='ocrx_word' id='word_1_68' title='bbox 1060 281 1202 315; x_wconf 39' lang='grc' dir='ltr'>,ἡῃνὼῦᾀ</span> <span class='ocrx_word' id='word_1_69' title='bbox 1209 267 1274 309; x_wconf 43' lang='lat' dir='ltr'>&#39;‘josa‘&#39;</span> 
     </span>
    </p>
   </div>
   <div class='ocr_carea' id='block_1_4' title="bbox 185 473 1157 593">
    <p class='ocr_par' dir='ltr' id='par_1_4' title="bbox 185 473 1157 593">
     <span class='ocr_line' id='line_1_8' title="bbox 185 473 1157 593; baseline 0.002 -19"><span class='ocrx_word' id='word_1_70' title='bbox 185 519 229 593; x_wconf 61' lang='lat' dir='ltr'>a</span> <span class='ocrx_word' id='word_1_71' title='bbox 266 473 274 486; x_wconf 72' lang='grc'><strong>’</strong></span> <span class='ocrx_word' id='word_1_72' title='bbox 364 516 423 575; x_wconf 74' lang='lat' dir='ltr'>aar</span> <span class='ocrx_word' id='word_1_73' title='bbox 894 532 979 577; x_wconf 76' lang='lat' dir='ltr'>nnc</span> <span class='ocrx_word' id='word_1_74' title='bbox 1002 520 1157 592; x_wconf 76' lang='lat' dir='ltr'>masao.</span> 
     </span>
    </p>
   </div>
   <div class='ocr_carea' id='block_1_5' title="bbox 361 665 1780 5017">
    <p class='ocr_par' dir='ltr' id='par_1_5' title="bbox 361 665 1686 971">
     <span class='ocr_line' id='line_1_9' title="bbox 361 665 1686 760; baseline -0.002 -26"><span class='ocrx_word' id='word_1_75' title='bbox 361 671 616 739; x_wconf 77' lang='lat' dir='ltr'>crucifixionem</span> <span class='ocrx_word' id='word_1_76' title='bbox 637 666 772 755; x_wconf 88' lang='lat' dir='ltr'>saepius</span> <span class='ocrx_word' id='word_1_77' title='bbox 791 665 974 756; x_wconf 77' lang='lat' dir='ltr'>praedixit,</span> <span class='ocrx_word' id='word_1_78' title='bbox 998 693 1066 760; x_wconf 91' lang='lat' dir='ltr'>qua</span> <span class='ocrx_word' id='word_1_79' title='bbox 1092 671 1160 734; x_wconf 89' lang='lat' dir='ltr'>iam</span> <span class='ocrx_word' id='word_1_80' title='bbox 1179 667 1398 735; x_wconf 79' lang='lat' dir='ltr'>indicabatur</span> <span class='ocrx_word' id='word_1_81' title='bbox 1420 669 1510 751; x_wconf 86' lang='lat' dir='ltr'>lore,</span> <span class='ocrx_word' id='word_1_82' title='bbox 1525 673 1563 737; x_wconf 92' lang='lat' dir='ltr'>ut</span> <span class='ocrx_word' id='word_1_83' title='bbox 1580 689 1602 733; x_wconf 89' lang='lat' dir='ltr'>a</span> <span class='ocrx_word' id='word_1_84' title='bbox 1620 672 1686 734; x_wconf 77' lang='lat' dir='ltr'>llo·</span> 
     </span>
     <span class='ocr_line' id='line_1_10' title="bbox 364 771 1685 863; baseline -0.002 -21"><span class='ocrx_word' id='word_1_85' title='bbox 364 780 472 845; x_wconf 88' lang='lat' dir='ltr'>manis</span> <span class='ocrx_word' id='word_1_86' title='bbox 499 778 598 845; x_wconf 89' lang='lat' dir='ltr'>morti</span> <span class='ocrx_word' id='word_1_87' title='bbox 619 771 849 855; x_wconf 78' lang='lat' dir='ltr'>addiceretur,</span> <span class='ocrx_word' id='word_1_88' title='bbox 873 774 1041 861; x_wconf 91' lang='lat' dir='ltr'>quiahoc</span> <span class='ocrx_word' id='word_1_89' title='bbox 1065 773 1271 863; x_wconf 92' lang='lat' dir='ltr'>supplicium</span> <span class='ocrx_word' id='word_1_90' title='bbox 1304 772 1437 841; x_wconf 85' lang='lat' dir='ltr'>ludaeis</span> <span class='ocrx_word' id='word_1_91' title='bbox 1453 783 1527 843; x_wconf 89' lang='lat' dir='ltr'>erat</span> <span class='ocrx_word' id='word_1_92' title='bbox 1541 772 1685 842; x_wconf 85' lang='lat' dir='ltr'>inusita-</span> 
     </span>
     <span class='ocr_line' id='line_1_11' title="bbox 363 879 1485 971; baseline -0.002 -21"><span class='ocrx_word' id='word_1_93' title='bbox 363 889 455 965; x_wconf 91' lang='lat' dir='ltr'>tum;</span> <span class='ocrx_word' id='word_1_94' title='bbox 473 884 601 965; x_wconf 83' lang='lat' dir='ltr'>exlege</span> <span class='ocrx_word' id='word_1_95' title='bbox 618 881 764 946; x_wconf 89' lang='lat' dir='ltr'>mosaica</span> <span class='ocrx_word' id='word_1_96' title='bbox 776 880 997 969; x_wconf 89' lang='lat' dir='ltr'>blasphemus</span> <span class='ocrx_word' id='word_1_97' title='bbox 1010 879 1232 971; x_wconf 87' lang='lat' dir='ltr'>lapidabatur</span> <span class='ocrx_word' id='word_1_98' title='bbox 1244 881 1337 970; x_wconf 80' lang='lat' dir='ltr'>(Lev.</span> <span class='ocrx_word' id='word_1_99' title='bbox 1355 883 1485 968; x_wconf 57' lang='lat' dir='ltr'>uest).</span> 
     </span>
    </p>

    <p class='ocr_par' dir='ltr' id='par_1_6' title="bbox 361 986 1780 3930">
     <span class='ocr_line' id='line_1_12' title="bbox 407 986 1688 1079; baseline -0.001 -24"><span class='ocrx_word' id='word_1_100' title='bbox 407 989 519 1055; x_wconf 86' lang='lat' dir='ltr'>Coacti</span> <span class='ocrx_word' id='word_1_101' title='bbox 545 987 659 1073; x_wconf 82' lang='lat' dir='ltr'>itaque</span> <span class='ocrx_word' id='word_1_102' title='bbox 673 995 771 1053; x_wconf 86' lang='lat' dir='ltr'>erant</span> <span class='ocrx_word' id='word_1_103' title='bbox 799 986 1009 1071; x_wconf 80' lang='lat' dir='ltr'>synedristae</span> <span class='ocrx_word' id='word_1_104' title='bbox 1038 1008 1095 1053; x_wconf 88' lang='lat' dir='ltr'>eas</span> <span class='ocrx_word' id='word_1_105' title='bbox 1125 987 1277 1075; x_wconf 87' lang='lat' dir='ltr'>prolerre</span> <span class='ocrx_word' id='word_1_106' title='bbox 1305 986 1537 1054; x_wconf 85' lang='lat' dir='ltr'>accusationes</span> <span class='ocrx_word' id='word_1_107' title='bbox 1562 987 1688 1079; x_wconf 86' lang='lat' dir='ltr'>quibus</span> 
     </span>
     <span class='ocr_line' id='line_1_13' title="bbox 364 1090 1688 1161; baseline 0 -1"><span class='ocrx_word' id='word_1_108' title='bbox 364 1095 489 1160; x_wconf 87' lang='lat' dir='ltr'>Pilatus</span> <span class='ocrx_word' id='word_1_109' title='bbox 504 1090 549 1156; x_wconf 83' lang='lat' dir='ltr'>ad</span> <span class='ocrx_word' id='word_1_110' title='bbox 567 1093 771 1161; x_wconf 86' lang='lat' dir='ltr'>sententiam</span> <span class='ocrx_word' id='word_1_111' title='bbox 799 1094 918 1160; x_wconf 85' lang='lat' dir='ltr'>mortis</span> <span class='ocrx_word' id='word_1_112' title='bbox 942 1093 1119 1161; x_wconf 81' lang='lat' dir='ltr'>serendam</span> <span class='ocrx_word' id='word_1_113' title='bbox 1137 1092 1368 1161; x_wconf 88' lang='lat' dir='ltr'>induceretur.</span> <span class='ocrx_word' id='word_1_114' title='bbox 1388 1097 1451 1160; x_wconf 85' lang='lat' dir='ltr'>Eas</span> <span class='ocrx_word' id='word_1_115' title='bbox 1467 1093 1565 1160; x_wconf 91' lang='lat' dir='ltr'>nobis</span> <span class='ocrx_word' id='word_1_116' title='bbox 1583 1095 1688 1160; x_wconf 89' lang='lat' dir='ltr'>relert</span> 
     </span>
     <span class='ocr_line' id='line_1_14' title="bbox 364 1197 1780 1289; baseline 0.001 -24"><span class='ocrx_word' id='word_1_117' title='bbox 364 1205 468 1265; x_wconf 88' lang='lat' dir='ltr'>Lucas</span> <span class='ocrx_word' id='word_1_118' title='bbox 493 1203 584 1280; x_wconf 58' lang='grc' dir='ltr'>Μ,</span> <span class='ocrx_word' id='word_1_119' title='bbox 607 1203 712 1266; x_wconf 91' lang='lat' dir='ltr'>lesum</span> <span class='ocrx_word' id='word_1_120' title='bbox 732 1199 934 1268; x_wconf 87' lang='lat' dir='ltr'>subvertisse</span> <span class='ocrx_word' id='word_1_121' title='bbox 955 1207 1110 1288; x_wconf 85' lang='lat' dir='ltr'>gentem,</span> <span class='ocrx_word' id='word_1_122' title='bbox 1135 1199 1349 1289; x_wconf 89' lang='lat' dir='ltr'>prohibuisse</span> <span class='ocrx_word' id='word_1_123' title='bbox 1371 1199 1501 1267; x_wconf 90' lang='lat' dir='ltr'>tributa</span> <span class='ocrx_word' id='word_1_124' title='bbox 1513 1197 1688 1267; x_wconf 85' lang='lat' dir='ltr'>dareCae-</span> <span class='ocrx_word' id='word_1_125' title='bbox 1772 1261 1780 1277; x_wconf 84' lang='lat'>,</span> 
     </span>
     <span class='ocr_line' id='line_1_15' title="bbox 363 1305 1713 1397; baseline 0.001 -27"><span class='ocrx_word' id='word_1_126' title='bbox 363 1305 446 1379; x_wconf 87' lang='lat' dir='ltr'>sari,</span> <span class='ocrx_word' id='word_1_127' title='bbox 468 1326 503 1371; x_wconf 90' lang='lat' dir='ltr'>se</span> <span class='ocrx_word' id='word_1_128' title='bbox 520 1327 635 1393; x_wconf 83' lang='lat' dir='ltr'>regem</span> <span class='ocrx_word' id='word_1_129' title='bbox 655 1329 725 1372; x_wconf 86' lang='lat' dir='ltr'>esse</span> <span class='ocrx_word' id='word_1_130' title='bbox 741 1305 874 1374; x_wconf 88' lang='lat' dir='ltr'>dixisse.</span> <span class='ocrx_word' id='word_1_131' title='bbox 894 1312 963 1375; x_wconf 82' lang='lat' dir='ltr'>Duo</span> <span class='ocrx_word' id='word_1_132' title='bbox 977 1307 1095 1397; x_wconf 92' lang='lat' dir='ltr'>priora</span> <span class='ocrx_word' id='word_1_133' title='bbox 1113 1307 1260 1392; x_wconf 81' lang='lat' dir='ltr'>negligit</span> <span class='ocrx_word' id='word_1_134' title='bbox 1279 1306 1418 1385; x_wconf 88' lang='lat' dir='ltr'>Pilatus,</span> <span class='ocrx_word' id='word_1_135' title='bbox 1436 1305 1498 1396; x_wconf 93' lang='lat' dir='ltr'>qui</span> <span class='ocrx_word' id='word_1_136' title='bbox 1511 1326 1593 1372; x_wconf 90' lang='lat' dir='ltr'>sane</span> <span class='ocrx_word' id='word_1_137' title='bbox 1608 1327 1687 1394; x_wconf 87' lang='lat' dir='ltr'>per·</span> <span class='ocrx_word' id='word_1_138' title='bbox 1711 1319 1713 1322; x_wconf 54' lang='lat'><em>⁴</em></span> 
     </span>
     <span class='ocr_line' id='line_1_16' title="bbox 363 1411 1688 1504; baseline 0.002 -30"><span class='ocrx_word' id='word_1_139' title='bbox 363 1411 473 1499; x_wconf 86' lang='lat' dir='ltr'>spexit</span> <span class='ocrx_word' id='word_1_140' title='bbox 488 1432 529 1477; x_wconf 91' lang='lat' dir='ltr'>ea</span> <span class='ocrx_word' id='word_1_141' title='bbox 547 1412 632 1480; x_wconf 82' lang='lat' dir='ltr'>falso</span> <span class='ocrx_word' id='word_1_142' title='bbox 652 1412 813 1501; x_wconf 88' lang='lat' dir='ltr'>prolerri;</span> <span class='ocrx_word' id='word_1_143' title='bbox 830 1435 910 1481; x_wconf 91' lang='lat' dir='ltr'>nam</span> <span class='ocrx_word' id='word_1_144' title='bbox 930 1436 1019 1504; x_wconf 88' lang='lat' dir='ltr'>quac</span> <span class='ocrx_word' id='word_1_145' title='bbox 1036 1417 1111 1479; x_wconf 90' lang='lat' dir='ltr'>erat</span> <span class='ocrx_word' id='word_1_146' title='bbox 1131 1414 1393 1499; x_wconf 85' lang='lat' dir='ltr'>magistratuum</span> <span class='ocrx_word' id='word_1_147' title='bbox 1412 1432 1633 1480; x_wconf 86' lang='lat' dir='ltr'>romanorum</span> <span class='ocrx_word' id='word_1_148' title='bbox 1652 1412 1688 1477; x_wconf 91' lang='lat' dir='ltr'>in</span> 
     </span>
     <span class='ocr_line' id='line_1_17' title="bbox 364 1517 1689 1610; baseline 0.001 -27"><span class='ocrx_word' id='word_1_149' title='bbox 364 1517 494 1606; x_wconf 91' lang='lat' dir='ltr'>populo</span> <span class='ocrx_word' id='word_1_150' title='bbox 510 1519 597 1586; x_wconf 89' lang='lat' dir='ltr'>adeo</span> <span class='ocrx_word' id='word_1_151' title='bbox 612 1520 685 1607; x_wconf 84' lang='lat' dir='ltr'>iugi</span> <span class='ocrx_word' id='word_1_152' title='bbox 701 1521 833 1585; x_wconf 92' lang='lat' dir='ltr'>romani</span> <span class='ocrx_word' id='word_1_153' title='bbox 856 1520 1057 1610; x_wconf 83' lang='lat' dir='ltr'>impatiente</span> <span class='ocrx_word' id='word_1_154' title='bbox 1076 1518 1272 1605; x_wconf 81' lang='lat' dir='ltr'>vigilantia,</span> <span class='ocrx_word' id='word_1_155' title='bbox 1289 1522 1317 1587; x_wconf 92' lang='lat' dir='ltr'>si</span> <span class='ocrx_word' id='word_1_156' title='bbox 1329 1519 1554 1588; x_wconf 86' lang='lat' dir='ltr'>rebellionem</span> <span class='ocrx_word' id='word_1_157' title='bbox 1570 1539 1689 1585; x_wconf 86' lang='lat' dir='ltr'>revera</span> 
     </span>
     <span class='ocr_line' id='line_1_18' title="bbox 364 1624 1688 1715; baseline 0 -25"><span class='ocrx_word' id='word_1_158' title='bbox 364 1624 524 1693; x_wconf 87' lang='lat' dir='ltr'>movisset</span> <span class='ocrx_word' id='word_1_159' title='bbox 547 1632 606 1693; x_wconf 90' lang='lat' dir='ltr'>aut</span> <span class='ocrx_word' id='word_1_160' title='bbox 628 1624 834 1693; x_wconf 90' lang='lat' dir='ltr'>solutionem</span> <span class='ocrx_word' id='word_1_161' title='bbox 855 1626 1064 1694; x_wconf 89' lang='lat' dir='ltr'>tributorum</span> <span class='ocrx_word' id='word_1_162' title='bbox 1090 1626 1337 1713; x_wconf 88' lang='lat' dir='ltr'>prohibuisset,</span> <span class='ocrx_word' id='word_1_163' title='bbox 1368 1627 1509 1694; x_wconf 90' lang='lat' dir='ltr'>minime</span> <span class='ocrx_word' id='word_1_164' title='bbox 1539 1646 1688 1715; x_wconf 87' lang='lat' dir='ltr'>eousque</span> 
     </span>
     <span class='ocr_line' id='line_1_19' title="bbox 363 1729 1689 1823; baseline 0.002 -27"><span class='ocrx_word' id='word_1_165' title='bbox 363 1729 399 1796; x_wconf 92' lang='lat' dir='ltr'>id</span> <span class='ocrx_word' id='word_1_166' title='bbox 412 1730 580 1810; x_wconf 73' lang='lat' dir='ltr'>latuisset,</span> <span class='ocrx_word' id='word_1_167' title='bbox 598 1732 824 1820; x_wconf 86' lang='lat' dir='ltr'>insuperaatis</span> <span class='ocrx_word' id='word_1_168' title='bbox 839 1731 936 1798; x_wconf 92' lang='lat' dir='ltr'>novit</span> <span class='ocrx_word' id='word_1_169' title='bbox 950 1730 1124 1821; x_wconf 91' lang='lat' dir='ltr'>quomodo</span> <span class='ocrx_word' id='word_1_170' title='bbox 1135 1733 1308 1823; x_wconf 83' lang='lat' dir='ltr'>principes</span> <span class='ocrx_word' id='word_1_171' title='bbox 1323 1732 1528 1800; x_wconf 86' lang='lat' dir='ltr'>ludaeorum</span> <span class='ocrx_word' id='word_1_172' title='bbox 1538 1735 1689 1822; x_wconf 86' lang='lat' dir='ltr'>potesta-</span> 
     </span>
     <span class='ocr_line' id='line_1_20' title="bbox 364 1838 1689 1928; baseline 0 -24"><span class='ocrx_word' id='word_1_173' title='bbox 364 1843 433 1904; x_wconf 85' lang='lat' dir='ltr'>tem</span> <span class='ocrx_word' id='word_1_174' title='bbox 455 1859 633 1905; x_wconf 88' lang='lat' dir='ltr'>romanam</span> <span class='ocrx_word' id='word_1_175' title='bbox 655 1838 802 1919; x_wconf 81' lang='lat' dir='ltr'>ferrent,</span> <span class='ocrx_word' id='word_1_176' title='bbox 819 1847 857 1904; x_wconf 91' lang='lat' dir='ltr'>ut</span> <span class='ocrx_word' id='word_1_177' title='bbox 879 1838 993 1927; x_wconf 89' lang='lat' dir='ltr'>potius</span> <span class='ocrx_word' id='word_1_178' title='bbox 1017 1839 1201 1906; x_wconf 86' lang='lat' dir='ltr'>miraretur</span> <span class='ocrx_word' id='word_1_179' title='bbox 1217 1838 1312 1928; x_wconf 93' lang='lat' dir='ltr'>quod</span> <span class='ocrx_word' id='word_1_180' title='bbox 1333 1861 1432 1921; x_wconf 91' lang='lat' dir='ltr'>eum,</span> <span class='ocrx_word' id='word_1_181' title='bbox 1452 1839 1480 1905; x_wconf 91' lang='lat' dir='ltr'>si</span> <span class='ocrx_word' id='word_1_182' title='bbox 1505 1861 1626 1905; x_wconf 85' lang='lat' dir='ltr'>revera</span> <span class='ocrx_word' id='word_1_183' title='bbox 1648 1859 1689 1904; x_wconf 87' lang='lat' dir='ltr'>ea</span> 
     </span>
     <span class='ocr_line' id='line_1_21' title="bbox 363 1943 1688 2024; baseline -0.001 -14"><span class='ocrx_word' id='word_1_184' title='bbox 363 1945 510 2024; x_wconf 89' lang='lat' dir='ltr'>lecisset,</span> <span class='ocrx_word' id='word_1_185' title='bbox 528 1943 570 2010; x_wconf 92' lang='lat' dir='ltr'>ad</span> <span class='ocrx_word' id='word_1_186' title='bbox 595 1943 741 2011; x_wconf 90' lang='lat' dir='ltr'>iudicem</span> <span class='ocrx_word' id='word_1_187' title='bbox 763 1965 945 2012; x_wconf 89' lang='lat' dir='ltr'>romanum</span> <span class='ocrx_word' id='word_1_188' title='bbox 967 1943 1153 2011; x_wconf 81' lang='lat' dir='ltr'>deferrent.</span> <span class='ocrx_word' id='word_1_189' title='bbox 1176 1945 1257 2012; x_wconf 93' lang='lat' dir='ltr'>lude</span> <span class='ocrx_word' id='word_1_190' title='bbox 1278 1947 1347 2012; x_wconf 89' lang='lat' dir='ltr'>iam</span> <span class='ocrx_word' id='word_1_191' title='bbox 1362 1944 1572 2012; x_wconf 79' lang='lat' dir='ltr'>sufficienter</span> <span class='ocrx_word' id='word_1_192' title='bbox 1585 1943 1688 2010; x_wconf 88' lang='lat' dir='ltr'>intel·</span> 
     </span>
     <span class='ocr_line' id='line_1_22' title="bbox 362 2049 1689 2140; baseline 0.002 -25"><span class='ocrx_word' id='word_1_193' title='bbox 362 2049 442 2116; x_wconf 74' lang='lat' dir='ltr'>lesit</span> <span class='ocrx_word' id='word_1_194' title='bbox 456 2072 537 2116; x_wconf 90' lang='lat' dir='ltr'>eum</span> <span class='ocrx_word' id='word_1_195' title='bbox 554 2072 616 2140; x_wconf 90' lang='lat' dir='ltr'>per</span> <span class='ocrx_word' id='word_1_196' title='bbox 630 2049 796 2118; x_wconf 90' lang='lat' dir='ltr'>invidiam</span> <span class='ocrx_word' id='word_1_197' title='bbox 814 2050 979 2117; x_wconf 88' lang='lat' dir='ltr'>traditum</span> <span class='ocrx_word' id='word_1_198' title='bbox 995 2072 1065 2117; x_wconf 90' lang='lat' dir='ltr'>esse</span> <span class='ocrx_word' id='word_1_199' title='bbox 1082 2051 1209 2138; x_wconf 84' lang='lat' dir='ltr'>(tlatth.</span> <span class='ocrx_word' id='word_1_200' title='bbox 1228 2058 1350 2132; x_wconf 58' lang='lat' dir='ltr'>ants,</span> <span class='ocrx_word' id='word_1_201' title='bbox 1370 2057 1469 2118; x_wconf 85' lang='lat' dir='ltr'>llarc.</span> <span class='ocrx_word' id='word_1_202' title='bbox 1493 2050 1608 2139; x_wconf 86' lang='lat' dir='ltr'>15,1o)</span> <span class='ocrx_word' id='word_1_203' title='bbox 1624 2049 1689 2117; x_wconf 91' lang='lat' dir='ltr'>mi·</span> 
     </span>
     <span class='ocr_line' id='line_1_23' title="bbox 362 2155 1689 2246; baseline 0.001 -23"><span class='ocrx_word' id='word_1_204' title='bbox 362 2155 455 2223; x_wconf 87' lang='lat' dir='ltr'>nime</span> <span class='ocrx_word' id='word_1_205' title='bbox 476 2179 556 2223; x_wconf 91' lang='lat' dir='ltr'>vero</span> <span class='ocrx_word' id='word_1_206' title='bbox 577 2156 689 2224; x_wconf 91' lang='lat' dir='ltr'>studio</span> <span class='ocrx_word' id='word_1_207' title='bbox 708 2156 913 2246; x_wconf 82' lang='lat' dir='ltr'>protegendi</span> <span class='ocrx_word' id='word_1_208' title='bbox 938 2163 1142 2245; x_wconf 87' lang='lat' dir='ltr'>potestatem</span> <span class='ocrx_word' id='word_1_209' title='bbox 1170 2180 1360 2225; x_wconf 90' lang='lat' dir='ltr'>romanam.</span> <span class='ocrx_word' id='word_1_210' title='bbox 1386 2163 1495 2236; x_wconf 85' lang='lat' dir='ltr'>Quare</span> <span class='ocrx_word' id='word_1_211' title='bbox 1517 2157 1596 2224; x_wconf 89' lang='lat' dir='ltr'>satis</span> <span class='ocrx_word' id='word_1_212' title='bbox 1618 2177 1689 2224; x_wconf 88' lang='lat' dir='ltr'>esse</span> 
     </span>
     <span class='ocr_line' id='line_1_24' title="bbox 362 2263 1774 2354; baseline 0.001 -25"><span class='ocrx_word' id='word_1_213' title='bbox 362 2263 526 2330; x_wconf 87' lang='lat' dir='ltr'>iudicavit</span> <span class='ocrx_word' id='word_1_214' title='bbox 541 2264 583 2330; x_wconf 90' lang='lat' dir='ltr'>dc</span> <span class='ocrx_word' id='word_1_215' title='bbox 601 2263 700 2331; x_wconf 88' lang='lat' dir='ltr'>tertia</span> <span class='ocrx_word' id='word_1_216' title='bbox 714 2264 928 2332; x_wconf 89' lang='lat' dir='ltr'>accusatione</span> <span class='ocrx_word' id='word_1_217' title='bbox 949 2264 1144 2354; x_wconf 89' lang='lat' dir='ltr'>inquirere,</span> <span class='ocrx_word' id='word_1_218' title='bbox 1167 2286 1255 2354; x_wconf 92' lang='lat' dir='ltr'>quae</span> <span class='ocrx_word' id='word_1_219' title='bbox 1276 2265 1386 2353; x_wconf 84' lang='lat' dir='ltr'>magis</span> <span class='ocrx_word' id='word_1_220' title='bbox 1402 2271 1454 2332; x_wconf 87' lang='lat' dir='ltr'>est</span> <span class='ocrx_word' id='word_1_221' title='bbox 1472 2263 1644 2353; x_wconf 87' lang='lat' dir='ltr'>generalis</span> <span class='ocrx_word' id='word_1_222' title='bbox 1655 2269 1690 2331; x_wconf 88' lang='lat' dir='ltr'>et</span> <span class='ocrx_word' id='word_1_223' title='bbox 1771 2339 1774 2342; x_wconf 42' lang='grc'>,</span> 
     </span>
     <span class='ocr_line' id='line_1_25' title="bbox 362 2369 1690 2461; baseline 0.001 -25"><span class='ocrx_word' id='word_1_224' title='bbox 362 2369 545 2459; x_wconf 89' lang='lat' dir='ltr'>suspicioni</span> <span class='ocrx_word' id='word_1_225' title='bbox 563 2370 728 2459; x_wconf 73' lang='lat' dir='ltr'>exposita,</span> <span class='ocrx_word' id='word_1_226' title='bbox 750 2394 782 2438; x_wconf 92' lang='lat' dir='ltr'>v.</span> <span class='ocrx_word' id='word_1_227' title='bbox 805 2378 847 2438; x_wconf 83' lang='grc'>33</span> <span class='ocrx_word' id='word_1_228' title='bbox 868 2370 1024 2437; x_wconf 81' lang='lat' dir='ltr'>introivit</span> <span class='ocrx_word' id='word_1_229' title='bbox 1045 2393 1125 2461; x_wconf 75' lang='lat' dir='ltr'>erqo</span> <span class='ocrx_word' id='word_1_230' title='bbox 1143 2371 1266 2438; x_wconf 81' lang='lat' dir='ltr'>iterum</span> <span class='ocrx_word' id='word_1_231' title='bbox 1282 2372 1319 2437; x_wconf 86' lang='lat' dir='ltr'>in</span> <span class='ocrx_word' id='word_1_232' title='bbox 1329 2371 1543 2461; x_wconf 83' lang='lat' dir='ltr'>praetorium</span> <span class='ocrx_word' id='word_1_233' title='bbox 1558 2369 1690 2438; x_wconf 82' lang='lat' dir='ltr'>Pilutus</span> 
     </span>
     <span class='ocr_line' id='line_1_26' title="bbox 365 2474 1690 2562; baseline 0.001 -20"><span class='ocrx_word' id='word_1_234' title='bbox 365 2487 397 2542; x_wconf 88' lang='lat' dir='ltr'>et</span> <span class='ocrx_word' id='word_1_235' title='bbox 416 2476 547 2542; x_wconf 82' lang='lat' dir='ltr'>vocavit</span> <span class='ocrx_word' id='word_1_236' title='bbox 567 2478 678 2543; x_wconf 83' lang='lat' dir='ltr'>Iesum</span> <span class='ocrx_word' id='word_1_237' title='bbox 701 2488 734 2542; x_wconf 80' lang='lat' dir='ltr'>et</span> <span class='ocrx_word' id='word_1_238' title='bbox 750 2474 840 2542; x_wconf 76' lang='lat' dir='ltr'>dixit</span> <span class='ocrx_word' id='word_1_239' title='bbox 855 2478 889 2543; x_wconf 86' lang='lat' dir='ltr'>ci</span> <span class='ocrx_word' id='word_1_240' title='bbox 902 2499 915 2541; x_wconf 93' lang='lat'>.·</span> <span class='ocrx_word' id='word_1_241' title='bbox 940 2491 978 2542; x_wconf 84' lang='lat' dir='ltr'>tu</span> <span class='ocrx_word' id='word_1_242' title='bbox 1002 2499 1036 2543; x_wconf 88' lang='lat' dir='ltr'>es</span> <span class='ocrx_word' id='word_1_243' title='bbox 1059 2500 1124 2543; x_wconf 79' lang='lat' dir='ltr'>rea</span> <span class='ocrx_word' id='word_1_244' title='bbox 1140 2478 1370 2544; x_wconf 79' lang='lat' dir='ltr'>Iudaeorum?</span> <span class='ocrx_word' id='word_1_245' title='bbox 1387 2493 1440 2562; x_wconf 83' lang='lat' dir='ltr'>tu,</span> <span class='ocrx_word' id='word_1_246' title='bbox 1463 2488 1516 2562; x_wconf 76' lang='grc' dir='ltr'>σύ,</span> <span class='ocrx_word' id='word_1_247' title='bbox 1536 2476 1690 2544; x_wconf 84' lang='lat' dir='ltr'>declarat</span> 
     </span>
     <span class='ocr_line' id='line_1_27' title="bbox 362 2582 1689 2675; baseline 0.001 -27"><span class='ocrx_word' id='word_1_248' title='bbox 362 2582 645 2664; x_wconf 88' lang='lat' dir='ltr'>admirationem,</span> <span class='ocrx_word' id='word_1_249' title='bbox 668 2582 762 2672; x_wconf 94' lang='lat' dir='ltr'>quod</span> <span class='ocrx_word' id='word_1_250' title='bbox 785 2584 889 2650; x_wconf 93' lang='lat' dir='ltr'>homo</span> <span class='ocrx_word' id='word_1_251' title='bbox 910 2582 997 2650; x_wconf 86' lang='lat' dir='ltr'>adeo</span> <span class='ocrx_word' id='word_1_252' title='bbox 1017 2590 1054 2650; x_wconf 88' lang='lat' dir='ltr'>ut</span> <span class='ocrx_word' id='word_1_253' title='bbox 1066 2583 1202 2651; x_wconf 92' lang='lat' dir='ltr'>videtur</span> <span class='ocrx_word' id='word_1_254' title='bbox 1219 2584 1314 2667; x_wconf 87' lang='lat' dir='ltr'>vilis,</span> <span class='ocrx_word' id='word_1_255' title='bbox 1340 2585 1385 2652; x_wconf 88' lang='lat' dir='ltr'>ab</span> <span class='ocrx_word' id='word_1_256' title='bbox 1400 2584 1481 2675; x_wconf 91' lang='lat' dir='ltr'>ipsis</span> <span class='ocrx_word' id='word_1_257' title='bbox 1497 2584 1566 2650; x_wconf 92' lang='lat' dir='ltr'>suis</span> <span class='ocrx_word' id='word_1_258' title='bbox 1580 2606 1689 2673; x_wconf 91' lang='lat' dir='ltr'>popu-</span> 
     </span>
     <span class='ocr_line' id='line_1_28' title="bbox 362 2688 1688 2780; baseline 0.002 -26"><span class='ocrx_word' id='word_1_259' title='bbox 362 2688 493 2756; x_wconf 88' lang='lat' dir='ltr'>laribus</span> <span class='ocrx_word' id='word_1_260' title='bbox 509 2690 652 2757; x_wconf 89' lang='lat' dir='ltr'>traditus</span> <span class='ocrx_word' id='word_1_261' title='bbox 671 2697 705 2757; x_wconf 90' lang='lat' dir='ltr'>et</span> <span class='ocrx_word' id='word_1_262' title='bbox 725 2690 948 2780; x_wconf 88' lang='lat' dir='ltr'>proscriptus,</span> <span class='ocrx_word' id='word_1_263' title='bbox 968 2689 1070 2756; x_wconf 89' lang='lat' dir='ltr'>talem</span> <span class='ocrx_word' id='word_1_264' title='bbox 1098 2690 1164 2756; x_wconf 92' lang='lat' dir='ltr'>sibi</span> <span class='ocrx_word' id='word_1_265' title='bbox 1178 2690 1350 2757; x_wconf 87' lang='lat' dir='ltr'>adscribat</span> <span class='ocrx_word' id='word_1_266' title='bbox 1365 2691 1581 2777; x_wconf 85' lang='lat' dir='ltr'>dignitatem.</span> <span class='ocrx_word' id='word_1_267' title='bbox 1600 2688 1688 2756; x_wconf 88' lang='lat' dir='ltr'>Pila·</span> 
     </span>
     <span class='ocr_line' id='line_1_29' title="bbox 362 2795 1690 2887; baseline 0 -25"><span class='ocrx_word' id='word_1_268' title='bbox 362 2802 416 2863; x_wconf 92' lang='lat' dir='ltr'>tus</span> <span class='ocrx_word' id='word_1_269' title='bbox 435 2796 502 2863; x_wconf 89' lang='lat' dir='ltr'>iam</span> <span class='ocrx_word' id='word_1_270' title='bbox 522 2818 599 2863; x_wconf 90' lang='lat' dir='ltr'>eum</span> <span class='ocrx_word' id='word_1_271' title='bbox 622 2798 733 2887; x_wconf 88' lang='lat' dir='ltr'>potius</span> <span class='ocrx_word' id='word_1_272' title='bbox 754 2803 928 2885; x_wconf 89' lang='lat' dir='ltr'>tamquam</span> <span class='ocrx_word' id='word_1_273' title='bbox 956 2797 1129 2863; x_wconf 90' lang='lat' dir='ltr'>hominem</span> <span class='ocrx_word' id='word_1_274' title='bbox 1151 2798 1398 2876; x_wconf 81' lang='lat' dir='ltr'>somniantem,</span> <span class='ocrx_word' id='word_1_275' title='bbox 1418 2797 1620 2876; x_wconf 88' lang='lat' dir='ltr'>lanaticum,</span> <span class='ocrx_word' id='word_1_276' title='bbox 1637 2795 1690 2862; x_wconf 92' lang='lat' dir='ltr'>in·</span> 
     </span>
     <span class='ocr_line' id='line_1_30' title="bbox 362 2901 1689 2986; baseline -0.001 -17"><span class='ocrx_word' id='word_1_277' title='bbox 362 2924 486 2969; x_wconf 85' lang='lat' dir='ltr'>sanum</span> <span class='ocrx_word' id='word_1_278' title='bbox 509 2901 725 2970; x_wconf 89' lang='lat' dir='ltr'>considerare</span> <span class='ocrx_word' id='word_1_279' title='bbox 749 2903 837 2970; x_wconf 89' lang='lat' dir='ltr'>velle</span> <span class='ocrx_word' id='word_1_280' title='bbox 857 2901 1003 2969; x_wconf 91' lang='lat' dir='ltr'>videtur.</span> <span class='ocrx_word' id='word_1_281' title='bbox 1029 2908 1122 2970; x_wconf 89' lang='lat' dir='ltr'>lesus</span> <span class='ocrx_word' id='word_1_282' title='bbox 1147 2909 1277 2986; x_wconf 87' lang='lat' dir='ltr'>autem,</span> <span class='ocrx_word' id='word_1_283' title='bbox 1294 2910 1331 2971; x_wconf 93' lang='lat' dir='ltr'>ut</span> <span class='ocrx_word' id='word_1_284' title='bbox 1358 2910 1508 2971; x_wconf 88' lang='lat' dir='ltr'>mentem</span> <span class='ocrx_word' id='word_1_285' title='bbox 1530 2902 1629 2970; x_wconf 85' lang='lat' dir='ltr'>Pilati</span> <span class='ocrx_word' id='word_1_286' title='bbox 1644 2901 1689 2970; x_wconf 90' lang='lat' dir='ltr'>ad</span> 
     </span>
     <span class='ocr_line' id='line_1_31' title="bbox 362 3009 1690 3099; baseline -0.001 -23"><span class='ocrx_word' id='word_1_287' title='bbox 362 3009 580 3099; x_wconf 88' lang='lat' dir='ltr'>iniquitatem</span> <span class='ocrx_word' id='word_1_288' title='bbox 602 3009 827 3076; x_wconf 87' lang='lat' dir='ltr'>accusationis</span> <span class='ocrx_word' id='word_1_289' title='bbox 847 3015 1011 3076; x_wconf 88' lang='lat' dir='ltr'>attentam</span> <span class='ocrx_word' id='word_1_290' title='bbox 1039 3009 1160 3092; x_wconf 84' lang='lat' dir='ltr'>iaciat,</span> <span class='ocrx_word' id='word_1_291' title='bbox 1178 3033 1210 3077; x_wconf 92' lang='lat' dir='ltr'>v.</span> <span class='ocrx_word' id='word_1_292' title='bbox 1228 3016 1269 3076; x_wconf 80' lang='lat' dir='ltr'>3t</span> <span class='ocrx_word' id='word_1_293' title='bbox 1285 3009 1462 3099; x_wconf 81' lang='lat' dir='ltr'>respondit</span> <span class='ocrx_word' id='word_1_294' title='bbox 1476 3012 1591 3076; x_wconf 86' lang='lat' dir='ltr'>Iesus:</span> <span class='ocrx_word' id='word_1_295' title='bbox 1606 3031 1628 3076; x_wconf 87' lang='lat' dir='ltr'>a</span> <span class='ocrx_word' id='word_1_296' title='bbox 1643 3021 1690 3075; x_wconf 86' lang='lat' dir='ltr'>te·</span> 
     </span>
     <span class='ocr_line' id='line_1_32' title="bbox 361 3114 1690 3206; baseline -0.002 -24"><span class='ocrx_word' id='word_1_297' title='bbox 361 3116 505 3206; x_wconf 81' lang='lat' dir='ltr'>metipso</span> <span class='ocrx_word' id='word_1_298' title='bbox 530 3115 590 3182; x_wconf 79' lang='lat' dir='ltr'>loc</span> <span class='ocrx_word' id='word_1_299' title='bbox 612 3115 716 3199; x_wconf 82' lang='lat' dir='ltr'>dicis,</span> <span class='ocrx_word' id='word_1_300' title='bbox 733 3138 780 3182; x_wconf 85' lang='lat' dir='ltr'>on</span> <span class='ocrx_word' id='word_1_301' title='bbox 799 3114 863 3182; x_wconf 85' lang='lat' dir='ltr'>alii</span> <span class='ocrx_word' id='word_1_302' title='bbox 879 3115 1041 3182; x_wconf 71' lang='lat' dir='ltr'>eliserunt</span> <span class='ocrx_word' id='word_1_303' title='bbox 1062 3116 1125 3181; x_wconf 84' lang='lat' dir='ltr'>tibi</span> <span class='ocrx_word' id='word_1_304' title='bbox 1146 3115 1187 3183; x_wconf 89' lang='lat' dir='ltr'>de</span> <span class='ocrx_word' id='word_1_305' title='bbox 1205 3117 1370 3184; x_wconf 70' lang='lat' dir='ltr'>merult</span> <span class='ocrx_word' id='word_1_306' title='bbox 1386 3116 1496 3196; x_wconf 93' lang='lat' dir='ltr'>enim,</span> <span class='ocrx_word' id='word_1_307' title='bbox 1514 3122 1551 3182; x_wconf 93' lang='lat' dir='ltr'>ut</span> <span class='ocrx_word' id='word_1_308' title='bbox 1564 3115 1690 3183; x_wconf 88' lang='lat' dir='ltr'>Pilatus</span> 
     </span>
     <span class='ocr_line' id='line_1_33' title="bbox 361 3221 1688 3313; baseline -0.002 -23"><span class='ocrx_word' id='word_1_309' title='bbox 361 3222 428 3290; x_wconf 92' lang='lat' dir='ltr'>sibi</span> <span class='ocrx_word' id='word_1_310' title='bbox 451 3221 607 3289; x_wconf 90' lang='lat' dir='ltr'>conscius</span> <span class='ocrx_word' id='word_1_311' title='bbox 632 3222 691 3289; x_wconf 88' lang='lat' dir='ltr'>liat</span> <span class='ocrx_word' id='word_1_312' title='bbox 710 3231 887 3311; x_wconf 89' lang='lat' dir='ltr'>nunquam</span> <span class='ocrx_word' id='word_1_313' title='bbox 904 3222 947 3288; x_wconf 90' lang='lat' dir='ltr'>de</span> <span class='ocrx_word' id='word_1_314' title='bbox 973 3245 1008 3288; x_wconf 86' lang='lat' dir='ltr'>sc</span> <span class='ocrx_word' id='word_1_315' title='bbox 1034 3245 1054 3288; x_wconf 86' lang='lat' dir='ltr'>a</span> <span class='ocrx_word' id='word_1_316' title='bbox 1078 3223 1280 3309; x_wconf 83' lang='lat' dir='ltr'>magistratu</span> <span class='ocrx_word' id='word_1_317' title='bbox 1301 3245 1442 3290; x_wconf 88' lang='lat' dir='ltr'>romano</span> <span class='ocrx_word' id='word_1_318' title='bbox 1462 3222 1688 3313; x_wconf 91' lang='lat' dir='ltr'>suspicionem</span> 
     </span>
     <span class='ocr_line' id='line_1_34' title="bbox 362 3326 1688 3418; baseline -0.002 -21"><span class='ocrx_word' id='word_1_319' title='bbox 362 3329 561 3397; x_wconf 83' lang='lat' dir='ltr'>rebellionis</span> <span class='ocrx_word' id='word_1_320' title='bbox 580 3350 649 3394; x_wconf 89' lang='lat' dir='ltr'>esse</span> <span class='ocrx_word' id='word_1_321' title='bbox 675 3329 829 3395; x_wconf 89' lang='lat' dir='ltr'>habitam</span> <span class='ocrx_word' id='word_1_322' title='bbox 848 3326 970 3417; x_wconf 77' lang='lat' dir='ltr'>(Cori.)</span> <span class='ocrx_word' id='word_1_323' title='bbox 987 3351 1027 3396; x_wconf 86' lang='lat' dir='ltr'>ac</span> <span class='ocrx_word' id='word_1_324' title='bbox 1052 3329 1197 3418; x_wconf 87' lang='lat' dir='ltr'>proinde</span> <span class='ocrx_word' id='word_1_325' title='bbox 1219 3331 1469 3396; x_wconf 86' lang='lat' dir='ltr'>accusationem</span> <span class='ocrx_word' id='word_1_326' title='bbox 1482 3329 1688 3417; x_wconf 81' lang='lat' dir='ltr'>synedrista-</span> 
     </span>
     <span class='ocr_line' id='line_1_35' title="bbox 362 3434 1689 3520; baseline -0.002 -17"><span class='ocrx_word' id='word_1_327' title='bbox 362 3458 438 3503; x_wconf 88' lang='lat' dir='ltr'>rum</span> <span class='ocrx_word' id='word_1_328' title='bbox 464 3436 583 3502; x_wconf 82' lang='lat' dir='ltr'>falsam</span> <span class='ocrx_word' id='word_1_329' title='bbox 606 3457 645 3502; x_wconf 87' lang='lat' dir='ltr'>ex</span> <span class='ocrx_word' id='word_1_330' title='bbox 665 3434 796 3501; x_wconf 90' lang='lat' dir='ltr'>invidia</span> <span class='ocrx_word' id='word_1_331' title='bbox 815 3442 848 3501; x_wconf 91' lang='lat' dir='ltr'>et</span> <span class='ocrx_word' id='word_1_332' title='bbox 869 3434 948 3501; x_wconf 92' lang='lat' dir='ltr'>odio</span> <span class='ocrx_word' id='word_1_333' title='bbox 974 3434 1098 3502; x_wconf 89' lang='lat' dir='ltr'>ducere</span> <span class='ocrx_word' id='word_1_334' title='bbox 1125 3436 1306 3520; x_wconf 82' lang='lat' dir='ltr'>originem.</span> <span class='ocrx_word' id='word_1_335' title='bbox 1335 3442 1419 3503; x_wconf 88' lang='lat' dir='ltr'>ltem</span> <span class='ocrx_word' id='word_1_336' title='bbox 1439 3436 1539 3503; x_wconf 91' lang='lat' dir='ltr'>aliter</span> <span class='ocrx_word' id='word_1_337' title='bbox 1558 3442 1631 3502; x_wconf 87' lang='lat' dir='ltr'>erat</span> <span class='ocrx_word' id='word_1_338' title='bbox 1644 3434 1689 3502; x_wconf 92' lang='lat' dir='ltr'>ad</span> 
     </span>
     <span class='ocr_line' id='line_1_36' title="bbox 362 3541 1688 3633; baseline -0.001 -24"><span class='ocrx_word' id='word_1_339' title='bbox 362 3541 596 3633; x_wconf 91' lang='lat' dir='ltr'>quaestionem</span> <span class='ocrx_word' id='word_1_340' title='bbox 616 3541 910 3630; x_wconf 85' lang='lat' dir='ltr'>respondendum,</span> <span class='ocrx_word' id='word_1_341' title='bbox 932 3541 960 3607; x_wconf 93' lang='lat' dir='ltr'>si</span> <span class='ocrx_word' id='word_1_342' title='bbox 974 3541 1104 3609; x_wconf 90' lang='lat' dir='ltr'>Pilatus</span> <span class='ocrx_word' id='word_1_343' title='bbox 1120 3565 1199 3609; x_wconf 91' lang='lat' dir='ltr'>eum</span> <span class='ocrx_word' id='word_1_344' title='bbox 1218 3548 1317 3632; x_wconf 87' lang='lat' dir='ltr'>putat</span> <span class='ocrx_word' id='word_1_345' title='bbox 1339 3544 1471 3629; x_wconf 85' lang='lat' dir='ltr'>regiam</span> <span class='ocrx_word' id='word_1_346' title='bbox 1486 3541 1688 3629; x_wconf 84' lang='lat' dir='ltr'>dignitatem</span> 
     </span>
     <span class='ocr_line' id='line_1_37' title="bbox 362 3647 1690 3739; baseline -0.001 -24"><span class='ocrx_word' id='word_1_347' title='bbox 362 3649 428 3716; x_wconf 93' lang='lat' dir='ltr'>sibi</span> <span class='ocrx_word' id='word_1_348' title='bbox 447 3647 679 3738; x_wconf 86' lang='lat' dir='ltr'>adscripsisse,</span> <span class='ocrx_word' id='word_1_349' title='bbox 709 3648 821 3730; x_wconf 85' lang='lat' dir='ltr'>aliter,</span> <span class='ocrx_word' id='word_1_350' title='bbox 844 3648 871 3714; x_wconf 93' lang='lat' dir='ltr'>si</span> <span class='ocrx_word' id='word_1_351' title='bbox 896 3647 931 3714; x_wconf 91' lang='lat' dir='ltr'>id</span> <span class='ocrx_word' id='word_1_352' title='bbox 955 3647 1068 3715; x_wconf 90' lang='lat' dir='ltr'>solum</span> <span class='ocrx_word' id='word_1_353' title='bbox 1092 3671 1132 3715; x_wconf 85' lang='lat' dir='ltr'>ex</span> <span class='ocrx_word' id='word_1_354' title='bbox 1154 3649 1368 3716; x_wconf 88' lang='lat' dir='ltr'>accusatione</span> <span class='ocrx_word' id='word_1_355' title='bbox 1387 3648 1583 3739; x_wconf 88' lang='lat' dir='ltr'>accepisset.</span> <span class='ocrx_word' id='word_1_356' title='bbox 1600 3653 1690 3716; x_wconf 90' lang='lat' dir='ltr'>lesus</span> 
     </span>
     <span class='ocr_line' id='line_1_38' title="bbox 363 3754 1689 3845; baseline -0.002 -22"><span class='ocrx_word' id='word_1_357' title='bbox 363 3756 481 3845; x_wconf 90' lang='lat' dir='ltr'>utique</span> <span class='ocrx_word' id='word_1_358' title='bbox 502 3755 586 3822; x_wconf 86' lang='lat' dir='ltr'>haec</span> <span class='ocrx_word' id='word_1_359' title='bbox 605 3756 717 3837; x_wconf 89' lang='lat' dir='ltr'>novit;</span> <span class='ocrx_word' id='word_1_360' title='bbox 741 3765 776 3822; x_wconf 86' lang='lat' dir='ltr'>at</span> <span class='ocrx_word' id='word_1_361' title='bbox 797 3754 947 3844; x_wconf 86' lang='lat' dir='ltr'>quaerit,</span> <span class='ocrx_word' id='word_1_362' title='bbox 973 3762 1010 3820; x_wconf 91' lang='lat' dir='ltr'>ut</span> <span class='ocrx_word' id='word_1_363' title='bbox 1034 3755 1159 3821; x_wconf 89' lang='lat' dir='ltr'>Pilatus</span> <span class='ocrx_word' id='word_1_364' title='bbox 1186 3754 1311 3823; x_wconf 89' lang='lat' dir='ltr'>babeat</span> <span class='ocrx_word' id='word_1_365' title='bbox 1332 3757 1625 3845; x_wconf 88' lang='lat' dir='ltr'>opportunitatem</span> <span class='ocrx_word' id='word_1_366' title='bbox 1647 3754 1689 3821; x_wconf 87' lang='lat' dir='ltr'>de</span> 
     </span>
     <span class='ocr_line' id='line_1_39' title="bbox 364 3860 1174 3930; baseline 0 -2"><span class='ocrx_word' id='word_1_367' title='bbox 364 3885 441 3930; x_wconf 87' lang='lat' dir='ltr'>vera</span> <span class='ocrx_word' id='word_1_368' title='bbox 454 3863 504 3929; x_wconf 88' lang='lat' dir='ltr'>rei</span> <span class='ocrx_word' id='word_1_369' title='bbox 523 3862 719 3929; x_wconf 89' lang='lat' dir='ltr'>conditione</span> <span class='ocrx_word' id='word_1_370' title='bbox 734 3862 799 3928; x_wconf 88' lang='lat' dir='ltr'>sibi</span> <span class='ocrx_word' id='word_1_371' title='bbox 810 3860 977 3928; x_wconf 92' lang='lat' dir='ltr'>reddendi</span> <span class='ocrx_word' id='word_1_372' title='bbox 996 3863 1174 3928; x_wconf 86' lang='lat' dir='ltr'>rationem.</span> 
     </span>
    </p>

    <p class='ocr_par' dir='ltr' id='par_1_7' title="bbox 361 3968 1691 5017">
     <span class='ocr_line' id='line_1_40' title="bbox 405 3968 1691 4059; baseline -0.002 -23"><span class='ocrx_word' id='word_1_373' title='bbox 405 3969 527 4037; x_wconf 76' lang='lat' dir='ltr'>Animo</span> <span class='ocrx_word' id='word_1_374' title='bbox 543 3968 676 4035; x_wconf 90' lang='lat' dir='ltr'>irritato</span> <span class='ocrx_word' id='word_1_375' title='bbox 692 3992 723 4036; x_wconf 90' lang='lat' dir='ltr'>v.</span> <span class='ocrx_word' id='word_1_376' title='bbox 739 3976 781 4036; x_wconf 81' lang='lat'>35</span> <span class='ocrx_word' id='word_1_377' title='bbox 798 3968 971 4059; x_wconf 82' lang='lat' dir='ltr'>respondit</span> <span class='ocrx_word' id='word_1_378' title='bbox 989 3968 1125 4034; x_wconf 81' lang='lat' dir='ltr'>Pilatus</span> <span class='ocrx_word' id='word_1_379' title='bbox 1141 3992 1154 4034; x_wconf 94' lang='lat'>.·</span> <span class='ocrx_word' id='word_1_380' title='bbox 1168 3969 1340 4059; x_wconf 79' lang='lat' dir='ltr'>nermquid</span> <span class='ocrx_word' id='word_1_381' title='bbox 1357 3991 1420 4057; x_wconf 77' lang='lat' dir='ltr'>eqo</span> <span class='ocrx_word' id='word_1_382' title='bbox 1433 3968 1691 4036; x_wconf 83' lang='lat' dir='ltr'>Iudaeussum?</span> 
     </span>
     <span class='ocr_line' id='line_1_41' title="bbox 361 4074 1686 4168; baseline -0.002 -24"><span class='ocrx_word' id='word_1_383' title='bbox 361 4080 420 4168; x_wconf 91' lang='lat' dir='ltr'>qui</span> <span class='ocrx_word' id='word_1_384' title='bbox 435 4078 506 4144; x_wconf 88' lang='lat' dir='ltr'>scil.</span> <span class='ocrx_word' id='word_1_385' title='bbox 522 4076 712 4164; x_wconf 90' lang='lat' dir='ltr'>quidquam</span> <span class='ocrx_word' id='word_1_386' title='bbox 732 4077 835 4148; x_wconf 86' lang='lat' dir='ltr'>sciam</span> <span class='ocrx_word' id='word_1_387' title='bbox 851 4074 894 4141; x_wconf 88' lang='lat' dir='ltr'>dc</span> <span class='ocrx_word' id='word_1_388' title='bbox 913 4097 992 4162; x_wconf 80' lang='lat' dir='ltr'>rege</span> <span class='ocrx_word' id='word_1_389' title='bbox 1008 4075 1228 4157; x_wconf 91' lang='lat' dir='ltr'>ludaeorum,</span> <span class='ocrx_word' id='word_1_390' title='bbox 1250 4078 1293 4144; x_wconf 89' lang='lat' dir='ltr'>de</span> <span class='ocrx_word' id='word_1_391' title='bbox 1310 4076 1443 4142; x_wconf 86' lang='lat' dir='ltr'>Christo</span> <span class='ocrx_word' id='word_1_392' title='bbox 1459 4075 1552 4165; x_wconf 79' lang='lat' dir='ltr'>(Luc.</span> <span class='ocrx_word' id='word_1_393' title='bbox 1574 4078 1686 4166; x_wconf 61' lang='lat'>233),</span> 
     </span>
     <span class='ocr_line' id='line_1_42' title="bbox 361 4180 1689 4274; baseline -0.002 -24"><span class='ocrx_word' id='word_1_394' title='bbox 361 4184 421 4274; x_wconf 90' lang='lat' dir='ltr'>qui</span> <span class='ocrx_word' id='word_1_395' title='bbox 442 4181 602 4273; x_wconf 91' lang='lat' dir='ltr'>populari</span> <span class='ocrx_word' id='word_1_396' title='bbox 621 4180 784 4271; x_wconf 92' lang='lat' dir='ltr'>opinione</span> <span class='ocrx_word' id='word_1_397' title='bbox 806 4187 969 4248; x_wconf 87' lang='lat' dir='ltr'>venturus</span> <span class='ocrx_word' id='word_1_398' title='bbox 984 4188 1214 4271; x_wconf 66' lang='lat' dir='ltr'>exspectatum</span> <span class='ocrx_word' id='word_1_399' title='bbox 1230 4182 1314 4249; x_wconf 88' lang='lat' dir='ltr'>haee</span> <span class='ocrx_word' id='word_1_400' title='bbox 1328 4182 1500 4249; x_wconf 88' lang='lat' dir='ltr'>accusatio</span> <span class='ocrx_word' id='word_1_401' title='bbox 1520 4188 1689 4250; x_wconf 87' lang='lat' dir='ltr'>contrata</span> 
     </span>
     <span class='ocr_line' id='line_1_43' title="bbox 361 4285 1690 4378; baseline -0.002 -22"><span class='ocrx_word' id='word_1_402' title='bbox 361 4291 451 4358; x_wconf 86' lang='lat' dir='ltr'>lacta</span> <span class='ocrx_word' id='word_1_403' title='bbox 463 4298 513 4357; x_wconf 90' lang='lat' dir='ltr'>est</span> <span class='ocrx_word' id='word_1_404' title='bbox 527 4313 547 4356; x_wconf 87' lang='lat' dir='ltr'>a</span> <span class='ocrx_word' id='word_1_405' title='bbox 563 4287 769 4378; x_wconf 92' lang='lat' dir='ltr'>primoribus</span> <span class='ocrx_word' id='word_1_406' title='bbox 784 4294 862 4355; x_wconf 90' lang='lat' dir='ltr'>tuae</span> <span class='ocrx_word' id='word_1_407' title='bbox 877 4289 989 4375; x_wconf 84' lang='lat' dir='ltr'>gentis</span> <span class='ocrx_word' id='word_1_408' title='bbox 1014 4311 1022 4356; x_wconf 91' lang='lat'>:</span> <span class='ocrx_word' id='word_1_409' title='bbox 1049 4312 1135 4378; x_wconf 75' lang='lat' dir='ltr'>qens</span> <span class='ocrx_word' id='word_1_410' title='bbox 1152 4301 1211 4354; x_wconf 79' lang='lat' dir='ltr'>tria</span> <span class='ocrx_word' id='word_1_411' title='bbox 1230 4301 1262 4354; x_wconf 82' lang='lat' dir='ltr'>et</span> <span class='ocrx_word' id='word_1_412' title='bbox 1277 4288 1457 4378; x_wconf 78' lang='lat' dir='ltr'>pontifices</span> <span class='ocrx_word' id='word_1_413' title='bbox 1473 4285 1690 4356; x_wconf 82' lang='lat' dir='ltr'>tradiderunt</span> 
     </span>
     <span class='ocr_line' id='line_1_44' title="bbox 364 4393 1691 4486; baseline -0.002 -22"><span class='ocrx_word' id='word_1_414' title='bbox 364 4410 395 4464; x_wconf 84' lang='lat' dir='ltr'>te</span> <span class='ocrx_word' id='word_1_415' title='bbox 414 4397 517 4482; x_wconf 72' lang='lat' dir='ltr'>milii,</span> <span class='ocrx_word' id='word_1_416' title='bbox 542 4393 629 4485; x_wconf 84' lang='lat' dir='ltr'>quid</span> <span class='ocrx_word' id='word_1_417' title='bbox 639 4393 779 4481; x_wconf 74' lang='lat' dir='ltr'>fecisti?</span> <span class='ocrx_word' id='word_1_418' title='bbox 802 4394 892 4461; x_wconf 90' lang='lat' dir='ltr'>unde</span> <span class='ocrx_word' id='word_1_419' title='bbox 911 4396 995 4462; x_wconf 88' lang='lat' dir='ltr'>haec</span> <span class='ocrx_word' id='word_1_420' title='bbox 1020 4397 1192 4463; x_wconf 87' lang='lat' dir='ltr'>accusatio</span> <span class='ocrx_word' id='word_1_421' title='bbox 1219 4403 1294 4462; x_wconf 90' lang='lat' dir='ltr'>orta</span> <span class='ocrx_word' id='word_1_422' title='bbox 1319 4399 1388 4462; x_wconf 84' lang='lat' dir='ltr'>est?</span> <span class='ocrx_word' id='word_1_423' title='bbox 1408 4396 1492 4486; x_wconf 93' lang='lat' dir='ltr'>quid</span> <span class='ocrx_word' id='word_1_424' title='bbox 1508 4397 1634 4478; x_wconf 82' lang='lat' dir='ltr'>fecisti,</span> <span class='ocrx_word' id='word_1_425' title='bbox 1652 4402 1691 4461; x_wconf 89' lang='lat' dir='ltr'>ut</span> 
     </span>
     <span class='ocr_line' id='line_1_45' title="bbox 361 4501 1690 4592; baseline -0.001 -22"><span class='ocrx_word' id='word_1_426' title='bbox 361 4504 411 4570; x_wconf 89' lang='lat' dir='ltr'>illi</span> <span class='ocrx_word' id='word_1_427' title='bbox 434 4504 585 4571; x_wconf 86' lang='lat' dir='ltr'>babeant</span> <span class='ocrx_word' id='word_1_428' title='bbox 607 4501 774 4569; x_wconf 90' lang='lat' dir='ltr'>rationem</span> <span class='ocrx_word' id='word_1_429' title='bbox 794 4508 826 4568; x_wconf 88' lang='lat' dir='ltr'>te</span> <span class='ocrx_word' id='word_1_430' title='bbox 848 4503 1051 4569; x_wconf 78' lang='lat' dir='ltr'>accusandi?</span> <span class='ocrx_word' id='word_1_431' title='bbox 1079 4507 1167 4570; x_wconf 89' lang='lat' dir='ltr'>lesus</span> <span class='ocrx_word' id='word_1_432' title='bbox 1180 4502 1281 4569; x_wconf 88' lang='lat' dir='ltr'>solvit</span> <span class='ocrx_word' id='word_1_433' title='bbox 1295 4503 1523 4592; x_wconf 89' lang='lat' dir='ltr'>suspicionem</span> <span class='ocrx_word' id='word_1_434' title='bbox 1544 4502 1631 4589; x_wconf 83' lang='lat' dir='ltr'>regii</span> <span class='ocrx_word' id='word_1_435' title='bbox 1646 4501 1690 4569; x_wconf 91' lang='lat' dir='ltr'>ti-</span> 
     </span>
     <span class='ocr_line' id='line_1_46' title="bbox 361 4606 1688 4698; baseline 0 -22"><span class='ocrx_word' id='word_1_436' title='bbox 361 4611 424 4677; x_wconf 93' lang='lat' dir='ltr'>tuli</span> <span class='ocrx_word' id='word_1_437' title='bbox 446 4609 593 4678; x_wconf 82' lang='lat' dir='ltr'>affectati</span> <span class='ocrx_word' id='word_1_438' title='bbox 618 4609 674 4698; x_wconf 77' lang='lat' dir='ltr'>(cl.</span> <span class='ocrx_word' id='word_1_439' title='bbox 698 4609 777 4676; x_wconf 79' lang='lat' dir='ltr'>Cirr.</span> <span class='ocrx_word' id='word_1_440' title='bbox 807 4606 968 4697; x_wconf 62' lang='lat' dir='ltr'>Theopbl</span> <span class='ocrx_word' id='word_1_441' title='bbox 991 4609 1039 4675; x_wconf 89' lang='lat' dir='ltr'>ita</span> <span class='ocrx_word' id='word_1_442' title='bbox 1061 4609 1288 4698; x_wconf 89' lang='lat' dir='ltr'>respondeus,</span> <span class='ocrx_word' id='word_1_443' title='bbox 1307 4617 1344 4676; x_wconf 88' lang='lat' dir='ltr'>ut</span> <span class='ocrx_word' id='word_1_444' title='bbox 1365 4609 1491 4676; x_wconf 90' lang='lat' dir='ltr'>Pilatus</span> <span class='ocrx_word' id='word_1_445' title='bbox 1505 4609 1619 4676; x_wconf 89' lang='lat' dir='ltr'>statim</span> <span class='ocrx_word' id='word_1_446' title='bbox 1633 4609 1688 4676; x_wconf 93' lang='lat' dir='ltr'>in-</span> 
     </span>
     <span class='ocr_line' id='line_1_47' title="bbox 362 4715 1690 4805; baseline 0 -21"><span class='ocrx_word' id='word_1_447' title='bbox 362 4716 495 4804; x_wconf 85' lang='lat' dir='ltr'>telligat</span> <span class='ocrx_word' id='word_1_448' title='bbox 510 4741 530 4784; x_wconf 87' lang='lat' dir='ltr'>a</span> <span class='ocrx_word' id='word_1_449' title='bbox 546 4717 606 4783; x_wconf 84' lang='lat' dir='ltr'>tali</span> <span class='ocrx_word' id='word_1_450' title='bbox 621 4737 701 4802; x_wconf 84' lang='lat' dir='ltr'>rege</span> <span class='ocrx_word' id='word_1_451' title='bbox 717 4737 855 4805; x_wconf 91' lang='lat' dir='ltr'>prorsus</span> <span class='ocrx_word' id='word_1_452' title='bbox 868 4715 956 4781; x_wconf 91' lang='lat' dir='ltr'>nibil</span> <span class='ocrx_word' id='word_1_453' title='bbox 971 4738 1042 4782; x_wconf 88' lang='lat' dir='ltr'>esse</span> <span class='ocrx_word' id='word_1_454' title='bbox 1064 4715 1270 4798; x_wconf 89' lang='lat' dir='ltr'>timendum,</span> <span class='ocrx_word' id='word_1_455' title='bbox 1290 4738 1368 4782; x_wconf 91' lang='lat' dir='ltr'>eum</span> <span class='ocrx_word' id='word_1_456' title='bbox 1386 4717 1524 4805; x_wconf 85' lang='lat' dir='ltr'>imperii</span> <span class='ocrx_word' id='word_1_457' title='bbox 1540 4717 1690 4784; x_wconf 86' lang='lat' dir='ltr'>Caesaris</span> 
     </span>
     <span class='ocr_line' id='line_1_48' title="bbox 363 4822 1691 4912; baseline 0.002 -23"><span class='ocrx_word' id='word_1_458' title='bbox 363 4825 495 4890; x_wconf 86' lang='lat' dir='ltr'>hostem</span> <span class='ocrx_word' id='word_1_459' title='bbox 512 4825 651 4890; x_wconf 90' lang='lat' dir='ltr'>minime</span> <span class='ocrx_word' id='word_1_460' title='bbox 663 4844 733 4891; x_wconf 89' lang='lat' dir='ltr'>esse</span> <span class='ocrx_word' id='word_1_461' title='bbox 749 4822 862 4910; x_wconf 74' lang='lat' dir='ltr'>(cyr.)</span> <span class='ocrx_word' id='word_1_462' title='bbox 882 4845 913 4888; x_wconf 90' lang='lat' dir='ltr'>v.</span> <span class='ocrx_word' id='word_1_463' title='bbox 932 4828 1127 4912; x_wconf 76' lang='lat' dir='ltr'>36reqnum</span> <span class='ocrx_word' id='word_1_464' title='bbox 1144 4844 1335 4891; x_wconf 77' lang='lat' dir='ltr'>rnerrmnon</span> <span class='ocrx_word' id='word_1_465' title='bbox 1349 4836 1398 4889; x_wconf 82' lang='lat' dir='ltr'>est</span> <span class='ocrx_word' id='word_1_466' title='bbox 1414 4824 1455 4888; x_wconf 88' lang='lat' dir='ltr'>de</span> <span class='ocrx_word' id='word_1_467' title='bbox 1469 4822 1691 4907; x_wconf 59' lang='lat' dir='ltr'>heautontim·</span> 
     </span>
     <span class='ocr_line' id='line_1_49' title="bbox 363 4929 1689 5017; baseline 0 -19"><span class='ocrx_word' id='word_1_468' title='bbox 363 4930 513 4999; x_wconf 88' lang='lat' dir='ltr'>altirmat</span> <span class='ocrx_word' id='word_1_469' title='bbox 526 4952 609 5017; x_wconf 84' lang='lat' dir='ltr'>ergo</span> <span class='ocrx_word' id='word_1_470' title='bbox 628 4953 662 4997; x_wconf 88' lang='lat' dir='ltr'>se</span> <span class='ocrx_word' id='word_1_471' title='bbox 686 4951 804 5016; x_wconf 86' lang='lat' dir='ltr'>regom</span> <span class='ocrx_word' id='word_1_472' title='bbox 820 4949 907 5008; x_wconf 71' lang='lat' dir='ltr'>esse,</span> <span class='ocrx_word' id='word_1_473' title='bbox 929 4934 964 4995; x_wconf 89' lang='lat' dir='ltr'>at</span> <span class='ocrx_word' id='word_1_474' title='bbox 986 4930 1089 4996; x_wconf 90' lang='lat' dir='ltr'>simul</span> <span class='ocrx_word' id='word_1_475' title='bbox 1111 4929 1230 4996; x_wconf 89' lang='lat' dir='ltr'>asserit</span> <span class='ocrx_word' id='word_1_476' title='bbox 1252 4951 1397 5016; x_wconf 83' lang='lat' dir='ltr'>regnum</span> <span class='ocrx_word' id='word_1_477' title='bbox 1419 4951 1520 4996; x_wconf 93' lang='lat' dir='ltr'>suum</span> <span class='ocrx_word' id='word_1_478' title='bbox 1533 4953 1603 4998; x_wconf 92' lang='lat' dir='ltr'>non</span> <span class='ocrx_word' id='word_1_479' title='bbox 1619 4952 1689 4998; x_wconf 87' lang='lat' dir='ltr'>esse</span> 
     </span>
    </p>
   </div>
   <div class='ocr_carea' id='block_1_6' title="bbox 0 0 2063 5648">
    <p class='ocr_par' dir='ltr' id='par_1_8' title="bbox 0 0 2063 5648">
     <span class='ocr_line' id='line_1_50' title="bbox 0 0 2063 5648; baseline 0 0"><span class='ocrx_word' id='word_1_480' title='bbox 0 0 2063 5648; x_wconf 95' lang='lat' dir='ltr'> </span> 
     </span>
    </p>
   </div>
  </div>
 </body>
</html>
