4116 5648
335 655 338 662 ’
418 666 508 721 ram,
524 643 704 714 confirmat
721 673 737 706 »
761 643 1015 733 (Cyntttque
1031 645 1081 714 ita
1094 646 1137 712 de
1153 646 1353 713 aeternitate
1372 643 1556 712 seeundum
1569 646 1734 730 divinita-

414 759 482 817 tem
499 770 663 837 personae
678 749 852 838 explicant
864 751 932 817 hoc
944 753 1140 819 membrum
1156 754 1382 819 communiter
1396 751 1451 842 (ct.
1468 749 1609 838 Tbeoph.
1628 753 1731 822 Eutl.

415 853 496 921 Bed.
522 860 608 951 Bup.
634 856 712 926 Alb.
742 857 858 925 Tbom.
884 859 970 923 Bon.
995 859 1070 928 Gai.
1095 860 1176 923 Bar.
1199 858 1282 945 Lep.
1307 859 1395 924 lans.
1417 857 1517 948 Sctq.
1544 858 1642 927 Selia.
1664 861 1731 929 Fil.

415 962 505 1030 Corl.
524 965 616 1045 Keil,
636 962 762 1046 Weiss,
779 963 892 1033 Godet
910 965 1005 1055 etc).
1025 964 1127 1033 Pauci
1143 962 1414 1052 interpretantur
1431 977 1549 1053 πρῶ-,ες
1569 965 1611 1031 de
1633 990 1732 1055 prae-

411 1072 534 1139 stantia
545 1071 675 1139 maiore
685 1069 810 1160 (Mald.
828 1069 898 1136 Tol.
911 1072 976 1156 Sa,
990 1068 1202 1153 Menoetius,
1221 1069 1377 1158 Tit·iaus);
1389 1092 1476 1160 quae
1486 1079 1734 1162 tamenaccep-

411 1176 458 1244 tio
473 1200 494 1244 a
511 1177 718 1268 proprietate
737 1176 899 1246 dictionis
910 1178 1060 1258 recedit,
1070 1198 1161 1265 quaa
1177 1178 1243 1243 hoc
1256 1177 1330 1243 loco
1343 1198 1382 1243 eo
1398 1175 1509 1243 miuus
1520 1179 1733 1266 negligenda

410 1291 476 1366 est,
497 1283 578 1373 quia
598 1283 685 1351 ratio
700 1282 868 1374 temporis
886 1285 986 1352 initio
1004 1282 1247 1351 enuntiationis
1266 1284 1487 1373 exprimitur;
1515 1306 1627 1375 neque
1653 1293 1731 1377 apte

410 1388 582 1458 dicoretur
601 1410 609 1457 :
631 1391 713 1479 quia
736 1391 968 1480 praestantior
990 1402 1079 1473 erat,
1107 1389 1167 1456 sed
1188 1389 1307 1456 debuit
1325 1389 1393 1456 dici
1411 1402 1479 1473 est‚·
1502 1390 1616 1481 inepte
1641 1395 1731 1459 enim

409 1501 614 1564 assereretur
633 1497 675 1564 de
690 1502 837 1565 venturo
860 1519 867 1566 :
890 1496 979 1565 mibi
990 1496 1165 1587 praelatus
1178 1502 1228 1563 est
1242 1497 1323 1584 quia
1336 1502 1459 1564 natura
1471 1504 1542 1564 erat
1557 1498 1731 1564 excellen-

408 1603 494 1685 tior;
512 1600 548 1668 id
562 1604 656 1691 quod
671 1603 848 1671 asertiore
861 1604 969 1685 valet,
986 1604 1015 1670 si
1028 1603 1129 1694 prior
1150 1624 1204 1669 me
1214 1624 1293 1669 cum
1311 1602 1380 1669 Tol.
1405 1603 1550 1671 refertur
1565 1604 1608 1670 ad
1630 1627 1730 1693 prae-

411 1710 556 1776 clariora
567 1710 702 1777 venturi
715 1710 875 1798 facinora
889 1715 925 1776 et
936 1708 1060 1778 officia.

447 1915 490 1972 Ex
512 1931 574 1991 quo
596 1913 781 1977 testimonio
797 1915 895 1976 simul
912 1914 1017 1976 elucet
1039 1915 1191 1975 loannem
1206 1914 1379 1993 baptistam
1400 1915 1586 1994 cognovisse
1610 1919 1730 1994 myste-

408 2009 493 2072 rium
519 2011 760 2074 iucarnationis.
788 2015 897 2092 Neque
922 2012 1095 2074 dicendum
1118 2018 1167 2080 est
1187 2030 1259 2073 cum
1285 2013 1400 2074 criticis
1426 2013 1615 2092 quibusdam
1639 2014 1734 2074 verba

407 2108 485 2170 baec
499 2126 564 2169 non
577 2127 595 2170 a
610 2109 748 2190 baptista
762 2127 831 2171 esse
846 2109 948 2184 dicta,
964 2109 1019 2171 sed
1031 2111 1070 2171 ab
1085 2109 1282 2190 evangelista
1297 2110 1325 2171 ei
1338 2110 1512 2188 adscripta,
1529 2115 1585 2171 aut
1596 2128 1732 2189 evange-

407 2205 512 2267 listam
527 2208 632 2268 verbis
651 2207 845 2288 quibusdam
863 2208 934 2269 eius
951 2208 1087 2269 formam
1103 2199 1295 2287 sensumque
1315 2207 1536 2269 sublimiorem
1556 2204 1730 2281 addidisse,
1805 2219 1808 2225 ’

407 2308 463 2364 aut
477 2321 531 2364 eos
544 2305 597 2382 qui
613 2304 775 2367 audierint
793 2306 964 2383 baptistam
978 2307 1075 2367 verba
1089 2323 1152 2367 non
1171 2306 1314 2385 potuisse
1330 2305 1515 2385 intelligere.
1534 2308 1572 2366 At
1586 2311 1731 2384 poterant

408 2403 596 2479 magistrum
610 2420 737 2483 rogare,
753 2407 788 2463 ut
805 2404 923 2464 clarius
941 2404 1128 2483 explicaret;
1146 2403 1207 2465 hoc
1222 2403 1333 2464 saltem
1353 2404 1532 2481 capiebant,
1548 2403 1638 2465 illum
1654 2422 1731 2464 ven-

407 2504 513 2559 turum
533 2500 626 2580 longe
648 2501 843 2580 praecellere
865 2518 940 2580 prae
962 2502 1089 2563 Ioanne.
1104 2503 1267 2563 Docentur
1285 2502 1387 2569 enirn,
1405 2504 1439 2560 ut
1462 2499 1533 2561 Ctr.
1552 2500 1655 2560 Ttom.
1673 2501 1731 2561 ad·

405 2602 543 2670 vertunt,
564 2599 607 2658 ita
621 2602 656 2658 ut
673 2600 779 2660 bonus
795 2600 947 2678 magister
965 2599 1080 2660 docere
1095 2599 1191 2672 solet,
1206 2599 1260 2676 qui
1279 2616 1341 2658 non
1359 2599 1466 2658 statim
1479 2598 1727 2676 profundissima

407 2695 505 2756 tradit
521 2695 704 2774 discipulis,
723 2695 781 2757 sad
802 2697 957 2775 paulatim
973 2714 1028 2758 eos
1048 2695 1088 2756 ad
1103 2696 1224 2757 maiora
1243 2695 1346 2768 ducit;
1364 2696 1407 2755 ita
1423 2696 1455 2755 hi
1478 2696 1628 2757 docentur
1644 2696 1728 2757 Chri·

385 2852 389 2860 ,
406 2798 491 2856 stum
501 2811 569 2855 esse
579 2795 847 2872 praestantiorem
858 2812 916 2855 suo
926 2794 1092 2874 magistro.
1107 2797 1173 2855 lloc
1183 2811 1258 2855 sane
1270 2794 1505 2859 intellexerunt:
1519 2811 1622 2871 neque
1632 2794 1729 2855 refert

405 2897 514 2952 utrum
529 2893 686 2953 rationem
699 2891 843 2953 additam
858 2893 953 2970 plane
962 2892 1185 2971 perspexerint
1198 2909 1314 2965 necne,
1331 2897 1472 2952 ceterum
1488 2892 1634 2952 llessiam
1649 2893 1729 2951 ensi-

403 2994 486 3050 stere
505 2990 590 3066 apud
605 2992 708 3051 Deum
728 2992 902 3069 antequam
917 2990 950 3050 in
971 2994 1055 3051 terra
1075 2993 1241 3068 appareat,
1258 2990 1391 3050 omnino
1407 2990 1543 3067 pertinet
1557 2990 1596 3049 ad
1612 2989 1729 3049 doctri-

404 3103 477 3146 nam
497 3087 723 3165 synagogalem
743 3084 793 3165 (cl.
809 3085 1011 3164 Ederabeim,
1024 3088 1119 3149 lesus
1138 3087 1192 3148 the
1213 3087 1349 3147 Messiah
1366 3087 1376 3146 l
1391 3104 1422 3164 p.
1441 3089 1496 3146 175
1512 3104 1590 3163 seq,
1614 3085 1728 3161 ll'eter,

404 3183 563 3263 Altsynag.
581 3183 690 3243 Tbeol.
709 3202 740 3261 p.
761 3185 822 3245 339
842 3183 935 3263 seql.
952 3185 1089 3245 loannes
1109 3190 1234 3256 autem,
1252 3185 1410 3245 maximus
1433 3185 1672 3262 prophetarum,
1692 3184 1729 3243 il-

405 3280 591 3341 lustratione
616 3281 725 3342 divina
744 3282 933 3360 cognovisse
956 3285 1100 3342 naturam
1124 3282 1257 3343 Messias
1280 3300 1318 3343 eo
1344 3282 1441 3360 magis
1468 3281 1643 3341 censendus
1666 3287 1729 3354 est,

404 3379 481 3457 quia
498 3384 610 3439 natura
633 3378 741 3439 divina
762 3379 894 3440 bessiae
915 3379 980 3439 iarn
1006 3379 1116 3454 1s.9‚6
1136 3380 1212 3440 satis
1232 3380 1408 3441 declaratur
1423 3386 1455 3440 et
1475 3380 1549 3457 quia
1565 3379 1626 3439 iam
1643 3385 1732 3457 pater

404 3476 474 3537 eius
490 3476 668 3550 Zacharias,
688 3476 820 3537 edoctus
838 3477 877 3537 ab
898 3476 1026 3555 angelo,
1044 3477 1221 3538 enuntiavit
1241 3495 1316 3537 eum
1337 3494 1578 3556 praecessurum
1597 3482 1668 3536 ante
1685 3476 1699 3535 t
1719 3511 1732 3520 -

403 3574 487 3634 ciem
505 3573 632 3634 Domini
656 3573 741 3655 (Luc.
757 3573 919 3655 tutis),
946 3591 1052 3635 nonne
1074 3575 1144 3655 ipse
1167 3574 1206 3635 de
1228 3593 1261 3634 se
1286 3575 1453 3653 explicavit
1477 3574 1553 3634 illud
1577 3575 1616 3633 ls.
1640 3575 1732 3644 40,3‘?

403 3671 539 3749 ideoque
554 3671 633 3731 dixit
647 3689 681 3732 se
695 3671 780 3731 viam
797 3689 908 3750 parare
927 3671 956 3731 ei
977 3672 1034 3751 qui
1048 3674 1132 3734 Deus
1152 3673 1194 3733 sit
1216 3671 1314 3751 (etv.
1332 3673 1393 3752 23).
1411 3707 1449 3715 -
1464 3672 1541 3733 Sunt
1558 3673 1613 3749 qui
1633 3670 1732 3751 {papo

403 3773 463 3826 σθεν
483 3768 522 3828 de
542 3773 686 3847 tempore
706 3767 870 3846 explicent
891 3786 899 3827 :
921 3768 978 3847 qui
994 3773 1066 3847 post
1081 3787 1133 3830 me
1149 3774 1306 3831 venturus
1322 3775 1384 3842 est,
1401 3774 1472 3830 ante
1488 3787 1538 3829 me
1559 3771 1732 3847 praecessit

404 3865 537 3945 (Weiss,·
558 3866 666 3926 etiam
687 3869 845 3928 Nonntts:
867 3871 971 3946 πρῶτος
990 3868 1063 3943 ἐμεῖο
1083 3865 1209 3946 pitinate,
1225 3867 1361 3940 ὀπίστερος
1380 3867 1452 3932 ὅστις
1470 3867 1574 3941 ἱκάνει),
1594 3867 1625 3926 id
1645 3868 1730 3943 quod

404 3964 443 4024 de
456 3963 556 4024 Verbo
570 3966 642 4023 ante
655 3965 914 4026 lncamationem
926 3965 1061 4042 eiusque
1075 3965 1107 4024 in
1120 3982 1223 4045 genus
1236 3965 1414 4026 humanum
1427 3969 1459 4025 et
1472 3964 1622 4042 populum
1636 3964 1731 4024 lsrael

404 4062 519 4140 agendi
532 4061 689 4122 rationem
704 4062 840 4141 intelligi
855 4068 976 4140 potest;
993 4063 1032 4123 el.
1052 4080 1082 4124 v.
1099 4065 1129 4125 9.
1146 4063 1207 4124 Sed
1223 4063 1332 4124 nescio
1348 4080 1425 4122 num
1438 4079 1500 4121 non
1516 4062 1594 4121 ratio
1610 4061 1733 4122 adiecta

405 4164 482 4219 tunc
496 4160 622 4237 frigeat;
638 4175 714 4219 nam
729 4160 755 4220 si
769 4164 864 4220 antea
882 4160 949 4221 iam
963 4161 1093 4238 agebat,
1111 4161 1223 4239 utique
1243 4161 1339 4221 etiam
1361 4164 1428 4220 erat
1451 4159 1537 4236 quod
1558 4176 1663 4236 perse
1683 4159 1732 4218 in·

405 4257 568 4334 telligitur,
584 4273 689 4334 neque
704 4256 784 4318 ratio
799 4257 927 4318 videtur
941 4256 1033 4317 valde
1048 4257 1160 4318 efficax
1175 4258 1243 4331 illa,
1258 4258 1331 4338 quia
1342 4263 1435 4318 antea
1448 4264 1529 4327 erat,
1547 4256 1618 4315 ideo
1634 4256 1730 4314 etiam

406 4359 479 4413 ante
491 4371 541 4413 me
558 4354 621 4414 iam
638 4370 731 4414 suam
745 4355 856 4433 generi
871 4354 1012 4415 humano
1025 4370 1122 4431 opem
1137 4359 1169 4413 et
1184 4353 1451 4414 illuminationem
1468 4352 1620 4429 praebuit.
1637 4352 1732 4411 Putat

406 4449 558 4511 Patritias
578 4469 610 4529 p.
628 4453 664 4512 tl
688 4450 769 4510 verti
789 4469 883 4530 posse
901 4471 908 4512 :
926 4453 997 4511 ante
1020 4467 1071 4510 me
1092 4457 1277 4510 natusest:
1298 4449 1503 4510 «testimonii
1525 4447 1589 4507 vim
1612 4449 1730 4508 senties

406 4550 432 4608 si
452 4547 637 4609 memineris
656 4548 815 4609 Christum
832 4554 947 4610 uatum
969 4564 1037 4609 esse
1053 4565 1108 4608 sex
1127 4548 1292 4608 mensibus
1308 4553 1379 4626 post
1395 4549 1554 4607 loannem.
1578 4545 1728 4604 Animad-

406 4651 492 4707 verte
508 4662 684 4706 connexum
701 4645 816 4706 inverti
833 4664 928 4725 posse
942 4646 1031 4707 nullo
1042 4645 1182 4705 veritatis
1199 4646 1308 4724 reique
1321 4663 1400 4724 quae
1416 4645 1587 4705 affirmatur·
1603 4643 1728 4722 dispeu-

407 4743 459 4803 dio
481 4747 535 4804 aut
552 4742 744 4804 detrimento
761 4767 789 4802 ».
807 4743 891 4814 Quae
917 4750 1024 4804 tamen
1046 4741 1196 4804 subtilius
1219 4744 1381 4814 dicuntur,
1399 4759 1500 4819 neque
1520 4743 1621 4816 rigato
1644 4739 1728 4799 idem

405 4841 488 4901 valet
500 4858 536 4902 ae
547 4841 641 4900 natus
655 4844 715 4901 est.
731 4841 764 4903 Si
780 4858 856 4903 vero
871 4840 1103 4920 intelligeretur
1118 4857 1125 4900 τ
1142 4845 1214 4902 ante
1234 4858 1286 4902 me
1305 4841 1437 4916 exstitit,
1454 4838 1624 4917 tautologia
1645 4839 1728 4898 into·

406 4937 546 4999 lerabilis
560 4938 745 4999 haberetur.
