4050 5648
41 612 133 747 12}
230 658 329 748 pater
354 663 527 731 mendacii
552 660 640 745 (Tot.
670 655 794 723 Theed.
818 659 866 726 M.
896 654 1039 747 Theopl.
1068 655 1172 723 Barth.
1204 658 1296 744 Auq.
1325 614 1412 749 liap.
1437 654 1552 724 Thom.

34 745 84 800 '‘⁵'‘
104 756 107 761 ’
229 768 314 836 Bon.
332 770 434 838 Barla.
455 765 530 836 Cui.
546 765 636 830 laras.
659 763 727 830 Tol.
747 763 854 833 Mald.
871 767 972 856 Saty.
991 760 1074 849 Fit.)
1096 763 1120 829 i.
1145 786 1177 832 e.
1196 763 1330 854 primus
1349 763 1507 831 inventor
1520 766 1554 828 et

227 883 346 944 auelor
371 869 558 943 mendacii.

264 1117 360 1176 Notat
371 1111 453 1190 Aua.
475 1130 481 1170 :
502 1136 517 1166 a
533 1130 598 1175 non
613 1111 718 1173 omnis
734 1112 788 1189 qui
804 1114 969 1180 mentitur,
986 1114 1076 1188 pater
1094 1109 1253 1174 mendacii
1268 1112 1317 1192 sui
1336 1114 1399 1180 est;
1417 1109 1443 1168 si
1466 1109 1555 1171 enim

225 1214 266 1276 ab
284 1210 348 1271 alio
362 1209 567 1272 mendacium
582 1208 737 1287 accepisti
751 1215 783 1270 et
798 1211 923 1281 dixisti,
941 1214 976 1268 tu
991 1210 1124 1287 quidem
1141 1209 1297 1269 mentitus
1313 1224 1348 1270 es
1363 1206 1554 1287 prolereudo

46 1364 88 1389 -.·..-
223 1306 446 1381 mendacium;
462 1309 519 1369 sed
543 1313 633 1387 pater
655 1306 757 1384 ipsius
780 1307 940 1370 mendacii
960 1324 1027 1368 non
1047 1325 1098 1379 es,
1119 1307 1195 1385 quia
1215 1305 1254 1366 ab
1279 1306 1380 1384 altero
1401 1304 1554 1384 accepisti

38 1392 81 1477 27.
222 1403 438 1466 mendacium.
455 1405 608 1467 Diabolus
623 1409 731 1466 autem
745 1424 762 1466 a
774 1423 808 1467 se
824 1407 894 1484 ipso
908 1403 1045 1466 mendax
1057 1403 1356 1476 luit,.meudacium
1371 1420 1468 1466 suum
1484 1401 1553 1482 ipse

23 1486 111 1591 ''223'‘
222 1502 348 1582 genuit,
365 1505 525 1565 anemiae
546 1496 668 1562 audivit
690 1523 720 1578 »;
742 1509 775 1565 et
797 1500 932 1584 Theoph.
949 1503 1150 1565 mendacium
1174 1500 1320 1562 nominat
1340 1502 1463 1580 prolem
1485 1499 1553 1562 dia-

26 1684 28 1689 .
54 1594 114 1685 §fg-1
157 1628 165 1649 .·
223 1600 287 1662 boli
315 1599 469 1686 (γέννημα).
497 1602 563 1661 lam
587 1606 727 1674 veteres,
749 1598 802 1661 or.
819 1597 894 1681 Cpr.
909 1600 990 1682 Aup.
1010 1600 1178 1661 advertunt
1198 1615 1237 1659 ex
1258 1598 1320 1660 hoc
1339 1597 1552 1677 loco'aliquos

28 1708 40 1775 ξ
55 1688 98 1759 35⁹<
111 1688 119 1764 ⁴,
195 1698 424 1765 :occasionem
436 1699 612 1776 arripuisse
623 1696 780 1760 inferendi
794 1714 977 1782 sermonem
992 1698 1032 1760 de
1046 1702 1137 1778 patre
1153 1694 1290 1771 diaboli;
1311 1719 1327 1751 a
1342 1696 1481 1758 hierem
1494 1693 1552 1757 de-

63 1784 98 1875 ff·
121 1801 136 1842 Γ
222 1797 380 1858 testahilis
406 1813 497 1858 error
518 1796 776 1858 Manichaeorum
799 1795 925 1858 invenit
945 1795 1050 1856 adhuc
1074 1812 1137 1873 qua
1160 1794 1319 1873 deciperet
1343 1793 1513 1873 imperitos
1536 1816 1551 1847 »

39 1880 72 1917 ‘¹'
223 1891 339 1975 (dap).
364 1894 415 1955 Uti
439 1891 515 1973 Cpr.
532 1893 680 1954 concedit
704 1899 736 1954 et
757 1909 807 1953 res
828 1893 1034 1972 grammatice
1056 1892 1150 1971 plana
1173 1897 1239 1965 est,
1257 1892 1356 1953 verba
1377 1892 1422 1953 uti
1448 1893 1553 1951 iacent

221 1997 352 2071 possent
373 1993 454 2052 bauo
477 1991 596 2051 babere
619 1992 786 2052 notionem
806 2008 813 2050 :
835 1991 904 2070 ipse
924 1989 1072 2051 diabolus
1091 1995 1140 2051 est
1154 1990 1269 2068 ψεύστης
1283 1992 1315 2050 et
1329 1994 1419 2069 pater
1433 1987 1553 2050 diaboli

221 2093 271 2150 est
286 2089 384 2150 etiam
403 2088 530 2168 ψεύστης.
547 2089 587 2148 At
606 2104 678 2148 eam
698 2087 889 2150 sententiam
909 2104 978 2149 esse
993 2087 1164 2148 absurdam
1185 2103 1290 2165 neque
1307 2085 1373 2147 ullo
1394 2086 1491 2147 modo
1512 2084 1552 2147 de

27 2166 56 2267 ft}
117 2191 143 2205 ·’
220 2181 310 2264 patre
335 2184 454 2246 diaboli
477 2184 509 2245 in
533 2203 559 2245 s.
580 2185 697 2246 litteris
719 2202 788 2246 esse
813 2201 997 2246 sermonem
1021 2179 1152 2246 evidens
1174 2189 1233 2245 est.
1250 2185 1336 2245 luter
1357 2183 1552 2245 recentiores

30 2268 45 2289 '⁴
219 2299 291 2344 eam
315 2281 560 2362 explicationem
579 2283 618 2343 de
640 2286 730 2361 patre
752 2281 872 2344 diaboli
895 2282 961 2361 (vos
986 2299 1024 2343 ex
1044 2287 1134 2361 patre
1155 2279 1277 2342 diaboli
1297 2281 1392 2354 estis,
1411 2286 1443 2342 et
1463 2285 1552 2359 pater

219 2379 290 2442 eius
311 2380 381 2440 scil.
399 2380 529 2459 diaboli]
552 2380 671 2441 recoxit
686 2377 894 2460 'Hilpenfeld‚
916 2379 1123 2459 hulpiae
1148 2385 1181 2441 et
1202 2380 1277 2440 inde
1298 2380 1433 2458 probare
1457 2375 1554 2439 audet

185 2466 188 2475 ’
218 2483 382 2539 auctorem
406 2478 563 2557 evangelii
589 2477 689 2538 luisse
710 2478 870 2539 erroribus
890 2479 1045 2557 gnosticis
1069 2477 1276 2556 implicitum.
1299 2477 1439 2538 Gnostici
1463 2476 1552 2537 enim

218 2575 353 2654 Ophitae
370 2576 577 2656 demiurgum
598 2564 744 2637 eldeum
765 2575 958 2637 ludaeorum
979 2575 1136 2637 iaciebant
1155 2581 1281 2656 patrem
1301 2575 1459 2654 serpentis
1474 2572 1551 2652 (Ire-

217 2691 329 2749 naeaa,
352 2672 440 2735 haer.
467 2674 592 2747 l‚30‚8;
614 2671 833 2756 Epiphanius,
853 2674 942 2735 haer.
961 2673 1055 2754 38‚l).
1072 2674 1284 2736 Valentiniani
1298 2690 1427 2754 quoque
1444 2672 1553 2733 diabo-

175 2763 177 2767 ’
218 2770 287 2831 lum
313 2763 423 2832 dicunt
451 2788 522 2832 esse
543 2770 644 2847 κτίσμα
672 2779 718 2831 τοῦ
745 2773 918 2851 δημιουργοῦ.
944 2772 1087 2833 Eandem
1117 2771 1365 2851 explicationem
1387 2769 1552 2849 adoptavit

225 2866 380 2943 Vollmer,
398 2873 432 2929 ut
452 2868 616 2947 evangelia
636 2868 768 2929 interret
789 2868 994 2930 calumniam.
1013 2870 1130 2930 Verum
1149 2868 1210 2948 ipsi
1233 2867 1401 2929 acatholici
1422 2885 1494 2929 eam
1516 2871 1552 2929 ut

31 3003 51 3039 ;,-
217 2984 238 3027 a
252 2983 278 3026 s.
292 2966 406 3027 litteris
420 2965 652 3027 alienissimam
667 2965 716 3044 (cl.
742 2965 846 3044 Weiss)
861 2971 894 3026 et
910 2967 1070 3028 contextui
1086 2983 1122 3028 ac
1137 2965 1245 3027 sensui
1261 2965 1353 3045 plane
1371 2982 1550 3045 repugnan-

109 3083 114 3092 ·
142 3143 145 3146 ,
217 3067 285 3127 tem
300 3061 394 3144 (Keil)
410 3064 593 3142 repudiant.
613 3065 690 3125 liam
707 3060 791 3124 Cart.
809 3081 941 3143 quoque
956 3063 1103 3143 pluribus
1124 3061 1283 3143 explodit.

262 3311 399 3378 uuobus
416 3310 549 3378 indoles
568 3310 700 3378 diaboli
715 3317 765 3378 est
787 3311 956 3401 descripta
978 3334 987 3380 ε
1006 3311 1194 3379 homicidio
1213 3318 1248 3378 et
1263 3312 1455 3379 mendacio.
1480 3315 1550 3379 lluo

215 3417 301 3484 haec
316 3417 431 3484 ludaei
451 3439 588 3506 quoque
607 3418 694 3484 inse
713 3416 903 3484 imitatione
919 3419 1114 3508 exprimunt
1125 3417 1150 3485 i.
1167 3440 1197 3485 e.
1221 3416 1391 3485 desideria
1406 3417 1547 3498 diaboli,

213 3523 391 3613 patrissui
412 3522 554 3589 iaciunt.
579 3521 665 3589 lllud
688 3523 760 3590 iam
781 3546 812 3589 v.
840 3529 882 3589 37
902 3525 1094 3614 expositum
1117 3529 1182 3604 est3
1207 3523 1272 3590 hoo
1296 3524 1346 3591 eis
1367 3524 1551 3614 exprobrat

213 3634 305 3697 lesus
318 3629 355 3695 in
368 3651 401 3694 v.
425 3634 467 3694 te
482 3651 546 3717 eqo
559 3640 676 3697 autem
689 3629 721 3695 si
734 3629 916 3698 veritatem
938 3628 1028 3708 dico,
1050 3652 1119 3697 non
1139 3628 1281 3697 creditis
1301 3630 1390 3697 miti
1403 3630 1551 3721 drapalia

213 3756 279 3823 ego
294 3745 348 3819 τὴν
369 3738 513 3817 ἀλήθειαν
530 3736 666 3825 loquor,
680 3758 740 3803 vos
751 3758 822 3802 nou
836 3736 989 3817 creditis;
1007 3738 1056 3803 ita
1067 3736 1159 3803 enim
1173 3736 1328 3804 indolem
1341 3735 1549 3805 diabolicam

212 3841 301 3909 inse
324 3842 477 3908 reierunt
502 3863 580 3908 cum
605 3842 683 3910 ideo
700 3865 771 3910 non
789 3842 931 3910 credant
951 3844 999 3924 ei,
1024 3842 1107 3931 quia
1127 3843 1305 3910 veritatem
1325 3842 1427 3922 dioit;
1446 3848 1541 3911 tanto

211 3949 285 4016 scil.
306 3970 424 4015 amore
448 3948 620 4015 mendacii
643 3950 734 4038 capti
751 3956 832 4016 sunt
860 3971 868 4016 :
893 3976 910 4012 u
933 3947 1020 4015 nibil
1043 3950 1134 4016 enim
1152 3949 1248 4017 aliud
1272 3949 1308 4015 ia
1331 3972 1386 4016 me
1409 3946 1549 4039 potestis

212 4076 359 4142 arguere
372 4054 437 4120 nisi
452 4054 561 4121 solam
575 4053 772 4136 veritatem,
791 4060 826 4121 et
839 4054 922 4121 hinc
943 4061 993 4122 est
1010 4054 1073 4122 illa
1085 4061 1196 4123 vestra
1211 4063 1329 4123 contra
1345 4078 1401 4122 me
1416 4054 1545 4136 rabies,

214 4161 297 4250 quia
310 4161 371 4226 lilii
387 4160 495 4250 patris
515 4159 684 4227 mendacii
703 4161 813 4226 estis»
831 4159 1029 4251 (Theoph.);
1050 4191 1065 4224 «
1084 4184 1164 4229 nam
1176 4163 1205 4230 si
1217 4161 1436 4229 mendacium
1455 4160 1548 4229 dice·

216 4289 304 4349 rem,
325 4267 509 4334 crederetis
532 4266 652 4356 utique
672 4267 757 4333 mihi
773 4274 951 4356 tamquam
970 4267 1008 4334 id
1031 4268 1160 4335 dicenti
1175 4269 1271 4358 quod
1295 4268 1475 4359 proprium
1497 4274 1548 4336 est

216 4376 322 4462 patris
341 4375 444 4441 vestri
468 4402 483 4432 a
506 4372 659 4463 (Eutla.);
681 4376 771 4463 detq.
798 4396 935 4464 quoque
952 4382 987 4442 et
1008 4373 1140 4442 codices
1164 4375 1257 4461 vulg.
1279 4375 1448 4465 praebent
1463 4375 1547 4465 quia

214 4481 391 4548 veritatem
408 4481 503 4560 dico,
523 4479 571 4545 uti
593 4479 696 4545 otiam
712 4479 834 4567 legunt
854 4484 941 4571 liup.
963 4484 1048 4547 Bon.
1073 4481 1164 4547 lana.
1185 4480 1295 4547 Mutat.
1312 4488 1347 4549 et
1365 4482 1412 4547 ita
1426 4480 1547 4569 legiin

215 4586 368 4674 antiquis
381 4587 497 4654 latinis
512 4588 615 4654 etiam
640 4590 765 4652 notant
776 4586 975 4671 Salmaron,
998 4591 1107 4653 Laecae
1131 4589 1229 4677 bruy.
1254 4589 1324 4654 Tol.
1344 4587 1485 4677 aliique.
1509 4595 1547 4656 Et

215 4690 256 4758 ad
273 4713 410 4758 sensum
430 4694 533 4760 huius
556 4693 641 4784 quia
662 4691 808 4759 advertit
832 4698 918 4785 Καρ.
947 4717 958 4761 .·
985 4722 1001 4755 «
1022 4692 1104 4782 quid
1129 4694 1193 4760 isto
1209 4695 1442 4784 perversius...
1461 4696 1545 4785 quid

215 4797 327 4885 magis
345 4796 526 4885 obliquum
543 4806 603 4866 aut
621 4807 851 4867 transversum
866 4822 971 4889 quam
987 4821 1054 4867 non
1069 4798 1209 4867 credere
1221 4802 1384 4888 cuiquam
1399 4802 1541 4891 eoquod

214 4907 392 4972 veritatem
409 4902 500 4969 dicat
517 4909 556 4970 »l
577 4910 616 4972 at
641 4906 751 4992 magis
769 4926 827 4971 eos
840 4914 960 4995 urget,
985 4928 1152 4997 quaerens
1169 4928 1208 4974 ex
1222 4906 1270 4972 eis
1284 4907 1477 4975 audeautne
1493 4909 1544 4976 ai-
